4084 6275
284 363 338 423 tac
998 361 1159 438 nanrssn

202 515 269 563 earn
284 497 466 579 impleverit:
483 513 553 562 nam
566 513 648 567 cum,
671 500 748 560 teste
760 497 862 574 Paulo,
878 496 974 579 ligura
989 501 1055 565 tue·
1096 495 1248 576 ponebat.
1256 493 1576 575 inconsumptibilem
1601 493 1709 558 cibum
1732 494 1889 576 1111911111
1907 509 1971 574 ap·

200 584 250 654 rit,
267 584 374 646 debuit
389 577 709 657 necessarioimplcrl.
1051 624 1053 627 -
1096 582 1192 659 punit
1212 580 1393 658 discipulis.

240 665 484 729 bicantiortasse
501 663 654 742 impletam
669 678 736 724 eam
752 661 879 742 ligurem
895 663 1052 737 abhrista,
1139 663 1319 727 Ambrosius
1334 665 1365 725 in
1381 679 1449 737 cap.
1466 663 1496 723 l.
1511 660 1623 723 Lucae:
1655 659 1805 736 Quando,
1833 659 1937 738 inorrit
1956 705 1967 727 ,

198 748 381 828 velquando
394 747 460 827 ipse
473 744 664 808 manducavit
678 761 789 822 agnum
805 747 992 824 paschalem,
1005 750 1053 811 vel
1097 746 1334 821 sacrificamus,
1354 747 1496 808 Christus
1510 743 1611 806 adest.
1641 741 1781 806 clarium
1809 743 1969 805 imrnaio·

198 833 281 894 certe
296 830 418 908 quanda
433 829 489 891 luit
504 828 743 890 crucifixusznec
758 829 840 890 enim
851 829 933 892 aliud
948 846 1055 895 occur·
1098 832 1163 901 tuta
1175 831 1293 890 etenim
1305 829 1430 908 pascha
1442 834 1592 890 nostmtm
1604 827 1792 889 immolatus
1807 833 1854 887 est
1871 826 1966 888 Chri

197 915 247 987 rit,
263 914 344 993 quod
357 912 562 974 verisimiliter
580 910 642 972 dici
657 910 766 986 possit.
1099 917 1180 972 atne.
1670 931 1673 935 ’

239 997 275 1057 ht
289 995 364 1058 illud
381 995 525 1068 Primum,
541 994 623 1056 nnita
640 993 756 1054 ratione
777 992 961 1057 detenditur.
976 995 1053 1060 lium
1138 992 1518 1072 Gregoriusnaciancenus
1531 994 1607 1052 orat.
1623 990 1655 1053 2.
1671 989 1710 1052 de
1725 992 1851 1066 pascha.
1869 1006 1968 1068 expo·

196 1078 280 1140 enirn
296 1079 444 1142 Dominus
459 1091 571 1156 agnum
586 1076 764 1154 paschalem,
785 1077 988 1150 manducavit,
1009 1082 1053 1141 te·
1097 1091 1177 1136 nens
1191 1077 1400 1140 caeremonias
1411 1075 1481 1154 agni
1498 1074 1663 1152 paschalis.
1692 1073 1766 1134 dicit
1789 1074 1968 1152 imperasse

195 1176 267 1240 x(pern
282 1161 463 1231 observavit,
480 1160 561 1236 quod
576 1173 700 1237 semper
714 1158 934 1236 iaciebatdum
949 1161 979 1221 in
993 1169 1052 1224 ter·
1098 1158 1204 1232 baum,
1221 1163 1255 1220 ut
1268 1160 1305 1222 ad
1331 1173 1488 1237 vesperam
1517 1171 1615 1234 agnus
1639 1155 1859 1239 immolaretur,
1891 1157 1968 1236 qnia

198 1242 377 1317 risviverct,
395 1259 455 1304 nun
470 1241 597 1320 liguram
612 1241 760 1318 implevit.
773 1241 931 1321 Siquidem
946 1242 1054 1323 impie·
1098 1240 1238 1304 Christus
1257 1243 1294 1303 ad
1323 1246 1480 1319 vesperam
1502 1245 1725 1302 sacramentum
1748 1240 1888 1318 carparis
1916 1240 1967 1301 sui

198 1324 383 1405 religarem,
401 1337 461 1387 non
477 1332 524 1386 est
535 1323 610 1385 illud
622 1324 821 1401 ipsnmpuort
837 1325 885 1386 len
901 1328 1050 1402 praescri·
1100 1322 1262 1402 discipulis
1275 1324 1407 1387 tradidit.

194 1407 241 1472 bit
255 1408 414 1488 ageresed
432 1407 545 1486 aliquid
560 1406 642 1468 aliud
658 1405 685 1467 ei
701 1405 888 1468 substituere
899 1409 1053 1472 111111111-
1138 1405 1326 1469 Gaudentius
1338 1412 1422 1468 tract.
1438 1407 1471 1467 2.
1493 1405 1523 1466 11
1539 1403 1687 1477 bradam,
1704 1411 1796 1466 totam
1824 1404 1966 1466 celebra-

195 1489 267 1566 tius,
284 1491 321 1552 ad
335 1491 416 1569 quud
432 1487 666 1567 significandum
681 1487 776 1567 ligura
804 1489 855 1550 illa
873 1505 1051 1567 praecesse·
1098 1485 1213 1550 tionem
1229 1490 1299 1566 apri
1320 1488 1360 1551 dc
1376 1488 1562 1550 Eucharistin
1589 1485 1724 1565 exponit:
1750 1487 1791 1550 ln
1815 1486 1963 1558 runbra,

194 1569 1053 1654 rit3quemadmodnmhguramcircumcisionisnonirn-
1097 1568 1312 1648 inpuit,illius
1327 1572 1441 1651 lepoiis
1462 1571 1625 1650 paschae.
1648 1585 1718 1632 non
1742 1584 1830 1632 unrta
1849 1585 1965 1646 annus
2036 1618 2037 1627 ,

193 1657 288 1733 plevit
302 1666 371 1717 curn
386 1654 653 1717 circumcisionem
669 1654 799 1732 aceepit,
829 1655 885 1716 scd
910 1672 980 1717 curn
997 1657 1054 1718 Ba·
1096 1653 1313 1721 occidebatur.
1338 1657 1397 1717 sed
1415 1654 1535 1733 piures.
1567 1652 1698 1731 Simpuli
1724 1653 1814 1714 enim
1833 1654 1962 1714 occide·

192 1743 338 1815 ptismum
354 1736 382 1799 el
397 1736 564 1799 substituit.
581 1734 805 1800 llndeaPaulo
820 1735 982 1800 Colossi.
999 1740 1054 1801 Ba·
1097 1734 1285 1815 banturper
1305 1738 1428 1808 domos,
1440 1754 1521 1798 nom
1533 1735 1680 1814 sufficere
1702 1750 1790 1797 unus
1817 1749 1886 1796 non
1899 1751 1962 1812 po-

192 1822 324 1898 ptismus
351 1825 475 1882 vocatur
500 1817 695 1882 circumcisio
721 1817 832 1882 christi
862 1835 924 1882 non
947 1837 1055 1884 manu·
1094 1824 1178 1880 terat
1197 1821 1369 1897 uniuersis.
1387 1820 1422 1881 lit
1437 1821 1524 1880 intra:
1541 1818 1632 1880 ldcm
1656 1833 1716 1894 per
1738 1818 1885 1896 empulae
1908 1833 1958 1879 cc·

191 1903 281 1966 iacta.
1095 1902 1270 1964 etesiarum
1283 1903 1443 1965 demusin
1461 1901 1615 1983 mysterio
1629 1901 1728 1975 nanu
1752 1901 1960 1976 etcinirefr'·

230 1987 310 2048 ltlud
326 1989 425 2047 autom
442 1983 570 2048 altarum
600 1984 639 2046 de
654 1983 799 2062 passione
829 1984 974 2061 Domini,
1007 1993 1055 2050 est
1097 1985 1140 2046 cit
1153 1986 1352 2051 immolabis.
1366 1985 1513 2063 vivificat
1540 1984 1709 2056 creditus‚·
1736 1988 1966 2045 comecronns

190 2070 313 2146 cuidem
329 2068 515 2147 aliquid,sed
532 2083 592 2128 non
608 2065 771 2146 ejusmodi,
789 2073 821 2129 ut
834 2069 1052 2132 subiciatllam
1096 2068 1285 2145 sanctificat
1296 2074 1513 2141 consecratus,
1531 2067 1611 2128 hoec
1622 2066 1703 2145 apid
1714 2081 1801 2141 caro,
1818 2065 1870 2127 hie
1883 2081 1965 2127 san·

190 2149 1053 2232 immolatioagnipaschalispatestouidemdiclllgnra
1094 2150 1246 2229 91111111.
1288 2188 1291 2192 -
1369 2197 1374 2203 .
1713 2182 1718 2192 .

191 2235 345 2312 passionis
360 2231 483 2294 christi.
500 2231 572 2294 Nam
587 2233 615 2293 si
630 2249 729 2312 agnus
743 2232 797 2294 ille
815 2232 913 2314 ligura
930 2242 977 2297 cst
992 2237 1052 2298 En-
1137 2231 1341 2314 Hieronymus
1357 2233 1388 2294 in
1400 2249 1469 2312 cap.
1484 2230 1831 2311 auttatthuoatquom.
1848 2231 1960 2309 inquit,

190 2316 365 2388 charistiae,
383 2321 414 2376 ct
428 2314 630 2386 Eucharistia„
648 2322 696 2377 cst
723 2319 969 2391 repraesentatio
985 2337 1054 2396 pas·
1101 2316 1248 2396 typicum
1260 2316 1386 2394 pascha
1399 2316 1506 2393 brerae
1518 2313 1697 2394 impletum,
1711 2322 1740 2375 et
1752 2313 1832 2391 apni
1844 2328 1964 2376 carmes

189 2399 300 2471 sionis,
318 2401 387 2475 quis
404 2403 494 2477 neget
510 2399 600 2459 etiam
616 2415 727 2478 agnum
743 2398 841 2468 illum,
864 2399 959 2462 luisse
974 2402 1051 2481 ligu-
1099 2413 1175 2460 cum
1196 2398 1348 2477 apostatis
1363 2399 1557 2461 comederat:
1582 2398 1717 2458 1111111111
1735 2411 1879 2474 ponent„
1902 2399 1963 2474 ptri

191 2488 302 2543 ramet
317 2481 628 2560 repraesentationem
659 2481 831 2558 passionis?
852 2481 1051 2554 Quareloan.
1097 2478 1960 2558 confortatcorbominisctodoerumpcscbactrans·

190 2564 240 2625 19.
257 2563 396 2625 videmus
422 2563 640 2641 evangelistam
669 2563 799 2626 reddere
827 2581 978 2640 caussam,
995 2585 1052 2630 cur
1097 2563 1246 2643 preditlrr
1264 2570 1517 2627 sacramentum.

186 2663 248 2708 non
262 2645 500 2720 lueruntiihristi
514 2662 600 2708 crura
614 2646 643 2706 in
657 2647 800 2725 passione
815 2647 1053 2728 contrectandis
1135 2646 1272 2709 loannes
1287 2648 1517 2726 chrysostomos
1533 2644 1653 2705 hamil-
1668 2644 1707 2706 de
1721 2643 1894 2724 proditione
1907 2643 1962 2705 lu·

187 2730 336 2806 scriptum
352 2734 399 2790 cst
413 2729 451 2790 dc
464 2745 543 2808 agac
559 2730 707 2806 paschali:
722 2730 759 2791 Oa
773 2745 842 2792 nun
853 2733 1051 2796 comminue·
1096 2728 1166 2803 dae,
1182 2737 1256 2792 tam.
1272 2730 1303 2792 3.
1319 2731 1447 2809 tuipsa
1475 2744 1589 2790 menso
1605 2773 1613 2798 ,
1637 2727 1756 2804 inquit,
1782 2733 1963 2806 utrumque

189 2812 230 2874 tis
246 2828 289 2874 em
304 2818 464 2887 eo,·tamcn
480 2811 577 2890 magis
592 2811 768 2874 immediate
797 2818 828 2874 et
844 2812 1054 2893 principaliter
1094 2811 1231 2892 peseto.
1248 2819 1277 2875 ct
1290 2812 1371 2893 typi.
1389 2820 1418 2875 ct
1436 2811 1580 2874 ucritotis
1608 2809 1804 2872 celebratum
1831 2816 1889 2871 est.
1920 2809 1959 2870 tn

188 2895 380 2956 caeremonia
393 2894 465 2972 agni
479 2893 634 2971 paschalis
648 2893 745 2972 llgura
760 2893 815 2955 lull
830 2895 1049 2968 llucbaristiac,
1095 2895 1186 2956 inira:
1203 2895 1280 2958 Fuit
1290 2895 1425 2975 quidem
1435 2894 1618 2973 aliquando
1636 2891 1761 2970 pmcne
1769 2892 1959 2968 judaicum.

188 2992 279 3054 quam
297 2977 463 3052 passionis,
479 2983 510 3035 nt
528 2981 610 3052 potet
638 2990 675 3038 er
690 2977 931 3040 circumstantiis
959 2983 1052 3058 paulo
1094 2977 1153 3039 scd
1166 2984 1352 3056 cacemptum
1365 2985 1395 3040 et
1407 2975 1657 3040 coacuatur'nest
1670 2973 1795 3052 pascha
1804 2976 1962 3054 spiritua·

191 3067 262 3119 ante
278 3059 450 3136 explicatis.
467 3057 571 3120 Passio
588 3057 670 3119 enim
699 3074 761 3119 non
787 3060 894 3120 incidit
922 3061 952 3122 in
968 3063 1050 3124 diurn
1096 3061 1136 3122 111
1150 3061 1303 3130 aduentu,
1321 3062 1410 3141 quod
1439 3059 1582 3122 Chrbtus
1608 3059 1754 3120 tradidit.
1782 3057 1863 3120 Nam
1885 3073 1965 3120 cum

193 3142 243 3203 11.
256 3157 314 3203 nee
329 3142 359 3211 in
376 3156 547 3218 vesperam,
580 3143 634 3202 sed
651 3140 681 3201 in
697 3142 927 3207 meridiemdiei
944 3145 1051 3209 lidic-
1094 3146 1336 3207 manducarent
1363 3150 1392 3206 et
1405 3144 1558 3216 biberent,
1572 3141 1836 3219 accepitpancm,
1854 3147 1884 3202 u
1896 3144 1961 3217 [rc-

191 3240 252 3301 pne
264 3222 319 3292 init
334 3223 473 3286 Christus
488 3221 651 3285 crucilirus
666 3224 697 3284 in
713 3226 891 3287 memoriam
908 3231 1051 3293 transitus
1094 3228 1151 3304 pit,
1168 3232 1199 3290 et
1209 3228 1310 3290 dimit:
1324 3228 1390 3289 liloc
1400 3233 1447 3291 est
1461 3241 1578 3304 corpus
1591 3240 1701 3286 meum
1720 3229 1780 3285 etc.
1797 3222 1833 3283 Et
1847 3224 1958 3285 homil.

188 3305 332 3384 alicujus,
349 3312 400 3367 aut
413 3305 614 3367 liberationis.
637 3305 741 3386 Neque
756 3308 993 3388 crucifigebatur
1018 3320 1051 3374 ut
1095 3309 1147 3372 83.
1160 3310 1191 3369 in
1208 3310 1312 3371 llatth.
1330 3310 1368 3371 de
1383 3310 1575 3372 institutione
1590 3306 1772 3367 sacramenti
1797 3307 1932 3381 loquens
1950 3326 1959 3366 ε

191 3390 437 3459 manducaretur,
453 3403 513 3451 nec
527 3388 583 3450 luit
597 3389 679 3450 ullus
709 3396 781 3451 tune
797 3436 806 3465 ,
837 3392 889 3471 qui
918 3408 989 3455 eum
1005 3396 1051 3457 sic
1098 3392 1279 3458 Veritatem.
1295 3392 1539 3473 inquitiipurac
1553 3386 1761 3468 adjacuitdlt
1774 3389 1960 3467 paulopost:

193 3471 382 3533 immolatum
412 3470 653 3533 manducaverit.
682 3470 789 3551 Neque
814 3472 845 3533 in
872 3476 985 3549 domo,
1003 3485 1054 3539 aut
1099 3474 1630 3557 811191111111111111111111111,
1645 3472 1746 3534 multa
1759 3472 1863 3550 mapis
1876 3474 1960 3535 ucri·

192 3553 396 3626 Hierusalem,
420 3553 475 3615 sed
502 3558 585 3615 extra
608 3561 724 3632 portam
750 3556 780 3617 in
810 3565 916 3635 aperto
945 3573 1055 3639 campo
1098 3558 1447 3622 toaorbcmterrorum
1459 3554 1649 3620 eradicabit.
1771 3575 1775 3589 ·

193 3636 369 3697 immolatus
392 3635 459 3697 luit.
485 3636 626 3715 Denique
655 3652 718 3699 non
739 3638 839 3701 solum
869 3639 1009 3717 baptizati
1027 3649 1058 3705 ct
1140 3640 1326 3720 Augustinus
1340 3642 1393 3703 lib.
1411 3642 1442 3702 2.
1464 3645 1569 3701 contra
1590 3638 1692 3700 literas
1708 3635 1908 3699 retituet.
1925 3640 1961 3698 l·

98 3763 101 3770 .
189 3718 308 3793 mundi,
322 3718 484 3780 sedetiam
498 3718 548 3779 alii
565 3726 695 3797 possunt
708 3737 744 3783 ac
757 3720 873 3785 debent
887 3722 1052 3801 Christum,
1098 3723 1181 3794 lind,
1197 3724 1355 3801 inquitcst
1366 3722 1490 3803 pascha
1504 3720 1652 3803 quodibi
1662 3721 1702 3782 de
1716 3734 1772 3781 oue
1784 3720 1960 3794 celebrant,

195 3802 271 3863 utin
287 3810 379 3863 cruce
394 3800 596 3874 immolatum,
627 3801 688 3863 lde
702 3804 901 3867 manducare:
931 3805 1056 3871 1111111-
1103 3806 1364 3886 aliudqucdnos
1393 3808 1578 3885 incorpore
1598 3808 1628 3866 et
1654 3803 1818 3882 sanpuine
1830 3802 1962 3867 bantini

197 3882 431 3962 nimpraeccdit
446 3891 477 3946 ct
489 3884 677 3963 baptismum
694 3891 725 3947 et
736 3886 999 3966 justificationem.
1099 3890 1290 3968 accipimus.

222 3966 381 4029 ,1111111111
392 3981 475 4028 nana
489 3976 527 4027 ex
541 3967 660 4028 Patrem
676 3970 830 4031 communi
845 3985 1054 4042 consensua-
1141 3972 1200 4033 leo
1216 3987 1309 4032 serm.
1327 3969 1358 4033 1.
1374 3972 1413 4033 de
1424 3970 1569 4051 passione
1580 3963 1712 4041 bomini,
1729 3965 1769 4029 de
1783 3968 1897 4046 pascha
1913 3968 1957 4031 io·

192 4064 285 4124 pnam
302 4049 478 4127 paschalem
492 4048 702 4113 Eucharistiae
716 4051 846 4129 liguram
861 4046 1058 4117 1111111111-
1098 4070 1209 4133 quens:
1229 4055 1263 4115 tn
1276 4070 1363 4131 erpo,
1380 4055 1490 4130 innuit,
1505 4050 1640 4115 umbrae
1654 4050 1803 4113 cederent
1817 4054 1958 4129 corpori,

197 4131 343 4192 tullianus
357 4131 414 4191 lib.
430 4130 461 4191 l.
484 4130 515 4193 in
538 4130 724 4195 Marcionem
740 4150 800 4195 non
816 4138 923 4213 procul
937 4154 952 4199 a
974 4136 1054 4212 line,
1098 4144 1129 4199 ct
1143 4139 1473 4216 cessarentimapines
1487 4134 1547 4197 sub
1572 4134 1758 4213 praesentia
1784 4135 1960 4211 ueritatis,-

196 4214 322 4288 exponit
337 4214 376 4275 de
391 4212 581 4275 Eucharistia
604 4216 863 4279 111111111122.
890 4218 1056 4284 Desiderio
1099 4222 1237 4298 antiqua
1251 4220 1457 4281 observantia
1468 4232 1551 4281 nono
1578 4217 1700 4278 11111111·
1726 4224 1931 4277 sacramento
1948 4262 1957 4286 ‚

192 4296 376 4359 desideravi
386 4295 578 4375 hocposcho
589 4300 1055 4367 manducarcuobiacnm.Pro·
1099 4301 1889 4377 trosttnintaostiamtransieranpomcmsanputs
1903 4316 1962 4360 eac·

171 4377 417 4455 ·scssus,inquit,
430 4394 464 4440 sc
479 4381 743 4457 concupiscentia
757 4385 945 4463 concupisse
960 4388 1056 4449 edere
1099 4386 1211 4452 cludit,
1225 4393 1254 4447 et
1268 4384 1380 4461 tepolis
1393 4384 1548 4464 festivitas
1563 4383 1643 4445 dum
1663 4387 1820 4452 mutatur,
1845 4382 1960 4459 impic-

192 4460 329 4539 pascha,
345 4465 382 4522 ut
394 4476 491 4523 auum
506 4460 697 4541 (instipatum
721 4466 809 4528 enim
822 4472 860 4531 ul
873 4468 954 4548 quid
977 4468 1057 4531 atie·
1099 4474 1165 4531 tarr.
1181 4467 1218 4529 lit
1233 4468 1307 4530 inira
1329 4468 1368 4529 de
1398 4466 1580 4531 sacramenti
1596 4464 1786 4527 institutione
1800 4465 1959 4543 loquens:

195 4558 278 4605 num
291 4545 531 4621 cammcpiaccrat
546 4546 642 4624 bens)
657 4553 827 4627 acceptum
838 4566 971 4629 panem,
988 4566 1056 4614 cor·
1103 4552 1203 4618 lctus.
1219 4551 1328 4628 inquit,
1348 4551 1579 4613 Testamentum
1598 4545 1830 4619 consumebat,
1859 4553 1889 4607 ct
1902 4564 1960 4608 nc·

195 4640 259 4703 pue
273 4640 370 4688 suum
381 4625 456 4703 iecit
472 4628 571 4689 111111
581 4629 673 4705 paulo
689 4632 1056 4705 antedixeratbbristum
1098 4648 1175 4696 cam
1188 4634 1312 4712 pascha
1326 4632 1493 4696 condebat.
1506 4628 1782 4694 Discumbcntibus
1809 4630 1898 4691 enim
1911 4645 1959 4690 se·

193 4724 255 4769 non
268 4710 453 4786 concupisse
468 4712 659 4772 vervecinum
674 4710 871 4790 ludaeorum,
885 4731 954 4778 cum
969 4716 1010 4776 ait
1020 4731 1056 4778 sc
1100 4732 1173 4780 cnm
1189 4716 1358 4795 dicipulis
1369 4721 1427 4778 etc.
1806 4789 1808 4792 ,

194 4790 391 4853 desiderasse
402 4792 495 4853 cdere
510 4792 638 4871 pascha.
655 4794 754 4868 Quare
783 4796 988 4860 Tertullianus
1016 4799 1056 4861 dc
1141 4797 1273 4860 isichius
1295 4798 1349 4859 tib.
1371 4799 1402 4858 2.
1419 4798 1449 4857 11
1465 4792 1642 4867 leviticum,
1657 4808 1726 4871 cap.
1738 4791 1770 4854 8.
1784 4792 1890 4861 111111.
1909 4794 1956 4854 in·

194 4874 309 4950 pascha
323 4873 468 4954 intelligit
481 4874 713 4945 Eucharistiam.
729 4893 789 4940 non
803 4894 915 4958 agnum
927 4880 1057 4960 pascha·
1099 4882 1176 4961 qnit,
1191 4880 1373 4961 {inaratam
1384 4894 1474 4942 anem
1488 4894 1562 4944 cum
1573 4876 1725 4957 apostolis
1736 4892 1877 4939 coenans
1900 4878 1961 4937 lto·

200 4956 272 5017 lem:
290 4970 352 5017 non
369 4962 470 5020 autern
486 4962 542 5037 pcr
560 4960 678 5038 paseha
694 4961 915 5023 Eucharistiam
929 4962 1054 5029 intelli·
1096 4964 1218 5038 minna,
1232 4969 1344 5042 pastea
1357 4978 1456 5025 surim
1468 4959 1581 5023 obtulit
1593 4958 1806 5036 sacrificium.
1821 4958 1898 5021 Vide
1915 4968 1959 5019 et-

194 5044 293 5117 gcret,
305 5039 366 5101 nisi
379 5038 600 5103 liucharistiam
612 5058 683 5105 essa
695 5046 835 5107 crederet
859 5062 915 5123 per
939 5061 1052 5124 agnum
1097 5046 1157 5110 iarn
1169 5048 1224 5109 lib.
1240 5046 1271 5107 b.
1288 5062 1316 5107 c.
1329 5045 1380 5106 23.
1398 5044 1564 5123 Procopius
1580 5041 1756 5104 Gaancusin
1769 5059 1836 5121 cap.
1853 5044 1904 5105 12.
1921 5042 1961 5104 Ε-

196 5122 285 5183 illum
298 5122 476 5201 paschalem
491 5122 661 5201 figuratam.
1097 5127 1180 5200 sodi,
1196 5129 1278 5191 idem
1293 5128 1397 5190 habet.
1710 5166 1713 5170 >

239 5202 409 5282 Cyprianus
424 5205 479 5268 lib.
496 5206 536 5267 de
547 5208 625 5268 unit.
642 5206 763 5268 becles.
779 5206 889 5285 probat
903 5224 964 5271 non
982 5227 1053 5290 pos·
1139 5210 1303 5291 Gregorius
1316 5209 1423 5273 homil.
1438 5208 1490 5271 22.
1505 5207 1539 5270 in
1560 5206 1727 5285 evangelia,
1741 5212 1832 5267 totam
1854 5222 1961 5268 caerc-

196 5300 232 5347 se
262 5292 345 5349 extra
374 5288 543 5351 licclcsiam
572 5289 746 5350 manducari
772 5289 885 5352 utiliter
908 5292 1054 5356 bachari·
1099 5293 1318 5372 moniamagni
1347 5293 1501 5371 paschalis
1528 5290 1654 5369 exponit
1678 5290 1937 5351 accommodatea

201 5368 303 5440 stiam,
320 5372 389 5446 qaia
403 5372 612 5449 scriptumest
626 5372 757 5451 dcagno
773 5372 921 5449 paschali:
938 5376 978 5441 ln
999 5379 1055 5439 do·
1100 5375 1332 5441 Eucharistiam:
1352 5374 1445 5452 erid.
1460 5373 1571 5451 inquit,
1585 5374 1627 5434 sit
1644 5371 1782 5450 aonpuis
1795 5372 1876 5449 apni
1889 5390 1964 5435 reon

198 5466 251 5511 mo
265 5466 335 5513 una
350 5455 543 5515 comedetur.
560 5454 596 5515 at
610 5468 703 5515 serm.
734 5454 772 5517 rie
787 5473 882 5529 coena
912 5459 1053 5521 bomini:
1094 5462 1169 5542 p'cm
1188 5460 1365 5532 audiendo,
1382 5460 1440 5522 scd
1453 5456 1591 5519 bibenda
1606 5455 1767 5517 didicistis
1782 5461 1840 5514 etc.

203 5532 319 5607 daona,
332 5534 602 5614 inorrit,ttisposita
614 5537 701 5598 inter
712 5544 967 5605 sacramentales
979 5558 1055 5619 epu·
1141 5543 1264 5604 bedain
1281 5559 1350 5620 cap.
1366 5542 1418 5602 22.
1434 5541 1545 5606 bucce,
1575 5544 1606 5600 et
1620 5554 1657 5598 er
1679 5538 1732 5599 illo
1747 5537 1915 5599 hasclmus
1927 5539 1961 5600 in

201 5615 250 5674 tas
266 5614 547 5679 obviacmuratsibi
566 5617 716 5680 instituta
730 5624 868 5703 antiqua
895 5632 924 5685 ct
944 5641 1053 5687 noca:
1100 5640 1129 5687 c.
1145 5626 1196 5686 21.
1212 5626 1317 5686 llatth.
1333 5624 1460 5690 Finitis.
1473 5621 1582 5700 inquit,
1597 5619 1830 5683 ortuis-Pboou
1842 5622 1962 5683 solem·

200 5702 229 5761 ct
242 5706 430 5780 comrmpta
442 5716 539 5780 apaan,
554 5714 649 5780 quem
671 5704 809 5785 antipam
836 5707 968 5771 traditio
981 5722 1055 5785 pro·
1099 5709 1177 5785 niis,
1192 5724 1278 5788 quac
1290 5708 1329 5771 in
1351 5705 1653 5769 commemoratione
1667 5703 1826 5783 antiociae
1839 5705 1881 5767 de
1902 5704 1965 5766 Aa·
