4084 6275
779 420 783 429 .
835 371 932 430 amatr
951 364 1074 429 tntnbs
1709 371 1759 428 tot

71 501 125 578 de,
142 502 226 582 quod
241 502 284 574 id,
297 502 380 580 quod
395 501 469 568 dicit
482 503 646 585 Apostolus
675 505 714 568 de
730 506 879 586 martyrio,
894 505 940 566 di·
985 522 1096 587 aunan.
1112 503 1306 570 Anieccdens
1320 503 1476 586 probatur.
1492 500 1538 566 Aa
1555 500 1686 581 primum
1702 501 1741 566 ιε
1753 505 1848 568 nomi·

70 601 146 648 cero
159 603 328 666 possumus
343 587 434 648 ctiam
448 589 488 650 da
500 589 666 668 baptismo:
684 587 735 668 qui
750 588 942 651 enimbabet
985 605 1025 651 aa
1040 589 1196 669 baptismi,
1209 587 1340 668 legimus
1355 587 1446 650 liare.
1472 586 1501 650 l.
1528 593 1558 648 ει
1578 584 1653 651 Lac.
1669 585 1700 653 3.
1717 585 1849 650 Praedi-

68 667 269 748 baptismum.
285 669 314 735 si
329 685 390 731 non
402 669 513 734 babeat
526 673 781 745 charitatemnoa
795 668 939 748 salvatum
985 687 1064 736 cena
1090 672 1295 750 Baptiamnna
1318 668 1538 750 poenitentioe
1563 669 1603 732 ιιι
1630 669 1853 734 remissionem

68 757 102 814 et
116 758 220 814 maren
235 767 327 814 nemo
342 760 433 831 negat
448 753 637 836 baptismum
650 753 723 818 dare
736 755 939 833 primamgra·
982 761 1203 832 peccatorum.
1219 751 1256 814 Et
1271 754 1301 815 1.
1319 753 1455 816 Corinth.
1473 750 1523 814 ii.
1549 748 1633 828 Qum
1653 751 1774 829 [acient
1794 746 1854 832 pari

69 836 157 896 tiam.
986 834 1854 916 baptizenturprannrtuomimortuinonresurpunt

112 917 297 980 Alterlocns
311 916 414 980 docet:
441 917 594 981 Summam
618 934 689 983 esse
709 919 887 982 charitatem
903 933 941 980 ea
984 925 1022 982 ni
1036 919 1411 1001 quiddopn'zunturpro
1425 917 1511 980 iliis?
1531 917 1689 980 tianenim
1714 919 1774 980 ulia
1788 919 1852 982 dari

68 1007 159 1077 parto
173 998 291 1077 operis,
306 1015 422 1078 ponere
437 1001 527 1064 uitam
542 1018 598 1081 pro
608 1003 791 1080 ammomum
809 1019 871 1063 non
887 1004 938 1061 iaa-
985 1006 1089 1080 potest
1103 1003 1175 1062 baie
1196 1002 1265 1064 ioco
1280 1001 1377 1079 aptior
1392 999 1551 1080 expositio.
1569 1016 1659 1079 qaam
1674 1000 1700 1062 si
1716 1016 1772 1079 per
1796 1001 1850 1064 Bn-

67 1081 126 1144 bet
141 1083 258 1162 aliquid
274 1082 372 1162 maias
386 1083 490 1159 bomo,
506 1085 587 1163 qaod
603 1086 655 1148 det
670 1101 725 1163 pro
736 1083 941 1158 amieo,uaam
984 1086 1131 1164 ptismom
1146 1083 1354 1164 intelligamus
1368 1099 1463 1162 opera
1491 1083 1678 1160 penitentiae
1695 1130 1704 1156 ,
1731 1091 1762 1146 et
1775 1083 1850 1148 alili-

70 1165 176 1226 oitam:
191 1174 291 1228 tamen
307 1181 370 1227 non
385 1164 477 1231 docet
489 1166 540 1230 bie
555 1168 654 1240 laeua,
684 1182 809 1231 omnem
823 1168 874 1245 nari
891 1167 943 1228 dat
985 1167 1109 1241 ctianis,
1123 1181 1202 1246 quae
1217 1168 1353 1228 virentes
1368 1165 1541 1243 suscipiunt
1556 1182 1611 1245 pro
1625 1165 1785 1229 animabus
1799 1167 1856 1230 de·

67 1247 166 1308 sitam
180 1263 236 1325 pro
248 1246 359 1322 amico,
381 1248 497 1313 babere
511 1266 661 1312 summam
672 1249 850 1312 charitatem
866 1265 939 1327 quo·
984 1247 1170 1312 iunctorum.
1187 1248 1345 1312 Praeterea
1362 1249 1548 1326 poenitentia
1564 1246 1733 1326 conssgurat
1754 1249 1853 1310 bomi-

69 1329 112 1392 ει
128 1329 281 1404 habitum,
294 1330 344 1393 rei
357 1336 458 1394 aetam
479 1332 636 1396 internum
653 1379 662 1406 ,
679 1337 712 1405 ut
740 1339 846 1394 notam
868 1337 915 1393 est
932 1349 941 1406 3
985 1347 1057 1394 nem
1074 1330 1183 1400 Ciaristi
1200 1331 1347 1409 passioni,
1365 1336 1397 1392 ιιι
1412 1331 1485 1392 tacit
1499 1332 1684 1409 martyrium,
1699 1329 1771 1394 lieet
1791 1348 1853 1394 non

69 1429 145 1474 euna
161 1413 248 1475 multi
262 1411 315 1491 qni
330 1429 393 1476 uon
414 1413 679 1490 dederuatritam,
702 1413 867 1478 habuerint
879 1429 940 1476 ma·
984 1419 1046 1478 tam
1057 1413 1206 1494 perlecto,
1224 1430 1314 1493 qnam
1336 1412 1406 1476 iacit
1421 1413 1609 1491 martyrium:
1626 1411 1749 1475 dimittit
1764 1415 1855 1477 etiam

67 1494 174 1574 jurem
189 1496 368 1557 charitatem
382 1495 433 1572 ιιε,
450 1498 502 1575 qui
518 1498 693 1571 dederant,
710 1503 743 1559 ut
757 1502 839 1575 patei
853 1497 891 1558 ιε
906 1497 940 1560 ι.
985 1501 1078 1560 ιειιιιι
1091 1510 1221 1577 poariam
1239 1495 1373 1575 perlecta
1389 1496 1598 1568 conversioni
1612 1495 1712 1558 initia
1727 1511 1853 1560 conver·

72 1575 213 1658 Virgine,
229 1578 270 1639 de
281 1593 308 1641 s.
324 1577 444 1642 ioaane
457 1581 657 1660 euangelista,
686 1585 717 1642 ει
728 1579 810 1642 aliis.
823 1578 942 1642 Praete·
985 1583 1075 1640 sione
1090 1578 1200 1642 itariae
1215 1578 1423 1655 Mandaienae.
1439 1578 1512 1641 bani
1528 1576 1852 1650 latronisctaiiornm.

70 1675 127 1720 rea
143 1661 262 1722 etiamsi
278 1661 435 1738 quiritum
450 1663 603 1741 ponitpro
618 1661 848 1728 Christianum
863 1706 873 1732 ,
890 1661 942 1723 ba·
985 1663 1090 1739 denuc
1103 1662 1188 1726 enim
1214 1661 1325 1724 dicitur
1352 1660 1524 1741 Baptismus
1555 1659 1688 1722 flaminis
1716 1661 1856 1726 absolute

69 1741 127 1804 bct
141 1745 210 1804 sino
226 1742 321 1804 dnbio
336 1759 475 1824 magnam
490 1752 633 1808 atteram
646 1745 833 1809 charitatem.
844 1751 877 1806 at
892 1745 942 1806 bio
984 1750 1018 1806 ει
1030 1743 1221 1823 simpliciter,
1243 1745 1361 1806 interna
1374 1744 1545 1812 conversio,
1576 1740 1634 1804 nisi
1661 1745 1783 1820 qnando
1805 1753 1854 1808 est

68 1823 163 1887 locas
174 1825 326 1904 euangelii
342 1827 441 1902 docet,
459 1835 490 1890 et
505 1828 582 1890 tales
594 1827 735 1892 ridentur
749 1827 846 1891 inisse
860 1843 937 1888 mar·
987 1827 1026 1888 ita
1042 1827 1187 1904 perlaeta,
1205 1832 1235 1887 et
1247 1842 1384 1897 servans,
1401 1832 1435 1889 ut
1449 1841 1571 1888 omnem
1594 1823 1765 1903 rubiginem
1783 1841 1854 1905 pec-

70 1913 154 1985 tyres
167 1907 304 1984 plurimi:
319 1913 420 1971 nmen
436 1914 537 1987 potest
551 1912 642 1972 etiam
665 1910 731 1974 ilari
749 1927 758 1971 :
782 1918 814 1971 ut
828 1908 941 1987 aliquis
987 1910 1045 1971 cati
1060 1909 1154 1972 tollat.
1178 1909 1296 1987 Alioqui
1314 1908 1407 1982 enim,
1421 1908 1446 1970 si
1460 1924 1522 1970 non
1551 1908 1638 1982 tollat
1664 1913 1754 1970 totam
1780 1925 1854 1989 poo-

69 1990 213 2052 uondum
230 1990 322 2067 picae
336 1989 534 2069 iustificatus,
556 1999 662 2074 raptus
689 1997 726 2054 ad
743 1994 942 2072 martyrium,
985 2007 1070 2067 nam,
1087 1999 1119 2055 ut
1135 1991 1316 2072 pleramque
1333 1991 1384 2067 sit,
1411 2007 1472 2053 non
1488 1998 1536 2053 εει
1563 1990 1736 2070 Baptismus
1755 2038 1763 2066 ,
1794 1993 1854 2054 nisi

69 2072 162 2132 uitam
179 2088 297 2149 pronora
311 2072 494 2148 decreverit,
511 2090 573 2137 aon
588 2081 648 2136 tam
663 2081 787 2155 propter
802 2073 857 2136 bei
872 2075 943 2138 aba·
987 2074 1179 2150 imperieete.

68 2157 302 2234 ritatemnpanm
313 2157 451 2220 noudum
466 2155 669 2234 babenoaam
685 2165 766 2220 mem
782 2157 944 2236 gehennae
1028 2156 1127 2218 Tertia
1140 2153 1402 2235 propositiazlam
1414 2155 1725 2238 morinummontem
1739 2153 1851 2218 Poeni·

68 2238 120 2300 rei
134 2255 193 2314 spe
216 2237 364 2300 eoelestis
378 2240 519 2318 praemii:
537 2245 619 2302 certe
641 2243 680 2302 de
696 2242 745 2302 tati
768 2256 828 2301 non
845 2247 944 2318 potest
985 2241 1089 2301 tentio
1100 2246 1235 2318 peccate
1249 2238 1426 2313 remitterem
1440 2254 1509 2302 nou
1530 2244 1640 2302 notem
1666 2237 1829 2314 anteidea
1843 2287 1851 2306 .

69 2319 145 2394 dici,
163 2321 942 2399 quodbabeatreramebaritatcm3ettamaabene
986 2325 1310 2402 connerinensem
1331 2318 1531 2382 Paenitentes
1555 2317 1713 2383 Christum
1738 2337 1853 2400 oppre·
1926 2394 1933 2409 ι

68 2401 145 2466 iacit
159 2403 305 2477 ponendo
317 2405 407 2467 attam
422 2405 456 2466 iu
470 2406 666 2468 contessione
678 2406 803 2478 Christi,
821 2413 851 2466 et
864 2421 942 2466 mar·
986 2405 1146 2467 bendani.
1160 2404 1242 2467 ilaec
1255 2411 1302 2465 est
1316 2408 1420 2465 contra
1447 2402 1645 2475 Remmium,
1662 2411 1691 2464 et
1707 2405 1852 2480 probatur

69 2489 115 2556 tyr
130 2492 191 2560 est,
201 2484 294 2558 idest,
308 2487 396 2548 testis
411 2485 558 2550 ueritatis.
582 2489 622 2549 Ac
636 2489 676 2551 de
691 2488 843 2566 eiusmodi
861 2488 942 2550 ‹ilai-
985 2483 1164 2565 Scripta'ris,
1180 2485 1319 2548 Patribus
1341 2490 1372 2548 ει
1400 2483 1528 2554 ratione,
1558 2484 1656 2546 Primo
1678 2483 1853 2566 Scripturas

69 2584 155 2644 mus,
172 2568 287 2630 remitti
301 2568 365 2630 iilis
381 2577 517 2646 peecata,
531 2574 562 2632 ci
573 2570 692 2633 infundi
707 2569 834 2651 gratiam
848 2585 887 2632 ειι
909 2589 942 2632 a·
987 2569 1046 2647 ipsi
1060 2569 1197 2647 passioni
1221 2576 1252 2632 et
1264 2569 1470 2648 poenitentiae
1485 2568 1621 2630 tribuual
1636 2569 1851 2644 remissionem

69 2666 149 2727 pere
164 2658 294 2728 operato
309 2653 453 2724 martyrii.
984 2659 1194 2732 poeoniorum,
1208 2651 1312 2714 biattb.
1329 2651 1379 2713 iil.
1396 2657 1426 2712 et
1439 2649 1488 2712 to.
1505 2650 1566 2729 Qui
1574 2649 1754 2728 perdiderit
1776 2653 1865 2714 aui·'

112 2733 258 2794 Seouum
273 2734 457 2812 propositio:
473 2734 618 2812 Perfecto
633 2736 798 2800 concertio
813 2749 852 2798 ec
867 2735 942 2797 Poe·
984 2751 1075 2798 neom
1087 2751 1183 2798 auom
1201 2739 1332 2813 propter
1345 2749 1408 2800 me.
1430 2733 1572 2796 irmeniet
1596 2748 1681 2796 eam.
1710 2733 1805 2798 liare.
1819 2733 1850 2797 8.

67 2815 216 2878 nitentia
225 2823 311 2878 recte
325 2817 512 2896 Baptismus
522 2817 668 2897 murinis
695 2820 817 2882 dieitur
840 2817 942 2882 elbo
985 2822 1017 2879 et
1030 2817 1104 2880 Lao.
1121 2817 1153 2880 9.
1174 2815 1233 2893 Qui
1242 2816 1421 2893 perdiderit
1442 2816 1589 2878 unimam
1612 2821 1853 2896 suum-proptor

66 2898 227 2976 patiemurne
238 2913 347 2978 opum
360 2899 526 2968 ιιιιιιειιιιιι
538 2902 725 2964 necessitate
739 2901 939 2980 eupptnnn
984 2915 1047 2972 me,
1069 2899 1302 2977 aoiorcmtociei
1315 2915 1398 2962 eom.
1425 2897 1538 2966 ιιιεειι.
1556 2896 1606 2960 18.
1626 2897 1703 2961 Cum
1730 2906 1850 2962 auerte

67 2989 110 3053 ta,
125 2980 317 3058 Baptismum
331 2981 467 3046 flaminis
480 2999 543 3045 nou
557 2982 801 3062 dici,ooamiibet
816 3001 940 3045 eonver-
980 2985 1025 3048 rit
1035 2999 1068 3046 se
1082 2984 1203 3061 impius
1218 2981 1258 3044 ub
1273 2983 1436 3059 impietate
1447 2985 1553 3052 seruet
1566 2980 1677 3058 fecerit
1685 2981 1850 3056 justitium

68 3062 206 3139 sionem,
222 3064 278 3127 εει
294 3065 474 3144 perlectam,
496 3080 576 3145 qnae
590 3066 721 3128 includit
747 3083 848 3128 reram
863 3083 937 3128 eon·
980 3065 1051 3147 ipse
1066 3066 1214 3128 unimam
1229 3081 1325 3128 suom
1340 3062 1523 3141 uiailionbit.
1541 3063 1664 3127 iitLuc.
1683 3062 1713 3124 ι.
1730 3063 1853 3145 Magda-

70 3146 243 3222 tritiouem,
266 3148 500 3223 elaborantem,
526 3154 557 3211 ct
584 3150 676 3211 simul
699 3149 790 3213 etiam
818 3150 939 3213 deside·
982 3150 1073 3223 lenae
1088 3149 1211 3211 dieitur:
1225 3148 1442 3212 Ιιειιιιιιιιιιιιιι
1453 3148 1483 3211 ει
1495 3148 1757 3227 peecatumuteu,
1775 3164 1853 3229 pato

70 3229 165 3305 rium,
182 3246 241 3293 sea
255 3237 357 3293 notum
372 3230 531 3312 baptismi.
841 3286 847 3296 ,
980 3233 1076 3297 nium
1087 3232 1204 3295 ditescit
1217 3232 1367 3295 muitum.
1384 3230 1539 3303 Secundo,
1555 3230 1659 3293 Patres
1670 3244 1764 3309 snpra
1776 3232 1851 3293 cita·

112 3312 187 3374 licta
203 3314 354 3375 seeundo:
371 3312 436 3376 iion
451 3312 547 3377 inisse
568 3312 647 3393 apud
663 3320 782 3379 veteres
805 3319 862 3377 tam
874 3330 938 3376 εει·
983 3316 1003 3378 ιι
1016 3331 1181 3392 numquam
1197 3316 1255 3377 soli
1271 3314 1354 3387 idei,
1371 3313 1426 3377 sed
1443 3312 1500 3390 ipsi
1528 3311 1677 3391 passioni,
1708 3320 1759 3375 aat
1780 3328 1853 3391 poe·

68 3398 131 3455 iam
142 3394 226 3457 banc
240 3396 495 3475 propositionem,
509 3400 619 3459 utcrat
631 3396 783 3475 superior.
804 3396 880 3459 iiam
900 3398 940 3460 da
982 3398 1142 3461 nitentiae.
1159 3402 1189 3458 et
1203 3396 1359 3459 desiderio
1381 3394 1525 3473 Baptismi
1549 3396 1685 3458 tribuunt
1704 3394 1854 3473 justifica·

68 3478 212 3551 martprio
228 3479 492 3550 nallasreternm,
509 3479 591 3557 qnod
606 3480 727 3551 seiam,
756 3480 876 3555 peperit
897 3496 936 3542 eo
983 3480 1109 3543 tionem.
1127 3479 1240 3548 Tertio.
1256 3480 1282 3540 si
1297 3480 1362 3541 sola
1377 3478 1456 3541 Ades
1485 3482 1662 3555 operaretur
1688 3476 1720 3539 in
1746 3486 1856 3557 marty·

67 3558 210 3639 suppleri
225 3560 413 3639 baptismum
428 3578 553 3640 aquae:
576 3566 606 3645 at
620 3563 660 3625 de
684 3561 887 3625 contorsione
909 3568 940 3623 at
982 3564 1028 3625 rio
1042 3567 1075 3625 ot
1095 3561 1295 3631 Paenitentia,
1313 3578 1374 3623 non
1387 3566 1493 3623 essent
1514 3562 1568 3621 tria
1584 3560 1782 3636 baptismata.
1799 3566 1854 3621 εει

67 3642 275 3719 poenitentia,
292 3660 354 3706 non
375 3644 512 3719 desunt,
530 3639 581 3722 nui
606 3644 637 3705 id
653 3645 842 3723 negatarini.
863 3643 937 3705 Nam
981 3646 1054 3718 duo,
1072 3645 1117 3707 ιει
1137 3645 1238 3723 potins
1253 3660 1347 3727 anum
1363 3648 1478 3708 mnium
1498 3659 1505 3701 :
1538 3641 1668 3719 proinde
1693 3658 1754 3703 non
1772 3650 1856 3705 reete

67 3724 162 3796 iiber,
179 3727 233 3804 qui
249 3726 427 3789 inscribitur
438 3728 478 3788 de
491 3726 713 3789 ecelesiasticis
727 3726 937 3803 dopmanbus,
980 3728 1097 3791 diceret
1111 3726 1285 3789 liemuitius
1301 3727 1356 3788 tria
1372 3726 1553 3803 baptismata
1569 3729 1699 3787 venuste
1720 3742 1736 3785 a
1760 3724 1852 3787 Patri·

67 3806 123 3885 qui
138 3806 217 3870 laiso
229 3808 371 3871 tribuitur
383 3808 566 3887 Augustino,
578 3824 647 3888 cap.
666 3808 716 3871 ll.
731 3814 837 3888 aperte
848 3808 933 3871 dicit:
983 3810 1044 3873 bas
1059 3810 1216 3872 distincta.
1231 3808 1317 3884 Quod
1333 3807 1360 3870 si
1375 3809 1455 3870 dicat
1469 3822 1541 3869 csse
1561 3806 1617 3867 tria
1645 3806 1826 3884 baptismata
1844 3855 1852 3880 ,

67 3890 333 3953 catechumenam
347 3907 410 3954 non
430 3891 732 3964 saluntianensis
759 3890 850 3955 bonis
864 3907 938 3971 ope·
985 3895 1055 3974 quia
1072 3898 1144 3957 sunt
1158 3894 1211 3953 tria
1227 3893 1427 3954 instrumenta
1443 3888 1623 3951 excitandae
1651 3889 1735 3962 fidei:
1752 3890 1852 3951 dicam

66 3972 277 4035 ribnsaiaerit
293 4021 301 4045 ,
318 3974 377 4035 nisi
393 3973 544 4053 baptismo
560 3988 680 4053 aquae,
707 3980 758 4035 aut
778 3973 938 4053 sanguinis
984 3992 1043 4055 ego
1059 3992 1128 4039 esse
1143 3975 1237 4037 multu
1260 3975 1356 4053 plura,
1373 3972 1445 4051 quia
1474 3973 1570 4039 multo
1600 3973 1686 4050 ptura
1713 3979 1786 4035 sant
1807 3975 1853 4037 in·

65 4059 219 4133 purgatus
232 4055 334 4118 luerit.
350 4056 501 4136 Tempore
516 4056 608 4117 etiam
624 4073 651 4117 s.
667 4054 812 4118 Acrnardi
827 4055 937 4133 tuisse,
984 4063 1154 4123 strumenta
1171 4057 1346 4119 excitandae
1363 4055 1446 4125 ιΙιει,
1461 4060 1493 4115 ut
1509 4060 1602 4132 patei.

65 4140 120 4215 qui
134 4138 219 4199 idem
233 4140 394 4207 sentirent,
412 4145 496 4215 patet
511 4155 549 4200 ex
562 4138 692 4218 epistola
706 4142 775 4213 ejas
790 4139 840 4201 ιι.
1025 4142 1129 4219 Neque
1143 4145 1353 4218 argumentum
1369 4137 1512 4201 liemnitii
1526 4136 1692 4199 concludit.
1706 4134 1776 4197 Nam
1792 4151 1854 4199 non

109 4220 149 4280 At
163 4224 233 4281 siue
243 4219 338 4283 dubio
353 4220 544 4283 credendam
565 4228 623 4293 est,
645 4236 748 4283 aeram
764 4218 939 4283 conversio·
983 4238 1152 4303 aequamus
1164 4238 1258 4299 opera
1272 4227 1372 4283 nostra
1389 4220 1489 4282 uirtuti
1504 4219 1661 4297 Baptismi,
1675 4226 1726 4282 ant
1739 4217 1851 4286 ιιιιιειι

64 4316 140 4363 ιιειιι
158 4302 306 4380 supplere
321 4302 508 4382 Baptismnm
523 4318 633 4383 aquae,
655 4320 725 4365 eum
742 4319 801 4366 non
814 4320 853 4365 er
866 4320 939 4367 con·
984 4304 1141 4384 sanguini,
1154 4312 1223 4366 edm
1237 4303 1382 4376 dicimus,
1414 4318 1470 4381 per
1489 4302 1665 4381 martyrium
1689 4307 1719 4363 et
1742 4298 1852 4365 Poeni·

69 4392 201 4463 tempta,
215 4386 271 4447 εει
286 4399 325 4447 ex
336 4386 520 4449 necessitate
531 4389 599 4449 siae
610 4384 765 4466 baptismo
776 4400 872 4462 aquae
886 4385 940 4447 ati·
984 4390 1109 4450 tentiam
1125 4384 1234 4449 remitti
1250 4391 1385 4466 peecata.
1417 4392 1447 4446 et
1475 4383 1615 4464 suppleri
1636 4384 1824 4462 baptismum
1841 4402 1850 4447 ε

68 4466 124 4544 qui
141 4467 308 4530 decedunt.
325 4467 360 4529 id
375 4468 457 4546 euim
470 4483 617 4546 expresse
631 4468 759 4531 babetur
772 4466 941 4530 sueones.
983 4470 1039 4531 sed
1052 4486 1218 4549 aequamus
1230 4468 1283 4531 Alei
1297 4468 1435 4548 gratiam,
1453 4467 1507 4529 Ilei
1523 4467 1639 4547 gratiae
1656 4510 1664 4537 ,
1696 4472 1728 4527 et
1741 4465 1853 4531 Christi

67 4548 239 4626 stimpiau
254 4550 597 4629 eperitpoene‘ieotinm
623 4552 799 4629 opereulis
813 4552 896 4623 suas,
910 4552 938 4613 i·
983 4556 1105 4631 pactum
1136 4551 1414 4623 etinstitutiouem,
1445 4550 1556 4611 Christi
1573 4554 1661 4628 pacto
1686 4548 1850 4614 etinstita·

65 4632 275 4710 niquitatem
288 4632 358 4713 ειιιε
377 4649 449 4696 non
461 4632 658 4697 recordabor
682 4633 836 4713 amplus.
853 4632 939 4697 idem
983 4635 1072 4699 ιιοιιι.
1092 4634 1257 4699 Namatio
1274 4634 1427 4711 baptismo
1452 4646 1565 4710 aquae,
1587 4630 1669 4707 nand
1682 4632 1848 4710 praecipue

66 4722 177 4791 aperte
191 4713 770 4779 doeetAmbrosiusorationodeobitu
784 4715 941 4779 Valentia.
983 4724 1137 4796 operatur,
1154 4724 1201 4781 est
1221 4716 1370 4779 institutio
1399 4715 1499 4778 divine
1526 4721 1557 4775 ει
1577 4714 1684 4791 gratim
1707 4714 1747 4778 ita
1762 4714 1851 4777 etiam

64 4797 218 4877 junioris:
233 4794 333 4874 ιιιειιι
346 4813 449 4873 mom,
465 4798 576 4878 lnquit,
590 4799 939 4877 reponeretumcsmmi·
969 4802 1016 4863 ἰιι
1029 4800 1170 4880 martyrio
1185 4806 1217 4873 et
1229 4798 1428 4862 Paenitentia:
1443 4814 1504 4859 non
1527 4797 1611 4859 enim
1626 4798 1730 4876 passio
1745 4802 1852 4875 marty·

66 4882 112 4953 ει·,·
134 4882 194 4941 εει
206 4880 262 4943 itie
273 4882 429 4959 mutium,
451 4896 553 4961 quum
561 4886 759 4960 sperauerat,
774 4898 843 4946 non
858 4882 939 4943 cmi·
982 4900 1049 4946 ram
1064 4899 1103 4944 ex
1125 4899 1160 4945 se
1175 4882 1234 4945 rim
1250 4882 1344 4945 babet
1355 4879 1559 4959 instituendi,
1589 4882 1644 4944 sed
1661 4895 1697 4941 ειι
1713 4886 1801 4957 paeto
1817 4886 1850 4941 ct

65 4965 125 5026 sit.
142 4962 228 5025 idem
242 4964 434 5041 Augustinus
448 4964 504 5025 lib.
520 4963 552 5025 t.
566 4965 605 5025 ιε
620 4964 784 5042 baptismo,
798 4980 868 5043 cap.
885 4964 939 5026 22.
982 4965 1189 5045 promissione
1206 4964 1331 5027 Christi.
1349 4962 1496 5027 Similiter
1511 4961 1698 5043 poenitentia
1728 4967 1759 5023 ει
1773 4976 1848 5023 oon·

65 5054 99 5107 et
113 5044 461 5124 bernardusepist.·'i'i.
476 5052 508 5107 et
520 5053 591 5125 post
602 5060 657 5109 eos
670 5044 872 5110 Innocentius
883 5044 938 5109 lii.
985 5048 1098 5125 versio,
1115 5053 1162 5111 εει
1178 5048 1276 5111 solum
1293 5046 1455 5126 dispositio
1471 5047 1629 5123 quaedam,
1655 5044 1693 5107 ad
1709 5058 1801 5123 quam
1812 5061 1850 5105 ex

63 5148 138 5207 cap.
162 5128 391 5207 apostolieum.
417 5128 457 5189 de
482 5128 662 5210 presbytero
686 5144 747 5191 aon
776 5129 939 5209 baptizato.
983 5138 1073 5209 paeto
1100 5136 1130 5193 et
1146 5129 1353 5209 promissione
1367 5128 1422 5191 Dei
1439 5128 1579 5205 sequitur
1596 5125 1846 5204 justificationo-

63 5210 156 5273 b'nde
172 5212 264 5273 etiam
279 5211 445 5273 concilium
461 5210 583 5274 trident.
600 5226 682 5274 sess.
704 5211 736 5273 b.
753 5226 820 5290 cap.
836 5212 868 5274 A.
883 5210 940 5273 Ba·
984 5214 1036 5289 de,
1053 5215 1135 5291 quod
1151 5229 1210 5275 nec
1223 5213 1290 5290 ipsa
1311 5210 1474 5289 dispositio
1489 5217 1537 5273 est
1548 5210 1745 5288 praecipuum
1767 5224 1847 5287 opus

63 5293 303 5373 ptismunrdicit
316 5308 389 5356 csse
405 5293 613 5357 necessarium
643 5294 675 5355 ιιι
698 5310 731 5357 ιε
745 5297 793 5356 ael
809 5294 840 5357 in
856 5301 938 5358 roto.
984 5294 1193 5372 nostrnmsed
1210 5295 1277 5367 liei,
1304 5294 1355 5373 qui
1371 5292 1469 5372 primo
1484 5292 1612 5371 inspirat
1626 5292 1849 5371 poenitentiam

66 5376 213 5451 bentona
228 5392 299 5439 uera
327 5378 489 5439 conversio
511 5377 654 5440 consenti
669 5393 738 5439 cum
753 5378 894 5449 martyrio
908 5382 940 5439 ει
984 5385 1015 5440 ot
1027 5394 1162 5441 amorem
1177 5375 1322 5458 anamyrii,
1340 5382 1370 5439 et
1385 5382 1493 5455 postea
1515 5372 1600 5454 jurat
1623 5373 1661 5437 ad
1687 5372 1849 5455 particion-

63 5476 139 5521 eum
152 5458 312 5539 Baptismo
324 5475 436 5539 aquae,
447 5462 478 5520 ιιι
495 5459 619 5521 nomine
635 5457 791 5537 Baptismi,
806 5467 837 5521 et
849 5460 880 5520 in
896 5458 938 5521 ei·
985 5460 1072 5525 dam.
1144 5526 1146 5531 ,

63 5541 203 5605 tectibus
217 5542 355 5619 duobus3
371 5557 445 5621 ergo
460 5541 610 5605 credibile
640 5549 688 5603 εει
716 5543 881 5604 convenire
897 5546 939 5603 et·
1028 5542 1137 5617 Quarta
1155 5540 1333 5619 propositio:
1349 5539 1544 5621 Morbprinm
1568 5542 1598 5601 at
1612 5540 1778 5603 conuersae
1801 5539 1847 5603 ed

62 5628 126 5687 iarn
141 5626 173 5685 ιιι
186 5625 247 5686 aiio
264 5623 389 5697 effectu,
406 5624 458 5703 qui
472 5630 520 5687 est
531 5623 684 5687 dimittere
699 5626 832 5705 eulpam,
851 5632 880 5685 ot
892 5628 941 5702 ju·
988 5624 1100 5701 nonam,
1116 5628 1189 5689 lieet
1203 5624 1405 5703 lioptismoto
1419 5622 1585 5703 pantaenum
1597 5622 1672 5696 sim,
1687 5638 1757 5709 nora
1769 5627 1846 5685 aunt

62 5709 203 5771 stitteare
217 5706 422 5783 nominarant
435 5723 474 5770 eo
487 5706 580 5771 modo
592 5707 738 5789 supplere
753 5707 941 5789 baptismam
989 5714 1099 5777 teman
1112 5715 1328 5785 sumomonte.
1344 5705 1491 5771 Probatur
1505 5705 1616 5784 primo,
1631 5706 1702 5785 quia
1718 5702 1848 5769 nauba-
