4084 6275
821 376 917 437 llbh'll
937 380 1060 439 tralatos
1705 372 1739 428 2³

53 527 99 581 tas
112 518 287 598 probatur,
303 516 363 597 qui
376 516 454 581 dicit
476 532 600 597 cauam
621 516 822 581 benedictam
841 530 909 577 non
954 518 984 578 in
1007 510 1145 595 epistolis
1158 510 1196 573 ad
1216 509 1412 591 tubajanum,
1435 510 1472 572 ad
1487 507 1677 588 Pompeium,
1694 504 1732 566 ad
1748 504 1816 567 Ste-

51 620 119 664 csse
151 606 418 675 sacramentum,
450 602 531 680 quia
559 602 641 664 desit
674 601 789 663 diuina
817 598 910 661 insti·
954 604 1087 680 phanum
1104 594 1184 656 etad
1207 593 1377 665 Quirinum.

51 689 146 747 tutio.
517 719 521 727 ·
997 680 1133 759 Septimo
1147 677 1291 737 mentitur
1306 694 1375 755 pag.
1391 674 1517 738 ilicum
1533 673 1579 735 sic
1594 672 1646 731 alt:
1662 671 1726 732 Illo
1738 686 1816 732 uero

94 768 164 829 buo
180 773 251 829 sunt
265 766 316 827 bic
329 766 497 828 mendacia.
511 762 611 826 Unum
626 765 707 843 quod
733 762 913 825 Scholastici
957 766 1069 844 opinio
1097 760 1233 839 quodin
1244 759 1325 837 ipsis
1345 765 1626 821 sacramentorum.
1649 754 1817 815 clementis

52 851 187 911 multum
205 850 357 923 laborent,
375 857 407 909 ut
421 850 591 921 ostendant,
609 866 663 910 cur
690 864 767 924 aqua
783 852 814 908 et
830 860 914 918 rosa,
957 849 1068 927 pratia
1081 841 1295 905 essentialiter
1316 843 1523 909 continetur,
1550 841 1635 901 sicut
1654 837 1824 898 inedicina

54 939 84 993 ct
100 933 229 995 similia.
241 948 311 993 cunr
324 932 355 992 in
371 930 504 991 Ecclesia
520 930 754 999 benedicuntur,
772 945 832 989 nori
853 929 916 989 sint
958 934 995 995 in
1006 927 1133 1008 pixide.
1145 926 1194 986 ita
1207 931 1244 985 nt
1253 925 1357 986 uirtus
1367 932 1650 987 sacramentorum
1659 921 1700 984 sit
1714 920 1765 980 oet
1776 934 1824 980 es·

54 1021 263 1075 sacramenta.
279 1014 317 1075 ιιι
331 1013 510 1076 Scholastici
529 1013 605 1075 adeo
620 1012 726 1073 leviter
750 1012 809 1073 hoe
823 1025 915 1087 erpe-
958 1012 1074 1080 sentia,
1087 1009 1138 1070 oet
1158 1008 1301 1087 qualitas
1312 1007 1447 1069 haereres
1470 1010 1510 1070 in
1533 1002 1757 1084 corporalibus
1770 1018 1823 1063 sc·

54 1098 157 1167 «litlot,
176 1104 209 1157 nt
225 1094 310 1157 multi
328 1112 366 1157 ne
378 1098 523 1175 attingant
538 1096 673 1174 quidem,
691 1100 723 1155 ut
738 1108 792 1173 per
813 1109 847 1155 se
863 1110 915 1153 no·
961 1100 1204 1159 crementorum
1218 1090 1391 1152 elementis.
1406 1091 1600 1152 eticminter
1612 1086 1827 1148 Scholasticos

55 1186 133 1249 turn,
150 1180 204 1240 alii
222 1179 323 1240 obiter
335 1183 449 1239 tanturn
466 1179 629 1253 explicent.
651 1176 727 1237 h'ihil
755 1176 837 1237 enim
862 1176 917 1236 ho·
960 1179 1144 1256 scriptores,
1159 1172 1305 1248 nonfuit
1317 1172 1467 1234 orrrnibus
1491 1173 1640 1251 probato,
1662 1176 1700 1229 ut
1718 1170 1825 1230 Bono-

54 1278 122 1321 rum
139 1270 190 1321 est
206 1260 331 1339 signum
348 1260 453 1321 ellican
472 1261 583 1339 gratiae
602 1258 808 1339 justificantis,
836 1258 918 1337 quod
961 1268 1127 1324 uenturae.
1145 1256 1307 1319 dichoreo
1323 1264 1380 1316 etc.
1398 1254 1453 1315 llic
1465 1258 1539 1315 satis
1551 1255 1653 1331 prodit
1667 1268 1755 1312 suam
1771 1253 1826 1311 im·

55 1351 103 1405 est
118 1344 325 1422 praecipuum
341 1342 372 1403 in
387 1344 529 1403 omnibus
544 1342 753 1403 sacramentis.
964 1343 1105 1423 peritiam
1119 1339 1302 1406 hemnilius,
1319 1343 1350 1398 ct
1363 1338 1454 1399 simut
1467 1338 1711 1398 audaciamcnm
1727 1349 1762 1395 en
1778 1348 1827 1395 re·

97 1426 239 1487 Alterum
269 1433 317 1487 est
345 1425 548 1497 mendacium,
577 1424 748 1487 Gabrielem
786 1422 919 1503 ingenue
964 1423 1138 1503 prehendit,
1155 1434 1233 1500 quae
1248 1436 1308 1481 non
1324 1418 1480 1500 intelligit.
1497 1419 1568 1481 Nam
1585 1422 1614 1479 in
1632 1416 1739 1495 primis
1754 1433 1826 1477 con·

57 1508 215 1577 conbteri,
232 1508 310 1568 nibil
325 1506 437 1569 deesse
452 1522 547 1585 auitae
561 1506 755 1575 benedictae,
783 1522 843 1584 quo
866 1509 921 1565 mi·
964 1506 1064 1571 irradit
1079 1508 1205 1580 gratiam
1220 1519 1289 1564 eruin
1310 1503 1419 1564 virtute
1441 1508 1702 1563 sacramentorum
1721 1550 1728 1568 ,
1756 1505 1827 1564 cum

57 1607 117 1651 nus
132 1591 175 1651 sit
191 1596 430 1665 sacramentum,
446 1590 505 1651 nisi
528 1590 659 1651 divinam
685 1590 920 1652 institutionem.
966 1600 1066 1653 tamen
1082 1590 1144 1649 sint
1158 1602 1208 1648 res
1223 1586 1463 1647 diversissimae.
1479 1585 1577 1647 Gratia
1593 1583 1676 1645 enirn
1692 1587 1741 1642 est
1755 1580 1830 1645 elie·

56 1672 124 1747 Est,
142 1674 283 1749 inquam,
310 1672 370 1733 boo
398 1672 590 1734 verissimum
616 1672 820 1743 mendacium,
849 1671 920 1749 quia
967 1680 1035 1736 clus
1049 1668 1243 1733 sacramenti,
1261 1671 1354 1729 uirtus
1368 1678 1470 1729 autem
1485 1669 1528 1735 id,
1546 1684 1603 1744 per
1616 1665 1698 1744 quod
1723 1678 1825 1725 sacra·

58 1755 231 1815 Gabrielin
249 1753 372 1815 t.dist.
392 1758 556 1833 Lquaest.
574 1756 675 1815 bart.
694 1754 722 1815 l.
746 1753 923 1815 ubidebac
966 1760 1104 1818 mentum
1118 1757 1273 1828 operatur.
1295 1750 1443 1827 Quocirca
1459 1752 1586 1828 gratiam
1614 1748 1765 1808 contineri
1796 1747 1827 1807 in

57 1854 91 1897 re
109 1839 185 1915 agit,
204 1836 281 1897 dicit
297 1836 433 1915 quidem,
447 1852 554 1913 aquam
569 1835 760 1898 benedictam
777 1852 837 1897 non
853 1850 924 1897 esse
968 1834 1169 1901 sacramentis
1185 1834 1289 1894 nullus
1304 1836 1475 1895 catholicus
1500 1836 1603 1911 ncgnt,
1620 1830 1761 1891 uirtutem
1776 1846 1830 1891 au·

59 1940 76 1979 a
92 1920 155 1981 beo
171 1920 358 1992 institutam,
377 1920 431 1981 sed
446 1918 484 1979 ab
498 1918 648 1995 Ecclesia,
665 1926 695 1980 et
710 1919 779 1980 ideo
797 1934 858 1979 non
876 1934 924 1979 es·
970 1930 1030 1983 tem
1046 1921 1127 1980 illam
1143 1918 1301 1996 physicam
1317 1932 1378 1977 non
1395 1932 1504 1977 omnes
1515 1917 1689 1977 admittunt.
1712 1912 1833 1973 heinde

61 2020 94 2063 sc
108 2009 352 2073 sacramentum,
370 2004 424 2062 sed
441 2016 501 2062 non
518 2001 602 2073 dicit,
620 2002 696 2064 nihil
726 2001 811 2063 eliud
828 2001 856 2063 ei
872 2000 925 2061 dc·
969 2004 1095 2083 pralium
1111 1999 1328 2071 essentialiter,
1347 1999 1438 2067 idest,
1465 2000 1563 2077 ipsam
1585 1996 1752 2058 essentiam
1767 2009 1834 2073 pra·

56 2102 139 2157 esse,
159 2084 221 2145 nisi
239 2085 373 2145 divinam
389 2084 621 2157 institutionem,
637 2084 730 2146 immo
755 2089 860 2161 aperte
879 2082 925 2144 in·
969 2086 1030 2147 tiae
1045 2085 1174 2145 haerere
1190 2082 1220 2143 in
1234 2085 1447 2157 sacramentis.
1478 2090 1511 2142 ut
1531 2079 1717 2141 medicinam
1743 2079 1773 2137 in
1790 2076 1836 2155 pi·

56 2170 156 2237 dicat,
173 2167 231 2227 alia
245 2167 335 2227 etiam
352 2165 444 2228 multa
458 2165 486 2227 ei
504 2166 715 2229 noesseltum
744 2184 805 2228 non
816 2161 925 2244 'dispu-
969 2168 1052 2238 xide,
1070 2166 1175 2227 nullus
1191 2166 1281 2226 etiam
1298 2165 1516 2227 catholicorum
1533 2163 1628 2224 dicit:
1646 2160 1790 2221 laetemur
1803 2169 1835 2220 e·

54 2256 98 2309 lat
114 2266 156 2311 eo
171 2251 241 2309 loco
257 2248 381 2327 proprie
396 2250 435 2310 do
450 2264 525 2325 aqua
555 2249 730 2323 benedicta,
760 2252 815 2311 scd
831 2248 925 2327 expli·
971 2254 1034 2312 nim
1050 2264 1158 2311 ourrres
1173 2248 1298 2323 gratiam
1322 2250 1450 2307 haerere
1465 2248 1496 2308 in
1518 2246 1631 2307 anima.
1655 2260 1716 2304 rron
1733 2243 1763 2302 in
1786 2258 1834 2302 sa·

54 2339 104 2391 rat
120 2332 337 2393 definitionem
354 2331 549 2392 sacramenti:
579 2337 609 2392 et
633 2332 703 2407 auia
732 2332 858 2405 dixerat,
888 2329 925 2391 ad
971 2333 1147 2395 crementis.
1163 2330 1284 2391 Ponant
1299 2336 1411 2392 tamen,
1428 2337 1460 2391 ut
1485 2344 1577 2405 supra
1604 2326 1748 2396 diximus,
1766 2340 1834 2385 eam

53 2421 255 2475 sacramenta
286 2414 399 2491 requiri
431 2412 562 2473 divinam
592 2412 825 2487 institutionem,
854 2412 926 2474 inde
971 2416 1001 2477 in
1015 2420 1231 2483 sacramento,
1253 2419 1287 2474 ut
1307 2410 1338 2472 in
1355 2426 1437 2485 ransc,
1454 2412 1664 2489 metaphorice
1679 2407 1833 2481 accipien-

54 2497 217 2557 deducita
247 2498 432 2557 sacramenti
461 2494 641 2559 delinitione
670 2496 789 2557 excludi
817 2510 927 2575 aquam
972 2498 1011 2559 do
1029 2511 1140 2558 nomen
1156 2494 1246 2563 rasis,
1263 2494 1417 2571 quomedo
1433 2494 1577 2555 dicuntur
1592 2493 1650 2553 tela
1666 2506 1736 2551 rasa
1752 2504 1832 2550 marr·

53 2580 273 2651 benecdictum,
292 2578 437 2639 lotionem
452 2577 567 2649 balnei,
584 2584 614 2638 et
628 2580 727 2640 omnia
743 2578 829 2655 signa
843 2583 927 2639 netu·
973 2582 1045 2651 tuis,
1063 2578 1135 2656 quia
1157 2578 1187 2638 in
1200 2578 1246 2640 eis
1261 2592 1344 2638 mors
1372 2577 1556 2648 continetur,
1587 2583 1620 2637 ut
1645 2572 1774 2637 allectus
1803 2573 1834 2634 iu

51 2665 140 2721 nilla.
161 2662 315 2735 Quocirca
330 2660 412 2722 sicat
428 2676 488 2721 non
505 2661 577 2721 licet
593 2662 737 2740 colligere
766 2678 802 2722 ex
825 2660 882 2720 bac
896 2676 927 2722 e·
972 2678 1093 2725 carrsso.

51 2745 103 2823 jas
118 2743 335 2818 disputatione
347 2742 423 2804 nibil
450 2743 562 2804 deesse
577 2744 613 2803 od
642 2744 787 2805 lotionem
811 2742 926 2815 balnei,
1013 2744 1125 2807 Octavo
1140 2741 1284 2803 mentitur
1296 2741 1497 2805 ibidenr.aum
1508 2740 1712 2802 debuerunt
1724 2740 1834 2808 etiam,

51 2842 114 2903 qao
131 2826 241 2886 rninus
258 2824 297 2885 sit
310 2828 547 2894 sacramentum,
564 2826 623 2887 uisi
639 2825 769 2886 divinam
785 2826 928 2887 instituti·
973 2828 1032 2907 qai
1044 2828 1195 2889 uirtutem
1208 2830 1489 2888 sannrncntornm
1501 2826 1540 2885 in
1552 2824 1623 2900 ipso
1638 2838 1746 2901 opere,
1770 2836 1835 2899 qim

55 2926 163 2975 onem,
183 2910 224 2968 ita
245 2908 395 2970 nonlicet
423 2908 581 2983 colligere,
611 2908 687 2969 nibil
712 2910 823 2971 deesse
839 2909 876 2969 ad
898 2924 928 2967 a·
971 2914 1179 2971 sucre-menta
1203 2908 1254 2969 uel
1274 2906 1491 2979 celebrantur,
1516 2906 1568 2970 cet
1590 2905 1837 2982 suscipiuntur,

58 3008 150 3064 quam
169 2990 381 3063 benedictam,
400 2990 458 3050 nisi
476 2990 610 3051 divinam
625 2990 856 3061 institutionem,
871 3007 931 3069 quo
973 2992 1548 3055 constitues-init.-itcntsacrcmentc
1560 2991 1749 3051 dicerentur
1762 3001 1837 3048 con·

56 3075 163 3134 minus
180 3075 223 3135 sit
238 3079 473 3134 sacramentum.
972 3077 1058 3154 ferre
1069 3074 1213 3154 pretinm
1224 3089 1268 3135 em
1281 3073 1449 3150 dipnitnte,
1458 3078 1490 3134 el
1502 3074 1616 3133 merito
1629 3070 1841 3149 operisqand

97 3159 219 3230 Quarrto
236 3156 383 3218 mentitur
400 3171 468 3234 pag.
485 3153 536 3215 bi.
554 3155 645 3216 etos
662 3156 714 3218 ubi
731 3162 773 3217 lot
801 3160 872 3217 sunt
887 3155 929 3217 le·
975 3164 1102 3222 emarcet
1114 3158 1164 3218 oct
1176 3159 1221 3226 is,
1238 3158 1297 3236 qni
1312 3156 1460 3226 celebrat,
1472 3154 1523 3218 uel
1537 3157 1595 3235 qui
1608 3154 1756 3232 suscipit.
1773 3151 1838 3214 Huc

59 3238 506 3317 rcrrrendacia,quodrerba:
540 3235 689 3312 Quidam,
721 3239 929 3316 inquitati-
975 3241 1065 3302 etiarm
1080 3236 1838 3318 mendaciumtestisestimperitiaebemnitianae

58 3321 169 3392 lertsis,
190 3322 342 3394 Thomas,
361 3320 538 3381 burandus
567 3325 624 3381 etc.
653 3327 823 3384 senserunt
846 3322 927 3399 ipsis
974 3336 1160 3403 nutritaquam
1177 3338 1237 3383 non
1254 3330 1301 3383 est
1322 3323 1390 3398 eius
1407 3324 1575 3400 proprium.
1603 3323 1658 3382 sert
1683 3319 1839 3382 acatrtnc

57 3407 208 3466 estensis
222 3409 507 3465 benemeritorum
536 3402 699 3465 elementis
711 3419 770 3481 per
797 3402 930 3466 uerbum
974 3405 1050 3468 illud
1068 3405 1197 3483 accepit.
1215 3405 1290 3466 lide
1305 3421 1397 3483 supra
1418 3405 1448 3465 ln
1466 3407 1554 3464 tertio
1569 3403 1684 3466 bertuini
1712 3402 1837 3462 rnenda·

58 3486 400 3566 contempnendum
413 3485 562 3546 uirtutem
578 3487 874 3564 supernaturalem.
892 3487 929 3548 lt
976 3489 1035 3549 cio.
1052 3487 1183 3549 Plurima
1198 3493 1270 3549 sunt
1284 3490 1341 3547 ntia
1359 3487 1387 3546 in
1403 3487 1580 3561 liemnitio,
1598 3489 1674 3548 liaeo
1689 3487 1772 3548 enim
1788 3499 1838 3545 so·

59 3585 120 3629 nien
137 3572 263 3630 ridetur
278 3568 397 3647 legisse
427 3569 484 3627 hos
508 3572 659 3629 auctores:
688 3568 847 3648 Siquidem
868 3569 928 3630 llu-
975 3572 1038 3632 luni
1053 3585 1091 3632 ex
1105 3569 1192 3632 initio
1207 3569 1276 3631 libri
1293 3571 1437 3649 decerpta
1449 3574 1532 3632 sunt.

58 3655 177 3713 mndus
190 3651 382 3712 contrarium
397 3650 498 3721 docet,
514 3655 583 3711 ets.
599 3649 744 3712 Thomala
773 3657 930 3730 oppugnat
1407 3687 1411 3692 ⁴

59 3735 89 3795 in
105 3735 138 3796 b.
155 3737 231 3796 dist.
248 3734 278 3794 ι.
295 3738 418 3811 qrtaest.
435 3731 465 3794 b.

100 3818 219 3891 Quinto
234 3815 383 3877 mentitur
398 3815 528 3888 ibidem,
544 3829 613 3875 cum
630 3814 683 3875 ait:
711 3813 843 3879 Addunt
869 3829 928 3880 au·

60 3904 136 3966 tem,
153 3905 192 3960 ut
208 3899 460 3970 ostendantnec
473 3911 581 3968 senec
595 3898 689 3971 alios,
699 3900 787 3978 qnod
801 3901 925 3971 dicunt,

56 3983 256 4059 intellipere,
273 3995 340 4042 esse
361 3995 417 4041 ens
436 3980 677 4058 imcomptetmn
690 3981 769 4058 (uim
788 3983 930 4045 inditam
1128 3969 1302 4038 benoncia
1316 3967 1497 4034 Titemanni
1508 3973 1668 4040 Hmlensii.
1763 3981 1777 4008 ·

56 4063 930 4143 merememte,quodpersencnsitinettqceeacde·
1219 4066 1221 4071 ’

56 4165 126 4212 cem
136 4145 428 4228 praedicamentis.
442 4145 501 4204 Sed
517 4145 702 4208 hemnitium
730 4164 789 4210 non
816 4147 926 4210 intelli·
1013 4146 1211 4209 Tilemannus
1226 4148 1411 4220 Heshusius,
1429 4148 1482 4226 qui
1497 4151 1727 4226 coepiscopum
1743 4162 1824 4209 sarn-

56 4247 130 4308 gere
145 4231 224 4308 quid
240 4227 420 4292 Scholastici
435 4227 638 4300 dicent‚lacile
653 4229 739 4291 credi
760 4236 872 4309 potest.
887 4231 926 4292 ll·
972 4227 1112 4292 biensem
1124 4239 1221 4300 vocat,
1235 4234 1346 4296 tibrum
1359 4230 1483 4309 scripsit
1497 4233 1537 4294 de
1551 4231 1706 4295 sexcentis
1721 4233 1830 4290 errori·

56 4311 104 4372 los
119 4319 226 4372 autem
242 4311 325 4388 ipsos
341 4326 401 4372 non
417 4307 589 4389 intelligere
608 4312 784 4386 motionem,
802 4315 880 4375 hanc
895 4328 925 4376 e·
970 4311 1030 4372 bus
1043 4311 1278 4391 pontificiorum
1291 4316 1343 4392 aui
1365 4313 1445 4374 liher
1470 4328 1531 4375 non
1561 4318 1652 4378 hahet
1676 4313 1723 4374 rel
1739 4328 1831 4373 unam

56 4396 119 4454 uim
132 4395 277 4470 plerique
291 4399 401 4454 roeant
415 4393 473 4453 rim
486 4395 685 4457 sacramentis
701 4396 836 4466 inditam,
855 4411 924 4456 esse
971 4394 1080 4455 inicam
1095 4395 1301 4479 saliszcnlligit
1315 4397 1398 4459 enim
1413 4411 1533 4459 errores
1547 4406 1606 4460 tam
1622 4396 1831 4460 inconsidera-

55 4491 114 4540 ens
130 4476 366 4554 incompletum.
394 4475 474 4552 quod
492 4490 547 4552 per
561 4491 594 4536 se
611 4477 641 4536 in
669 4478 754 4539 nullo
770 4477 924 4552 praedicn-
970 4481 1011 4550 te,
1036 4484 1068 4536 ut
1087 4479 1132 4538 rel
1148 4478 1209 4539 sint
1224 4495 1306 4541 mera
1324 4481 1507 4551 mendacia,
1531 4484 1576 4542 rel
1604 4477 1829 4542 contradictorii

56 4567 166 4622 mento
180 4559 232 4636 sit3
249 4554 441 4619 mendacium
464 4565 510 4618 cst
533 4559 736 4622 inanitastum.
762 4559 827 4621 Non
842 4561 925 4621 enim
971 4575 1076 4621 coriam
1091 4561 1154 4620 sint
1168 4560 1312 4624 haereses
1326 4562 1406 4640 apud
1420 4579 1529 4624 ornnes
1542 4565 1741 4625 lutheranus.

55 4643 140 4704 ullus
157 4642 264 4703 estrei
276 4641 470 4702 mediocriter
481 4643 595 4717 peritus
611 4643 820 4722 physicaeaut
834 4643 925 4704 etlam
1012 4643 1054 4703 llo
1068 4647 1098 4703 at
1112 4643 1223 4715 saturn,
1253 4663 1362 4707 caussa
1388 4645 1542 4722 exempti,
1559 4646 1761 4708 discutiamus
1784 4640 1828 4703 lo·

55 4727 158 4786 solius
175 4725 293 4802 lpgicae
309 4769 317 4794 ,
334 4723 409 4798 quin
424 4721 500 4783 sciat
512 4729 628 4784 molum
644 4741 715 4786 esse
737 4741 793 4786 ens
808 4727 924 4787 iucom-
970 4743 1039 4788 crim
1056 4725 1106 4787 l5.
1123 4727 1173 4804 qni
1197 4733 1244 4787 est
1265 4727 1304 4788 de
1331 4730 1552 4795 sacramentis,
1581 4729 1687 4790 tertius
1716 4739 1824 4794 error,

56 4811 176 4884 pletum
192 4813 223 4868 el
242 4807 280 4866 ad
296 4804 413 4866 nullum
428 4806 708 4884 praedicamentum
736 4822 792 4888 per
806 4822 840 4869 se
854 4823 924 4887 per·
969 4823 1062 4887 quem
1077 4816 1169 4876 notat,
1186 4816 1233 4870 est
1245 4809 1426 4887 desumptus
1448 4827 1485 4872 ex
1499 4813 1685 4873 catechismo
1699 4803 1827 4870 romana

59 4895 175 4951 tirrere.
969 4891 999 4951 in
1017 4893 1092 4952 haec
1106 4891 1209 4952 rerba:
1229 4891 1392 4961 Virtutem,
1405 4910 1491 4972 quoe
1513 4895 1724 4972 conpassione
1742 4889 1829 4952 Chri·

94 4975 191 5034 Sexto
206 4969 351 5030 mentitur
365 4968 490 5044 ibidem,
503 4987 571 5032 cum
597 4971 650 5032 ait:
666 4969 848 5051 cyprianum
863 4972 925 5033 eni·
968 4975 1009 5036 sti
1019 4979 1145 5045 manat,
1159 4974 1218 5035 boc
1229 4983 1284 5045 est,
1310 4980 1453 5054 pretium
1466 5022 1473 5045 ,
1487 4994 1589 5057 quam
1607 4975 1663 5040 ille
1684 4965 1777 5037 nobie
1789 4972 1829 5034 in

56 5057 216 5126 stimasse,
248 5052 519 5128 baptismumesso
541 5054 692 5128 inutilem,
710 5055 761 5130 qui
787 5053 925 5116 conitere·
971 5057 1148 5118 (canonicis
1166 5058 1302 5126 utererit,
1324 5075 1384 5136 per
1404 5067 1633 5133 sacramento,
1651 5056 1748 5138 qnasi
1767 5069 1828 5132 per

54 5137 145 5198 batur
176 5135 218 5196 ab
234 5134 396 5196 haereticis
432 5141 462 5196 et
483 5136 571 5198 malis
600 5136 758 5219 ministris.
781 5135 852 5198 Nam
871 5135 925 5218 Cy·
967 5139 1382 5218 oleumquondaminnos
1402 5141 1490 5218 ipsos
1519 5142 1669 5205 demeare
1693 5137 1828 5218 oportet.

55 5225 186 5294 prianus
202 5217 318 5297 ubique
346 5217 506 5293 distinguit
520 5220 616 5280 malos
645 5219 800 5280 ministros
821 5220 924 5281 catho-
970 5221 1052 5282 llaec
1065 5221 1132 5284 ille.
1149 5221 1205 5282 lthi
1224 5222 1353 5298 primum
1380 5227 1519 5302 corrupit
1540 5225 1631 5285 rerba
1652 5220 1832 5285 catechismi

53 5301 130 5364 licus
147 5304 188 5362 ab
204 5300 379 5374 haereticis,
397 5306 427 5360 el
439 5303 535 5362 malos
551 5301 675 5378 quidem
690 5300 817 5363 ablrmat
846 5302 924 5364 aliti·
970 5304 1099 5385 romani3
1116 5304 1269 5381 siquidem
1285 5296 1324 5364 ει
1337 5307 1433 5377 alveo,
1449 5322 1528 5383 qnae
1544 5323 1600 5366 nox
1623 5313 1672 5367 cst
1699 5303 1730 5364 in
1746 5311 1829 5363 cute-

55 5395 97 5446 ιε(
115 5384 289 5461 ιιεριιεεεε.
306 5381 477 5444 tiaereticos
505 5390 605 5444 autem
627 5383 784 5445 inutiliter.
810 5383 887 5446 blnle
902 5383 924 5445 i·
969 5387 1099 5457 chismo,
1116 5386 1174 5446 iste
1190 5387 1382 5459 tecitalrum,
1400 5397 1431 5448 ut
1446 5389 1599 5448 sordidam
1624 5395 1654 5450 el
1669 5385 1828 5448 ridiculam

58 5464 330 5542 piturllemnitius
345 5465 506 5544 conjungit
527 5483 563 5528 ex
579 5468 729 5530 sententia
757 5464 923 5546 Cypriani,
970 5468 1083 5529 laceret
1096 5468 1274 5529 catechismi
1303 5470 1497 5531 sententiam.
1527 5470 1647 5533 Deinde
1676 5465 1828 5530 sententia

54 5569 135 5628 quos
154 5549 327 5630 Cyprianus
343 5546 411 5625 ipse
433 5547 592 5628 disjungit.
621 5549 696 5611 Vide
721 5549 925 5628 augustinum
971 5549 1149 5612 catechismi
1167 5567 1227 5611 non
1245 5558 1345 5628 polest
1360 5553 1519 5626 damnari,
1551 5554 1626 5634 quin
1649 5553 1841 5612 damnentur¹

55 5636 268 5711 explicantem
283 5629 423 5710 Cypriani
438 5633 632 5706 sententiam,
651 5633 704 5695 ιιι).
722 5631 925 5712 ichaplis·
973 5632 1062 5694 etiam
1078 5647 1187 5694 omnes
1208 5632 1384 5695 Lutherani.
1415 5633 1507 5695 Sume
1537 5637 1618 5698 cnirn
1648 5629 1831 5696 sententiam

56 5733 113 5793 uro,
134 5733 208 5794 cap.
229 5716 279 5775 ιιι.
302 5721 333 5774 ει
350 5715 404 5776 lib.
421 5715 611 5795 b.cap.l2.et
626 5717 727 5796 ipsum
744 5715 924 5796 cyprianum
973 5716 1247 5793 contradicentem,
1264 5732 1343 5796 quae
1358 5717 1426 5780 siae
1440 5717 1535 5782 dubio
1563 5719 1640 5782 hacc
1661 5715 1730 5793 erin
1747 5712 1832 5776 Chri·

1313 3776 1433 3842 CAPUT
1448 3781 1497 3844 vl.
