4084 6275
276 365 330 421 538
985 366 1030 423 DE
1048 358 1151 427 lllssl

202 500 333 562 concilio
349 498 524 571 tridentino,
540 514 621 561 sess.
637 499 689 563 22.
705 518 774 579 cap.
789 500 820 564 3.
846 507 909 563 tum
936 516 973 562 er
987 502 1053 579 ipsa
1098 518 1188 579 qnam
1203 498 1362 565 utilitatem
1388 496 1507 575 attingit
1531 494 1770 575 s..hugustinus
1796 497 1852 561 lib.
1869 497 1902 561 8.
1919 498 1964 560 dc

206 583 327 659 liturgia
340 583 496 644 manifesta
512 590 594 643 sunt.
610 583 643 643 tlt
654 583 825 646 llcmnitius
837 584 911 645 illud
923 584 1053 660 primum
1099 582 1185 646 Civit.
1201 584 1267 655 bei,
1283 600 1351 663 cap.
1361 582 1418 643 -21,
1436 581 1508 641 Nam
1523 578 1658 641 reddens
1671 581 1832 649 rationem,
1853 598 1909 643 cur
1925 584 1959 642 ln

208 666 337 727 rulmittit
351 672 530 727 consuetum
546 665 641 727 luisse
656 668 686 727 in
711 668 833 746 antiqua
860 666 1007 732 Ecclesia,
1024 673 1055 729 el
1097 667 1286 733 memoriam.
1300 674 1331 727 et
1344 666 1423 741 apud
1441 662 1603 723 nicanorlas
1624 668 1799 725 sanctorum
1816 666 1964 727 «linantur

202 755 366 827 utcumque
382 748 501 809 tolerari
524 764 628 825 posse3
644 749 813 817 secandum
829 755 930 809 antem
944 751 1004 811 vult
1016 750 1055 811 ad
1098 765 1194 815 sacra,
1207 750 1253 811 sic
1267 750 1318 809 ait:
1338 748 1371 812 iit
1385 764 1425 810 co
1439 744 1629 816 celebritate,
1646 750 1676 807 et
1690 744 1753 807 Deo
1767 763 1843 809 uero
1859 748 1901 809 de
1915 747 1959 809 il-

201 830 390 891 manilestam
407 831 676 907 prophanationem
689 847 804 893 coenae
819 831 938 893 Domini
961 834 1052 909 perti·
1098 832 1205 895 lorum
1218 833 1357 895 uictoriis
1372 830 1497 909 gratias
1511 842 1659 905 agamus,
1675 836 1704 889 ct
1717 844 1776 890 noo
1791 832 1837 891 ad
1850 831 1963 891 inrita

200 928 285 979 nere,
304 920 333 975 et
347 914 473 974 adversa
489 912 584 975 lronte
606 930 742 994 pugnare
768 931 837 975 com
864 913 1053 976 institutione
1098 916 1217 977 tionem
1232 916 1348 977 tatium
1361 926 1568 981 coronarum,
1585 915 1682 987 utque
1701 912 1893 987 palmarum
1908 930 1962 972 eo·

199 993 374 1065 bominica,
399 997 492 1075 idque
515 1012 574 1055 non
598 1003 656 1058 tam
679 1003 804 1073 aperte,
834 1013 924 1075 quam
950 999 1053 1074 palpa·
1098 999 1172 1059 dem
1184 998 1344 1061 invocatio
1357 998 1395 1058 in
1409 995 1575 1057 otacilium
1590 1009 1633 1055 cm
1648 1008 1760 1055 eonem
1780 996 1961 1056 memoriae

198 1076 312 1140 biliter.
342 1078 439 1151 Quare
466 1094 522 1139 nos
549 1085 712 1157 utramque
737 1079 870 1143 breviter
895 1080 1053 1141 conllrma·
1096 1083 1305 1143 renovatione
1317 1080 1537 1141 adhortemur.

198 1158 311 1222 bimas.
884 1194 889 1207 ·
1139 1164 1280 1225 Secundo
1297 1160 1476 1241 propositio:
1495 1160 1563 1219 lton
1576 1163 1738 1235 repugnat
1757 1158 1961 1221 institutioni

241 1243 326 1317 Quod
340 1241 430 1321 igitar
444 1244 481 1304 ad
498 1243 668 1305 secundum
682 1246 900 1317 attinet‚statuo
917 1243 971 1307 bas
985 1261 1054 1325 pro·
1098 1262 1218 1308 coenae
1232 1245 1371 1307 Domini.
1387 1252 1423 1306 ut
1436 1246 1474 1305 in
1489 1260 1528 1305 eu
1553 1242 1744 1302 invocentur
1766 1246 1872 1303 cuncti
1887 1288 1895 1305 .
1922 1260 1961 1303 ec

199 1325 380 1402 positiones.
1096 1330 1205 1403 modo,
1222 1344 1285 1408 quo
1301 1328 1342 1390 ab
1353 1326 1496 1389 Ecclesia
1510 1324 1668 1386 catholico
1681 1324 1829 1386 invocari
1843 1326 1962 1386 rotent.

240 1407 420 1471 Primazhlon
432 1414 595 1487 repugnat
608 1409 805 1473 institutioni
819 1409 1057 1472 coenaeDorni·
1097 1410 1236 1491 Expllcm
1255 1411 1351 1472 tribus
1380 1411 1478 1469 modis
1510 1410 1606 1468 sancti
1628 1408 1658 1465 in
1675 1405 1825 1467 sacrillcio
1843 1412 1960 1469 missac

197 1490 246 1561 ni,
263 1492 404 1553 utinen
416 1492 627 1554 nominentur
655 1498 684 1553 ct
704 1492 906 1555 honorentur
930 1494 1048 1554 sancti.
1098 1494 1231 1555 invocari
1246 1492 1456 1573 possuntbno
1470 1491 1559 1550 niodo
1577 1504 1631 1567 per
1647 1489 1741 1565 ipsam
1756 1490 1959 1555 oblationem.

196 1570 342 1634 Probatur
355 1574 454 1635 Primo
468 1592 507 1637 ex
520 1573 666 1651 Apostolo
683 1575 710 1636 1.
727 1576 859 1637 timoth.
875 1575 906 1637 2.
933 1575 985 1636 uhi
1004 1575 1053 1653 ju·
1097 1577 1137 1637 ita
1150 1577 1240 1638 ateis
1262 1576 1374 1637 oblatio
1391 1572 1543 1649 ollcratur3
1561 1572 1624 1649 ipsa
1641 1574 1723 1631 enirn
1739 1570 1853 1631 oblatio
1870 1574 1960 1633 tacita

198 1654 251 1713 het
265 1654 331 1717 lieri
347 1658 501 1719 orationes
529 1664 559 1719 et
574 1657 737 1735 gratiarnm
754 1658 892 1719 actiones
907 1657 938 1718 in
961 1659 1055 1717 sacri·
1096 1660 1258 1739 quaedam.
1275 1659 1329 1721 sed
1346 1657 1555 1719 elllcacissima
1580 1660 1627 1716 est
1640 1652 1813 1730 invocati03
1842 1663 1873 1714 et
1899 1658 1960 1717 hoc

196 1736 266 1797 licia
284 1738 397 1800 missae
413 1737 498 1820 (nam
513 1740 552 1801 de
575 1741 632 1800 hoc
658 1738 810 1801 sacrificio
836 1740 937 1801 locum
967 1740 1053 1801 ilium
1096 1744 1187 1803 modo
1203 1742 1396 1803 nonlnrocat
1410 1743 1533 1800 sanetus
1550 1738 1685 1798 Ecclesia
1711 1736 1742 1796 in
1766 1742 1872 1809 missa,
1898 1756 1959 1798 noc

197 1830 355 1897 exponunt
371 1830 501 1897 veteres,
518 1830 657 1900 utsupra
674 1823 811 1901 ostendi)
827 1838 882 1901 pro
897 1823 1054 1893 omnibus,
1097 1826 1240 1886 invocare
1256 1832 1360 1901 posset
1375 1824 1442 1887 sinc
1458 1827 1586 1901 peccato
1603 1820 1814 1893 idololatriae,
1832 1830 1865 1881 ut
1878 1820 1960 1882 dixi·

197 1911 226 1961 et
242 1904 370 1964 maxime
397 1921 450 1981 pro
476 1905 614 1984 regibus3
640 1905 702 1966 vult
727 1901 819 1985 igitur
840 1905 1053 1981 apostolocin
1098 1924 1178 1969 mus.

196 1985 287 2045 missa
305 2002 365 2046 non
382 1988 481 2049 solum
497 1988 662 2065 supplicari
689 1987 754 2049 lieo
778 2004 835 2066 pro
860 1986 1052 2065 accipiendis
1141 1989 1282 2052 Secundo
1294 1988 1386 2051 modo
1401 2001 1456 2066 per
1468 2002 1590 2063 precem
1607 1985 1644 2045 ad
1660 1999 1715 2045 cos
1729 1983 1875 2046 directam
1895 2032 1904 2057 ‚
1929 1992 1964 2047 at

193 2066 364 2140 beneficiis,
382 2072 436 2131 sed
452 2071 543 2131 ctiam
556 2071 603 2147 agi
618 2068 731 2147 gratias
747 2086 801 2147 pro
826 2071 974 2146 acceptis.
998 2070 1055 2131 list
1096 2088 1164 2133 cum
1182 2072 1322 2134 dicimus:
1341 2072 1374 2133 S.
1399 2073 1499 2133 t’ctre.
1516 2084 1575 2131 ora
1588 2084 1647 2145 pro
1662 2083 1725 2139 nae·
1743 2073 1773 2127 et
1789 2067 1848 2129 hoo
1863 2072 1960 2129 morlo

193 2157 294 2210 atatem
320 2150 505 2215 beneficium
531 2152 698 2232 singulare,
727 2153 817 2227 (ruod⁴
836 2152 979 2213 iratribus
994 2167 1049 2213 uo·
1096 2172 1157 2215 non
1173 2154 1351 2216 invocantur
1365 2154 1461 2213 saneti
1476 2154 1504 2211 in
1522 2153 1627 2222 missa,
1644 2156 1780 2223 utsupra
1798 2150 1959 2217 (linimus.

193 2237 266 2292 stris
282 2232 365 2295 Deus
380 2251 447 2295 eam
462 2236 586 2310 gratiam
604 2235 783 2307 contulerit,
810 2236 1004 2297 otmundum
1020 2240 1052 2297 el
1095 2236 1273 2301 nislobiter,
1291 2238 1321 2296 in
1339 2236 1497 2297 versiculis
1510 2241 1579 2310 post
1604 2234 1778 2307 lectionem3
1803 2235 1898 2310 idque
1911 2252 1962 2293 so·

193 2316 332 2375 Salonam
348 2320 570 2394 superaverint,
588 2325 619 2380 et
634 2324 704 2394 post
718 2335 784 2380 eam
811 2318 964 2379 victoriam
986 2319 1052 2396 glo·
1095 2318 1159 2381 lum
1172 2320 1204 2381 in
1221 2336 1279 2380 una
1309 2319 1358 2379 rel
1382 2320 1473 2379 altera
1491 2317 1608 2377 missa:
1635 2317 1686 2392 qui
1717 2320 1817 2375 tamen
1845 2318 1959 2377 modus

192 2397 235 2456 ria
266 2399 426 2461 ethonore
443 2416 497 2462 eos
514 2402 713 2463 coronaverit:
730 2414 825 2481 quare
842 2398 957 2463 licitum
980 2401 1049 2471 erit.
1095 2402 1173 2464 nihil
1189 2402 1280 2463 babet
1294 2400 1431 2462 absurdi.
1448 2399 1556 2461 tiamsi
1578 2398 1651 2459 licet
1676 2414 1691 2457 a
1714 2396 1889 2460 viventibus
1906 2414 1961 2475 pe·

190 2479 239 2540 vel
255 2482 356 2557 potios
369 2483 494 2560 dignum
511 2490 541 2545 et
553 2486 680 2554 iustum,
698 2489 730 2543 ut
745 2482 929 2544 sacrificium
941 2480 1049 2544 ailera-
1096 2491 1172 2557 tere,
1190 2489 1224 2545 ut
1238 2499 1295 2545 nos
1306 2483 1413 2561 juvent
1428 2480 1616 2544 orationibus
1632 2480 1708 2550 suis,
1741 2480 1812 2539 dam
1830 2487 1889 2540 tam
1907 2499 1959 2541 su-

190 2577 261 2623 mus
275 2564 311 2624 ad
328 2566 464 2639 agendas
480 2567 542 2628 ileo
556 2567 667 2643 gratias
683 2582 738 2642 pro
753 2566 878 2627 victoria
893 2570 924 2627 et
943 2567 1049 2627 trium·
1096 2566 1181 2629 blimi
1203 2566 1357 2637 tangimur
1371 2565 1551 2635 ministerio,
1570 2563 1651 2625 unde
1667 2563 1756 2623 etiam
1773 2562 1908 2623 dicimus
1924 2568 1957 2623 in

191 2644 261 2720 phis
276 2654 465 2723 sanctorum,
480 2656 511 2710 et
526 2666 580 2727 pcr
596 2651 654 2710 hoc
667 2650 756 2708 etiam
772 2654 896 2710 sanctos
916 2647 1001 2724 ipsos
1017 2650 1049 2709 in
1094 2650 1226 2729 liturgia:
1245 2649 1337 2711 Orate
1350 2647 1480 2725 tratrem
1496 2664 1550 2709 cur
1573 2662 1632 2707 non
1649 2647 1743 2721 liceat
1756 2644 1837 2705 idem
1854 2664 1870 2705 a
1886 2663 1958 2706 sarr·

189 2727 341 2790 sacrificio
356 2748 427 2791 cum
442 2733 559 2803 honore
570 2738 601 2793 et
625 2731 811 2792 exaltatione
837 2731 1046 2791 nominemus.
1094 2734 1150 2794 ctis
1167 2732 1290 2810 peteret
1304 2731 1364 2793 Sed
1379 2744 1441 2791 non
1457 2735 1505 2793 est
1519 2744 1597 2805 opus
1611 2744 1691 2789 nona
1707 2728 1745 2787 de
1761 2727 1817 2787 ista
1834 2743 1869 2787 re
1884 2730 1952 2790 dis·

235 2808 379 2873 Secundo
392 2815 539 2891 probatur
559 2814 735 2875 testimonio
763 2811 901 2873 omniurn'
916 2813 1051 2892 liturgia·
1093 2819 1199 2893 putare
1216 2862 1224 2888 ,
1243 2812 1313 2891 quia
1326 2830 1385 2874 nec
1400 2813 1564 2874 adversarii
1581 2812 1656 2872 istos
1671 2809 1842 2871 versiculos
1854 2826 1953 2888 oppa·

191 2907 268 2965 rum,
285 2892 402 2968 iacobi,
417 2895 595 2962 Clementis.
622 2886 736 2968 basilii,
750 2892 958 2975 chrysostomi
974 2903 1005 2956 et
1019 2912 1050 2957 a·
1092 2904 1199 2973 garni,
1226 2896 1277 2974 qui
1292 2903 1443 2957 canuntur
1469 2896 1498 2957 in
1517 2895 1608 2955 missa
1635 2893 1929 2955 catechumenorum
1946 2941 1955 2966 ‚

189 2974 312 3052 tiorum3
329 2993 398 3037 nam
413 2978 446 3039 ln
460 2978 604 3041 omnibus
623 2978 818 3040 nominantur
829 2978 939 3053 sancti,
956 2978 1049 3058 idque
1094 2996 1173 3060 quae
1188 2996 1248 3043 non
1265 2986 1312 3041 est
1327 2980 1449 3057 proprie
1461 2978 1643 3039 sacriticium
1657 2978 1687 3037 in
1702 2975 1791 3037 missa
1805 2982 1907 3036 autem
1925 2976 1958 3036 h·

191 3072 251 3116 non
268 3059 377 3119 semel.
1094 3064 1224 3135 delium,
1240 3079 1319 3139 quae
1339 3061 1448 3139 incipit
1463 3062 1500 3121 ab
1515 3060 1671 3123 oblatione
1689 3104 1697 3130 ‚
1729 3073 1895 3135 numquam
1920 3058 1959 3119 ita

229 3139 329 3200 lertio
359 3142 503 3219 probatur
528 3160 566 3206 cx
593 3143 743 3206 Patribus.
772 3142 846 3206 Nam
875 3142 1046 3222 Cyprianus
1094 3145 1528 3209 directesanctiinvocantur.

188 3219 282 3295 tius,
299 3223 390 3302 epist.
406 3225 437 3288 o.
453 3225 529 3303 petit
541 3221 739 3300 annotari‚'et
753 3228 790 3288 ad
807 3244 842 3289 se
856 3227 949 3288 scribi
966 3228 1047 3288 diem
1135 3227 1237 3291 Tertio
1253 3228 1344 3290 modo
1359 3244 1414 3305 per
1440 3241 1550 3304 preces
1575 3226 1611 3286 ad
1640 3224 1737 3287 Deum
1761 3224 1908 3293 directas,
1925 3234 1958 3285 nt

187 3307 294 3367 mortis
310 3315 473 3386 martyrum
488 3309 694 3389 singulorum,
709 3316 744 3371 ut
754 3309 854 3388 possit
867 3310 1045 3372 nominatim
1093 3329 1163 3374 cum
1178 3329 1193 3372 a
1209 3310 1273 3374 Deo
1290 3310 1433 3387 petimus,
1450 3317 1482 3371 ut
1495 3308 1757 3371 intercedentibus
1768 3309 1883 3368 sanctis
1900 3325 1959 3368 nris

185 3385 216 3444 in
230 3388 280 3448 dic
294 3391 502 3453 anniversario
518 3393 672 3469 passionis
686 3409 805 3457 corum.
823 3409 878 3466 pro
892 3391 940 3453 eis
954 3393 1046 3454 sacri·
1089 3392 1186 3472 juret;
1203 3400 1234 3454 et
1249 3393 1307 3456 hoc
1323 3394 1413 3454 modo
1441 3394 1472 3454 in
1499 3396 1591 3454 missa
1608 3396 1670 3452 tum
1694 3390 1724 3451 in
1741 3407 1871 3458 canone,
1891 3399 1956 3452 tum

185 3469 289 3530 ficium
305 3470 418 3534 tacere.
440 3473 633 3552 Epiphanius
661 3476 783 3537 haeres.
800 3475 852 3536 'l5.
869 3480 900 3536 et
915 3473 1046 3554 Cyrillus
1092 3483 1174 3536 extra
1187 3476 1367 3536 invocantur
1380 3475 1489 3536 sancti:
1511 3479 1601 3552 atquc
1617 3474 1677 3535 boa
1691 3479 1737 3534 cst
1751 3473 1832 3550 quod
1849 3489 1954 3550 reprc-

185 3553 338 3614 catecbesi
351 3554 381 3614 5.
398 3562 568 3636 mystagog.
585 3566 690 3636 aperte
711 3558 867 3632 scribunt,
896 3556 929 3618 in
954 3558 1047 3618 sacri·
1090 3558 1232 3620 bandunt
1245 3557 1421 3630 adversarii,
1436 3565 1466 3620 ct
1481 3557 1552 3621 ideo
1568 3558 1626 3618 hoc
1640 3556 1741 3618 solum
1757 3555 1953 3633 probandum

184 3632 255 3695 licio
271 3636 419 3698 nominari
442 3641 600 3717 apostolos
625 3645 656 3703 et
678 3647 835 3720 martyres.
868 3637 1047 3718 chrysosto·
1093 3647 1151 3702 cst.

184 3717 370 3780 mushomil.
383 3719 435 3782 21.
451 3721 482 3782 in
504 3728 568 3782 acta
585 3737 647 3784 non
662 3723 761 3784 solum
778 3720 1044 3793 nominandum,
1085 3747 1089 3758 ·
1129 3721 1277 3786 Probatur
1291 3723 1394 3784 Primo
1409 3737 1445 3784 en
1462 3722 1611 3784 Patribus.
1628 3718 1760 3800 cyrillus
1781 3719 1903 3782 catech.
1920 3721 1949 3782 3.

183 3799 239 3858 sed
251 3798 378 3862 alllrmat
391 3801 549 3880 ingentem
560 3821 632 3866 esse
647 3805 795 3867 bonorem
814 3803 942 3870 sanctis.
959 3807 1041 3881 quod
1089 3805 1310 3885 mystagogica.
1342 3805 1499 3882 explicans
1528 3805 1618 3868 ritum
1644 3802 1787 3864 sacrillcii
1813 3802 1953 3864 missae:

187 3882 383 3945 nominentur
396 3883 527 3947 Domino
542 3894 729 3964 praesente,
755 3887 827 3949 dam
856 3886 1043 3949 horrendum
1090 3887 1169 3952 dum
1183 3889 1242 3951 hoe
1257 3885 1465 3964 sacrificium,
1482 3889 1593 3967 inquit,
1617 3884 1791 3966 opernm,
1817 3887 1955 3947 mentio·

187 3964 260 4025 illud
272 3966 456 4028 sacrificium
469 3972 636 4047 peragitur.
651 3968 841 4048 Augustinus
856 3968 888 4028 in
904 3967 981 4029 libro
1002 3970 1043 4031 du
1087 3987 1163 4034 nem
1176 3973 1315 4048 iacimus
1329 3986 1453 4040 eorum.
1468 3972 1527 4051 qui
1538 3975 1613 4032 ante
1623 3986 1684 4031 nos
1696 3967 1953 4043 commntantur,-

183 4056 287 4108 sancta
304 4048 486 4126 virginitate,
503 4068 571 4128 cap.
586 4052 638 4114 ts.
651 4051 765 4115 etallbi
780 4050 955 4128 [requenter
969 4051 1044 4113 dicit
1086 4056 1232 4132 primum
1242 4053 1518 4130 patriarcharum,
1534 4052 1777 4130 prophetarum.
1792 4053 1953 4128 apostoto-

181 4138 304 4191 sanctos
320 4134 470 4194 nominari
486 4134 516 4194 in
532 4134 735 4211 sacriflcio;et
750 4133 915 4212 praecipue
926 4132 1038 4196 tibus.
1086 4152 1173 4206 rum,
1189 4143 1225 4199 ut
1237 4135 1319 4198 licus
1334 4135 1535 4198 orationibus
1549 4135 1692 4206 ittonam,
1709 4140 1738 4196 et
1752 4135 1951 4212 deprecatio·

182 4212 220 4272 de
236 4212 321 4274 divit.
337 4215 404 4284 llei,
419 4232 488 4295 cap.
515 4217 566 4278 to.
589 4215 640 4280 lc
663 4218 753 4298 guod
771 4213 979 4292 sacrificium,
997 4217 1041 4278 in·
1086 4218 1183 4282 nibus
1196 4220 1353 4296 suscipiat
1365 4233 1476 4296 precor
1496 4224 1636 4282 nostran.
1657 4216 1787 4278 Basilius
1816 4221 1847 4277 in
1866 4218 1950 4278 litur-

181 4294 257 4372 ‹yuit‚
272 4310 331 4357 seeo
347 4296 414 4359 ioco
430 4305 460 4360 et
473 4301 588 4363 ordine
600 4301 827 4363 nominantur.
1086 4302 1134 4380 gia
1151 4308 1219 4379 post
1240 4302 1504 4363 corrsecratlonem
1520 4346 1528 4375 ‚
1556 4300 1734 4362 memoriam
1764 4299 1884 4360 taciens
1900 4315 1951 4376 pa·

219 4375 331 4452 Quarto
346 4381 489 4456 probatur
504 4379 542 4444 ex
556 4382 683 4445 utilitato
698 4383 791 4462 bajas
805 4379 947 4443 instituti:
971 4395 1039 4457 pro·
1088 4385 1299 4452 triarcharum,
1327 4383 1556 4460 prophetarum,
1584 4382 1814 4461 apostolorum,
1839 4389 1950 4460 marty·

180 4460 249 4520 dest
260 4461 342 4522 enirn
357 4461 491 4525 Primum
505 4467 541 4527 ad
554 4467 780 4545 protestandam
793 4463 1041 4527 communionem
1086 4482 1166 4536 rum,
1180 4471 1304 4528 sanctae
1316 4465 1369 4526 liei
1386 4463 1556 4542 genitricis,
1571 4471 1602 4526 et
1613 4465 1750 4526 omnium
1761 4471 1950 4525 sanctorum:

180 4549 368 4606 sanctorum.
384 4545 457 4608 Nam
473 4547 657 4610 sacrificium
669 4548 808 4627 corporis
822 4545 934 4609 Christi
948 4547 1011 4606 reri
1030 4591 1039 4614 ,
1088 4548 1134 4616 tte.
1152 4549 1415 4627 inquitasstduae
1428 4564 1539 4625 proces
1552 4547 1715 4627 pronubis
1727 4546 1784 4608 tibi
1798 4543 1951 4626 offerant,

180 4625 305 4687 nominc
321 4627 412 4690 totius
434 4630 574 4708 corporis
589 4632 709 4710 mystici
723 4627 849 4694 ollertur
868 4634 923 4700 ,et
936 4625 1040 4690 olierri
1085 4647 1186 4712 eoque
1200 4633 1389 4694 memoriam
1408 4631 1541 4694 illorum
1562 4631 1775 4694 celebramus:
1795 4635 1831 4690 ut
1845 4645 1952 4709 qaan-

181 4709 285 4770 ‹tcueu
303 4711 431 4786 proinde
446 4712 526 4774 sicut
541 4716 738 4776 nominantur
765 4714 904 4775 virentes
919 4709 1041 4788 pontill-
1085 4715 1127 4776 do
1143 4712 1234 4777 nobis
1248 4713 1444 4792 inciperam
1458 4711 1601 4790 fidhnus,
1624 4713 1783 4775 memoria
1809 4716 1839 4773 et
1865 4712 1954 4790 lega-

181 4807 246 4860 ces,
263 4807 354 4870 reges
384 4795 514 4857 etmulti
536 4796 602 4874 alii3
619 4797 657 4856 lta
673 4797 762 4859 ctiam
779 4794 888 4857 mortui
903 4794 1041 4856 nomina·
1085 4798 1172 4860 tione
1184 4796 1318 4858 illorum
1337 4797 1483 4875 protecti,
1499 4813 1558 4873 per
1572 4811 1625 4858 eos
1655 4796 1838 4858 audeamus
1862 4797 1908 4856 ad
1924 4803 1955 4856 te

62 4896 65 4903 ·
180 4873 205 4934 ri
222 4874 347 4949 debent,
370 4879 434 4937 sire
450 4876 480 4938 in
497 4879 672 4959 purgatorio
687 4880 750 4940 sint
768 4925 775 4941 .
792 4878 856 4940 sive
877 4877 1011 4939 incocto
1028 4893 1037 4950 ς
1084 4881 1357 4958 decernerentque
1384 4880 1547 4942 tremendo
1563 4879 1633 4945 hoc,
1662 4883 1691 4942 et
1704 4893 1798 4954 sacro
1812 4893 1954 4940 munere

180 4959 385 5020 omncsenim
408 4963 445 5020 ad
475 4959 556 5023 idem
581 4979 694 5041 corpus
719 4960 884 5042 pertinent.
913 4957 1041 5021 Accedit
1084 4959 1471 5041 defungicbrysostomus
1487 4963 1517 5021 in
1535 4963 1667 5040 liturgia:
1685 4960 1948 5028 honorabilium.

179 5039 262 5114 quod
278 5049 310 5102 nt
324 5042 513 5117 Augustinus
525 5045 698 5107 scribitlib.
716 5043 766 5106 lb.
784 5043 822 5105 de
843 5041 931 5104 civit.
954 5042 1009 5104 bei
1027 5087 1036 5117 ‚
1084 5045 1193 5125 inquit,
1201 5044 1460 5123 incorporalium
1471 5059 1570 5122 cuper
1582 5045 1767 5108 coelestium
1779 5043 1952 5106 stoanna's

179 5137 247 5201 cap.
264 5123 294 5184 1.
311 5130 342 5186 et
358 5123 414 5185 tib.
439 5124 492 5186 22.
508 5143 576 5206 cap.
594 5127 644 5190 to.
662 5129 692 5189 in
714 5125 864 5190 sacrificio
880 5124 981 5186 altaris
996 5124 1037 5185 si·
1079 5128 1302 5207 praecursoris
1319 5132 1348 5188 et
1362 5127 1527 5206 Baptistae
1544 5173 1552 5192 .
1580 5132 1769 5190 sanctorum
1795 5127 1958 5204 glorioso·

179 5203 342 5279 gniticamr
355 5207 542 5270 sacrificinm
572 5211 740 5290 gencrale,
770 5224 832 5288 quo
860 5209 1037 5271 universum
1081 5227 1158 5272 rum
1171 5210 1402 5289 apostotorum,
1417 5212 1522 5272 sancti
1536 5209 1743 5288 hujuscup'us
1756 5209 1956 5271 memoriani

181 5302 293 5365 corpus
305 5289 414 5353 Christi
431 5293 605 5371 mysticum,
628 5293 719 5366 idest,
735 5297 795 5354 tota
824 5292 981 5370 redempta
994 5291 1036 5351 ci·
1082 5295 1222 5370 apinam,
1238 5300 1267 5355 et
1280 5293 1623 5356 omniumaanctorum
1645 5299 1788 5366 tatarum,¹
1809 5305 1956 5370 quorum

181 5369 256 5430 vitas
270 5370 395 5436 ollertar
408 5373 472 5437 Deo
495 5391 550 5452 per
578 5375 729 5438 Christum
757 5375 948 5436 sacerdotem
974 5390 1037 5434 ma·
1080 5375 1384 5454 supplicationibus,
1400 5378 1523 5455 respice
1536 5391 1597 5440 nos
1611 5375 1706 5437 Deus.
1724 5374 1862 5436 navarra:
1881 5375 1954 5436 Sta·

179 5468 285 5522 anum:
302 5461 333 5516 et
346 5458 416 5534 quia
431 5459 468 5519 ad
485 5474 665 5538 compagem
681 5459 774 5540 hujus
789 5459 927 5537 corporis
943 5457 1036 5534 perti·
1083 5456 1152 5524 biti,
1169 5459 1278 5536 inquit,
1294 5463 1419 5522 nostros
1433 5475 1559 5534 gressus
1570 5458 1719 5538 precibus
1745 5459 1956 5535 ctauppttca-

179 5537 358 5599 nemetiam
374 5543 483 5612 sancti,
499 5540 680 5620 quisuntin
703 5540 789 5602 coelo
807 5558 816 5617 ;
845 5541 915 5602 idco
944 5540 1035 5602 etiam
1084 5539 1224 5604 tionibus
1238 5547 1370 5605 sanctae
1385 5541 1571 5620 Deiparoe‚
1602 5547 1631 5603 et
1657 5557 1783 5619 semper
1811 5541 1955 5621 uirginis

178 5614 222 5676 illi
238 5633 295 5679 suo
309 5621 416 5681 ordino
431 5623 461 5683 in
477 5623 627 5684 sacrificio
641 5623 744 5684 altaris
759 5622 933 5684 nominandi
950 5626 1033 5684 sunt.
1083 5623 1217 5692 nance.
1234 5629 1263 5686 et
1278 5625 1424 5688 omnium
1437 5631 1635 5688 sanctorum.
1652 5625 1841 5702 Augustinus
1858 5632 1954 5686 tract.

104 5709 110 5716 ·
220 5699 284 5762 allia
300 5703 414 5764 utilitas
428 5711 486 5776 est.
504 5704 644 5766 cxcimtio
668 5710 792 5768 sanctae
807 5705 1032 5770 aemulationis:
1083 5705 1135 5770 81.
1153 5709 1183 5769 in
1199 5705 1374 5770 ioanldeo
1389 5709 1520 5787 qrcippc,
1538 5707 1710 5785 inquinari
1735 5708 1842 5784 ipsum
1858 5725 1953 5772 rnen·
