4084 6275
818 384 914 443 litabit
933 372 1064 443 SEXTUS
1700 390 1750 449 441

71 528 110 589 43
121 521 160 586 43
173 518 295 582 bisunu
307 523 355 582 334
365 534 474 599 magna
486 518 708 593 controversia
722 532 793 581 3333
805 518 926 581 3443334
967 516 1152 599 ⁴llyppolitus
1167 524 1278 599 martur
1293 520 1323 582 in
1339 520 1475 583 oratione
1491 520 1733 587 de‘ltntiobristo
1749 527 1834 589 sari··

71 602 231 673 adversarii
244 618 298 663 eas
311 601 426 665 3343333
439 603 550 667 344333
562 603 734 673 traducant,
750 608 780 663 et
800 602 927 680 angula·
971 604 1028 674 bit,
1044 601 1198 664 Christum
1214 602 1243 663 43
1259 601 1310 665 443
1323 602 1431 682 judicii
1446 603 1612 667 dicturum:
1628 604 1734 669 Vertite
1744 625 1828 687 pon-

72 706 120 753 res
134 701 189 765 per
199 686 416 747 33343331433
445 694 564 748 vocent:
595 693 696 746 tamen
722 686 872 747 babemus
886 685 926 746 de
971 684 1080 762 illices,
1097 684 1344 764 quipretiosum
1357 700 1473 763 corpus
1488 692 1596 750 meum
1610 690 1754 767 quotidie
1766 693 1826 755 433·

73 774 119 835 443
132 768 270 845 exemplu
295 766 542 831 manifestissima
563 767 764 845 antiquitatis.
793 766 866 828 Nam
895 767 928 829 io
970 767 1127 830 molestia.
1145 767 1284 843 11334333
1299 785 1326 829 3.
1343 767 1492 841 Andreas,
1509 776 1542 832 ut
1555 770 1588 831 iu
1604 770 1673 850 ejus
1697 773 1827 837 historia
1861 808 1869 825 ·

72 851 177 935 primis
189 850 339 912 Dominus
352 852 482 930 primam
507 852 633 912 missam
655 844 787 912 in‘stituit
798 867 835 913 uc
846 850 929 911 celc-
972 850 1116 928 legimus.
1133 850 1264 929 singulis
1279 850 1390 913 diebus
1405 866 1517 931 agnum
1534 852 1762 929 immaculatum¹
1781 869 1828 919 33·

72 933 167 999 433344
179 934 211 993 43
225 933 340 1011 priuata
353 935 458 994 domn:
485 939 516 994 34
542 932 676 1011 apostoli
699 932 928 1010 initio-nange-
973 931 1141 995 crisseabat.
1158 933 1217 995 Sed
1240 947 1341 1011 oeque
1366 933 1406 995 de
1432 934 1490 997 bac
1515 950 1549 997 rc
1571 935 1635 1015 jam
1662 938 1829 1003 adversarii

72 1022 141 1083 bant
153 1016 236 1077 cirea
250 1015 360 1077 domos
374 1031 497 1094 paoem,
514 1014 580 1077 Act.
596 1015 627 1075 2.
643 1030 678 1077 33
692 1016 806 1077 434343
829 1015 929 1076 333344
973 1016 1101 1076 331433
1116 1015 1265 1077 13433334.
1394 1027 1396 1035 ’

71 1096 231 1182 pontifices
243 1103 381 1174 tempore
394 1097 656 1176 persequutionis,
667 1113 728 1159 333
741 1099 771 1157 43
786 1096 929 1159 domibus
960 1098 976 1153 ’.
1015 1095 1133 1158 Tertio:
1145 1097 1211 1159 11434
1229 1100 1329 1174 potest
1344 1098 1436 1160 34333
1453 1098 1566 1175 priuata
1582 1116 1598 1161 a
1614 1099 1686 1175 433,
1700 1102 1771 1179 quia
1784 1105 1830 1166 ni·

72 1188 184 1247 433433
200 1179 337 1259 privatis,
354 1180 410 1241 sed
425 1181 516 1242 etiam
530 1179 564 1241 43
579 1180 694 1257 cryptis
723 1184 754 1240 el
773 1178 929 1241 133333134-
973 1178 1084 1240 mirum
1101 1179 1273 1257 proaliquo
1289 1180 1462 1258 particulari
1477 1181 1614 1258 bomine,
1631 1184 1679 1245 rel
1693 1186 1829 1265 ,negatio

68 1268 128 1330 bus*
141 1270 240 1324 terrae
255 1278 342 1323 sacra
356 1261 520 1324 iaciebant:
546 1262 641 1323 immo
663 1277 692 1323 3.
718 1261 873 1323 43343333
896 1262 927 1323 13
973 1262 1159 1333 3313433433,
1178 1268 1210 1323 34
1225 1278 1280 1340 pro
1295 1262 1354 1323 bne
1367 1264 1416 1324 331
1433 1264 1485 1324 4113
1502 1263 1658 1342 43133313;
1680 1282 1736 1344 pro
1760 1269 1828 1348 iste,

64 1343 403 1418 3333333333341433344,
420 1351 522 1407 34333
537 1345 636 1421 ipsius
663 1351 787 1421 pectore
810 1360 865 1422 pro
886 1345 928 1405 al·
973 1344 1090 1407 3314113
1106 1344 1302 1407 33333344343.
1320 1344 1356 1405 144
1370 1346 1497 1423 quidem
1512 1346 1538 1409 si
1553 1347 1646 1410 missa
1662 1350 1762 1428 aliqua
1779 1352 1831 1413 uni

71 1431 125 1492 tari
141 1444 217 1490 usus
232 1434 291 1501 eat,
308 1443 379 1489 eum
391 1426 510 1507 jaceret
523 1432 654 1488 onustus
668 1428 797 1497 catenis,
822 1442 879 1488 nec
896 1443 929 1487 e·
974 1428 1034 1489 soli
1050 1427 1266 1505 applicaretur,
1284 1428 1477 1491 excludendo
1492 1443 1602 1491 omncs
1629 1430 1707 1493 aiios
1731 1433 1828 1494 homi·

71 1516 168 1591 rigere
182 1510 322 1590 seipsum
336 1516 453 1584 possut.
471 1509 575 1572 1431334
595 1509 639 1571 44.
652 1508 846 1589 Nicephorus
868 1509 928 1571 lib.
973 1525 1042 1583 nes,
1060 1518 1124 1571 tum
1139 1525 1212 1571 rere
1227 1510 1338 1585 privata
1354 1508 1413 1571 dici
1432 1517 1548 1588 posset:
1568 1512 1623 1575 334
1650 1513 1718 1575 43143
1742 1516 1829 1578 33113

75 1597 104 1658 8.
120 1596 229 1655 443433.
248 1607 319 1671 cap.
335 1591 387 1653 aa.
601 1619 605 1627 ·
973 1599 1030 1665 est,
1046 1597 1098 1655 aut
1113 1592 1168 1653 luit
1183 1608 1319 1671 unquam
1333 1590 1366 1653 in
1381 1592 1531 1656 23313343.
1552 1593 1623 1656 1133
1640 1595 1741 1659 33343
1756 1598 1828 1661 mis·

110 1676 171 1739 1133
184 1675 287 1738 scium
301 1673 683 1751 abperseouutioacssed
698 1671 788 1735 etiam
806 1673 874 1735 aliis
889 1673 929 1736 de
972 1690 1005 1737 sa
1020 1673 1147 1737 ullerlur
1162 1692 1176 1735 a
1194 1675 1333 1736 ministro
1348 1674 1486 1753 publico,
1506 1676 1677 1755 etpublioo
1703 1678 1829 1743 nomine

72 1759 190 1823 caussis
203 1758 370 1835 aliquando
385 1763 505 1819 veteres
519 1757 551 1818 43
567 1755 691 1836 priuatis
710 1756 791 1818 ’13343
814 1756 929 1817 3333411·
974 1773 1029 1833 pro
1046 1764 1105 1819 4313
1122 1757 1271 1829 Ecclesia,
1288 1763 1349 1818 tum
1366 1774 1444 1836 quae
1462 1758 1492 1819 in
1509 1761 1610 1835 terris,
1627 1766 1690 1821 tum
1704 1776 1782 1838 quae
1798 1762 1831 1827 43

73 1844 116 1905 343
130 1838 312 1903 3113334334.
329 1839 510 1918 (troparium
524 1841 744 1901 nazianzenum
765 1839 796 1900 in
819 1840 928 1916 exigua
973 1840 1083 1909 coelis,
1100 1839 1192 1901 33143
1209 1838 1381 1919 purgatoria
1398 1847 1456 1903 est:
1473 1842 1667 1904 33343333
1690 1842 1828 1907 omnium

73 1924 181 1987 cellula
198 1928 336 1985 extructo
346 1923 479 1984 oratorio
489 1938 575 1985 sacra
587 1921 702 1984 iecisse
713 1920 829 1983 ibidem
839 1920 929 1983 Sozo-
973 1921 1004 1983 in
1019 1922 1155 1999 qualibet
1169 1921 1263 1983 missu
1279 1921 1392 1985 mentio
1407 1922 1547 1987 habetur.
1564 1924 1594 1987 si
1607 1932 1708 1989 autem
1734 1928 1829 1991 missa

72 2022 186 2068 33333
197 2010 337 2076 43343433,
353 2005 410 2066 lib.
428 2004 459 2067 l.
476 2005 584 2067 blstnr.
602 2020 672 2081 cap.
689 2003 929 2083 4333313333
973 2006 1145 2083 applicetur
1161 2005 1212 2066 uni
1229 2004 1436 2083 peculiariter,
1454 2006 1500 2067 343
1515 2012 1616 2069 43333
1628 2012 1661 2070 34
1686 2024 1747 2074 333
1764 2025 1828 2071 ex·

73 2089 244 2151 1433344433
258 2086 349 2150 etiam
364 2089 448 2150 citat.
474 2088 606 2150 Sanctus
630 2087 823 2161 Ambrosius,
850 2093 928 2149 43343
973 2088 1137 2149 313433433
1150 2089 1278 2164 caeteri;
1296 2092 1357 2149 tum
1374 2087 1488 2166 privata
1503 2090 1598 2151 missu
1619 2089 1685 2152 4434.
1707 2092 1830 2169 poterit,

72 2172 196 2232 Paulino
212 2169 244 2231 in
260 2172 318 2230 rita
333 2170 445 2248 ipsius,
461 2171 494 2232 in
509 2170 602 2231 domn
616 2168 806 2231 clarissimae
824 2169 930 2248 cujas·
972 2170 1088 2245 343344,
1105 2170 1342 2248 sicnmparetur
1356 2170 1395 2235 ad
1410 2169 1496 2246 alias,
1514 2172 1684 2251 quaen'ulli
1700 2175 1832 2252 partiou-

73 2257 138 2316 dam
152 2252 308 2314 ioemiuae
323 2252 361 2313 ab
376 2268 412 2315 ea
427 2257 564 2331 topatus,
590 2250 776 2314 sacrificium
801 2251 923 2313 obtulit.
973 2252 1029 2315 1334
1044 2252 1249 2331 applicantur.

73 2340 203 2398 sanctus
217 2335 408 2414 augustinus
422 2334 479 2396 lib.
494 2334 546 2396 22.
562 2334 603 2395 43
618 2331 704 2395 citit
720 2332 787 2405 liei,
810 2350 880 2411 cap.
895 2332 928 2397 8.
1014 2334 1120 2413 143333
1142 2335 1269 2400 dubium
1294 2339 1355 2409 est,
1381 2332 1536 2415 ejusmodi
1562 2334 1680 2409 missas,
1699 2337 1832 2417 privatas

73 2424 198 2481 testatur
212 2417 369 2494 3333433
384 2434 401 2479 3
416 2415 687 2497 conpresbyteris
711 2415 744 2477 43
765 2415 858 2478 4333
878 2432 928 2478 ru·
972 2415 1070 2481 134333
1084 2418 1116 2479 43
1130 2434 1191 2481 333
1205 2418 1349 2497 antiquae
1364 2417 1533 2491 Ecclesiae,
1560 2425 1591 2481 et
1616 2418 1716 2483 1434433
1742 2436 1826 2485 3333.

73 2502 147 2563 34433
161 2499 346 2562 3333443433
361 2498 500 2578 eorporis
528 2505 559 2561 et
569 2497 732 2576 sanguinis
743 2497 929 2560 Dominiob·
972 2498 1047 2561 liam
1062 2500 1093 2563 43
1109 2499 1304 2563 Testamenta
1319 2500 1412 2563 reteri
1428 2498 1577 2563 3333414343
1601 2500 1715 2564 434334
1739 2504 1833 2580 pluri·

74 2583 192 2646 tulisse.
208 2581 421 2645 Tbeodorelus
436 2582 468 2642 in
482 2581 611 2643 bistoria
625 2581 779 2658 religiosa,
794 2596 863 2658 cap.
875 2580 928 2643 214.
973 2597 1022 2643 33
1038 2598 1094 2660 pro
1108 2582 1356 2661 particularibus.
1372 2581 1497 2645 levitici
1512 2582 1543 2645 4.
1572 2590 1604 2647 34
1626 2582 1658 2646 b.
1685 2588 1836 2663 praescri·

75 2666 191 2738 scribit,
207 2678 244 2726 se
258 2665 290 2726 in
305 2665 417 2727 cellula
433 2664 526 2727 liaris
538 2663 742 2727 anachoretae
763 2679 850 2725 sacra
865 2678 929 2742 my·
972 2664 1087 2726 433433
1101 2664 1251 2729 3333411343
1265 2682 1320 2746 pro
1336 2664 1508 2739 sacerdote,
1526 2681 1582 2743 prc
1608 2668 1761 2745 principe,
1776 2684 1833 2747 pro

76 2747 168 2811 steria
182 2746 371 2809 celebrasse.
386 2746 555 2827 Gregorius
572 2746 680 2809 bomil.
701 2744 753 2807 34.
779 2747 813 2807 43
838 2761 928 2807 eran·
974 2747 1114 2827 quolibet
1128 2749 1254 2825 privato,
1272 2762 1326 2825 pro
1350 2762 1516 2826 synagoga.
1543 2746 1601 2811 lob
1625 2751 1654 2812 l.
1681 2750 1831 2813 4343333

72 2831 164 2910 golia,
180 2828 297 2902 scribit,
313 2827 452 2893 Cassium
466 2828 663 2891 narniensem
677 2830 871 2907 episcopum,
886 2827 929 2889 34·
974 2830 1159 2893 sacrificium
1174 2846 1229 2907 pro
1243 2828 1317 2893 illlis
1338 2828 1408 2907 lob3
1433 2836 1464 2892 et
1487 2829 1544 2892 lob
1569 2830 1622 2893 42.
1648 2832 1833 2895 sacriilcium

72 2928 142 2974 333
156 2911 397 2981 3334334333,
413 2911 579 2989 aliquando
598 2912 630 2973 43
655 2911 807 2988 episcopii
831 2915 929 2973 orato·
973 2927 1029 2991 pro
1045 2911 1153 2974 amicis
1167 2911 1237 2989 lob3
1253 2914 1284 2973 2.
1300 2910 1512 2973 machabaeos
1528 2911 1560 2974 3.
1577 2928 1632 2990 pro
1645 2914 1832 2979 Heliodoro.

73 2996 120 3057 rio
135 2995 262 3055 missam
276 2995 465 3067 celebrasse,
485 2995 568 3071 quod
592 2993 737 3056 videlicet
759 2993 797 3055 ad
822 2991 932 3055 143313-
1013 2993 1049 3055 13
1065 2994 1260 3057 Testamenta
1276 3007 1355 3057 3333
1370 2994 1530 3055 34333313
1547 2994 1691 3059 natalitiis
1710 3005 1831 3061 sancto·

72 3079 150 3140 siam
168 3076 278 3138 morbo
290 3075 457 3156 impeditus
472 3075 664 3140 descendere
679 3090 741 3139 non
756 3076 883 3151 valeret,
899 3081 931 3140 34
973 3092 1054 3148 333,
1070 3094 1147 3155 quas
1161 3093 1253 3156 supra
1268 3076 1476 3149 defendimus,
1492 3091 1602 3141 omnes
1624 3084 1709 3143 erunt
1736 3079 1833 3159 prita-

72 3157 839 3238 1444.3334343144.34133333333333333333
864 3159 929 3238 epi·
975 3161 1097 3222 433433
1113 3161 1201 3224 tertio
1221 3160 1329 3222 modo:
1354 3165 1386 3223 34
1409 3159 1561 3222 4343333
1585 3159 1708 3240 insigne
1732 3178 1835 3226 erem·

73 3257 215 3320 scopum,
229 3241 320 3320 jubet
332 3247 367 3304 34
385 3257 449 3305 non
473 3242 616 3321 proibeat
628 3242 661 3303 in
677 3244 769 3304 4333
790 3240 931 3303 venantii
975 3241 1071 3316 plum,
1089 3251 1208 3321 praeter
1222 3258 1258 3305 ea
1274 3249 1353 3322 quaa
1368 3257 1462 3319 supra
1476 3241 1567 3304 allata
1582 3250 1664 3316 sunt,
1681 3245 1835 3323 apudlte·
1857 3296 1860 3303 .

73 3324 188 3404 patritii
201 3326 314 3387 343333
327 3323 490 3388 celebrari.
505 3324 539 3386 S.
560 3322 696 3387 1333333
720 3324 931 3401 eleemosyna·
974 3325 1045 3386 dam
1059 3324 1116 3386 lib.
1132 3325 1163 3387 4.
1179 3324 1289 3389 443433.
1306 3341 1376 3402 cap.
1394 3323 1449 3385 14.
1461 3323 1515 3386 344
1527 3325 1624 3387 333344
1637 3327 1767 3406 apostoli
1778 3325 1833 3390 Pe·

74 3409 149 3478 3433,
166 3413 202 3469 34
214 3408 246 3468 43
261 3406 331 3485 ejus
346 3408 405 3470 rita
419 3407 768 3477 scribitLeootius‚cum
780 3407 931 3484 populum
974 3411 1040 3468 trus
1055 3414 1086 3468 et
1099 3407 1212 3470 Paulus
1226 3406 1347 3470 cuidam
1362 3413 1560 3484 apparentes,
1574 3407 1734 3480 jusserunt
1759 3408 1835 3472 mis·

74 3491 113 3552 de
127 3488 267 3551 23313343
281 3490 387 3568 egredi
402 3490 531 3562 rideret,
546 3505 608 3569 ouo
623 3496 761 3567 tempore
780 3504 865 3551 sacra
880 3504 930 3550 co·
973 3503 1026 3552 sas
1041 3488 1190 3552 celebrari
1203 3489 1236 3551 43
1251 3487 1302 3552 443
1317 3489 1415 3550 333344
1431 3487 1564 3551 oswaldi
1589 3491 1683 3570 regis,
1711 3493 1742 3553 in
1769 3507 1833 3554 me·

74 3571 223 3640 lebrabat,
240 3571 278 3635 34
293 3573 364 3634 illos
378 3585 548 3636 coorersus
561 3573 614 3634 ait:
629 3572 697 3650 493
716 3571 783 3647 {ilii
800 3575 932 3649 propter
965 3571 1102 3633 'moriam
1118 3570 1257 3650 eiusdem
1273 3586 1300 3632 s.
1318 3569 1462 3642 Oswaldi,
1479 3576 1510 3631 34
1523 3570 1672 3634 visionem
1689 3573 1833 3636 4113313·

74 3670 128 3717 333
142 3655 189 3716 34
202 3654 383 3717 Ecclesiam
396 3655 568 3729 43333343,
589 3669 670 3718 acm
695 3654 870 3732 3341444333
893 3654 932 3716 43
974 3653 1243 3738 43333334334333
1258 3652 1419 3716 manifeste
1434 3652 1531 3730 patuit
1544 3654 1727 3721 3334334414
1740 3671 1831 3719 3333-

76 3737 237 3816 3343333343
250 3736 656 3815 miesoefocerepoaerom.
674 3736 814 3814 lienique
835 3736 884 3814 (34
900 3753 931 3797 3·
975 3742 1008 3799 43
1023 3751 1139 3805 rerum.
1154 3753 1232 3817 quas
1257 3735 1351 3798 iidem
1376 3734 1507 3812 aposloli
1532 3733 1648 3798 1343333
1674 3737 1835 3815 praedite·

77 3819 116 3882 143
132 3819 274 3896 exempta
297 3819 552 3898 praetermittam)
573 3818 710 3882 4333333
729 3821 933 3882 4333333333
975 3823 1055 3882 3334.
1073 3819 1139 3881 Pari
1154 3819 1273 3882 ratione
1287 3818 1401 3880 343333
1415 3832 1472 3896 pro
1484 3816 1653 3891 defunctis,
1679 3827 1714 3882 ut
1739 3821 1833 3899 pluri-

77 3901 252 3964 4344343343
267 3901 455 3964 deturbem
480 3908 512 3964 34
524 3901 681 3979 Josapbat,
693 3901 812 3973 scribit,
823 3900 932 3963 bliar·
966 3917 1059 3964 mum
1074 3901 1275 3985 particulares
1303 3905 1390 3962 33334
1403 3906 1435 3962 34
1447 3899 1592 3977 privatae:
1606 3900 1746 3964 sicenim
1759 3903 1834 3966 3334·

78 3985 156 4045 1333
170 3986 386 4063 presbyterum
401 3985 509 4059 luisse,
524 3990 557 4046 et
579 3985 610 4045 in
632 4000 689 4046 sua
714 3985 838 4055 cellula,
862 3983 931 4046 solo
976 3983 1022 4046 bit
1037 3984 1224 4064 Augustinus
1237 3986 1276 4046 de
1291 3981 1376 4045 obitu
1391 3981 1497 4044 matris
1522 3999 1596 4046 suae
1621 3983 1678 4046 lib.
1701 3983 1733 4047 9.
1758 3983 1834 4048 dun·

79 4074 242 4144 praesente
255 4065 414 4146 losapbat,
428 4068 543 4130 missae
554 4065 742 4130 sacrificium
756 4066 868 4129 3143333
882 4081 932 4129 33·
978 4066 1053 4130 1333.
1069 4083 1138 4146 cap.
1156 4067 1207 4129 12.
1225 4065 1304 4128 Gom
1318 4062 1485 4145 offerretur
1496 4081 1557 4144 pro
1572 4082 1612 4128 33
1631 4068 1834 4146 sacrficium

62 4188 64 4191 -
81 4151 178 4211 14433.
976 4150 1075 4228 pretii
1086 4149 1273 4228 3331344333
1281 4147 1384 4224 iunio
1395 4146 1602 4225 eepclcnrcm
1613 4151 1718 4228 posito
1735 4152 1834 4213 codo·

117 4231 275 4295 Secundo:
290 4231 381 4294 llissa
395 4232 509 4310 prisma
523 4230 584 4295 4434
596 4237 698 4312 potest
710 4248 727 4294 3
739 4240 889 4309 tempore3
901 4234 935 4294 ut
977 4249 1052 4296 nere
1066 4237 1126 4296 etc.
1141 4232 1281 4311 11334333
1302 4225 1485 4294 sacrificium
1511 4230 1587 4292 illud
1613 4249 1631 4292 a
1652 4233 1834 4312 presbytero

79 4314 201 4392 publica
216 4317 270 4388 sit,
286 4330 364 4392 quae
380 4314 466 4378 iestis
480 4315 604 4390 diebus3
619 4315 745 4395 privata,
763 4329 843 4393 quae
863 4330 934 4392 pro·
979 4314 1120 4394 eiusdem
1135 4313 1296 4395 Augustini
1311 4313 1444 4376 oblatum
1459 4327 1516 4390 pro
1530 4312 1836 4378 liberationedomus

79 4397 164 4458 iestis
178 4397 405 4460 celebraretur
419 4413 602 4476 quamquam
616 4397 781 4462 3433333344
796 4413 857 4458 333
873 4396 933 4458 3431
978 4414 995 4458 3
1011 4397 1196 4461 daemonum
1210 4395 1369 4461 vexatione
1384 4394 1439 4458 lib.
1455 4394 1507 4456 22.
1523 4395 1563 4458 43
1579 4394 1665 4458 civit.
1691 4396 1747 4459 1134
1763 4414 1832 4476 cap.

80 4495 145 4541 raro
159 4480 338 4552 admodum,
355 4479 471 4542 331333
496 4481 597 4543 33133
623 4480 654 4540 43
680 4479 856 4552 dominicis,
883 4484 934 4542 aut
978 4479 1011 4542 8.
1027 4480 1129 4544 343143
1144 4479 1174 4543 44
1189 4495 1300 4560 penos,
1317 4479 1384 4542 sinc
1399 4476 1494 4539 dubio
1510 4479 1623 4556 privata
1638 4485 1756 4553 erant,
1770 4495 1830 4542 nee

82 4561 249 4642 majoribus
269 4561 357 4625 133443
382 4577 499 4624 sacram
524 4579 652 4647 333333
678 4561 805 4638 laciunl3
832 4570 932 4624 tamen
979 4562 1166 4642 reprebendi
1182 4561 1399 4643 possunt-nisi
1415 4565 1473 4622 iota
1486 4560 1650 4638 antiquitas
1665 4562 1833 4640 repreben-

82 4644 510 4723 nonnpertereprebeudunt
530 4661 622 4711 usum
644 4645 758 4706 missae
782 4645 933 4722 quotidia-
977 4645 1077 4708 datur.
1124 4677 1126 4680 ·

82 4741 149 4818 nae:
164 4728 703 4824 34333433311333433333343344
728 4733 840 4804 potest.
859 4726 932 4822 llam
1020 4727 1145 4824 Quarto:
1161 4726 1250 4790 llissa
1267 4726 1454 4822 privationi
1471 4730 1602 4822 potesta
1617 4723 1769 4805 paucitate
1781 4743 1832 4790 co·

82 4809 934 4972 lltl'lailitatrillttllalltltlllllt:
978 4816 1302 4973 1141444414
1314 4807 1833 4970 441444144344444

119 4973 238 5038 1434343
252 4976 359 5053 negari
380 4991 442 5037 333
468 4981 581 5052 potest,
606 4975 681 5055 quin
707 4976 780 5038 olim
802 4975 935 5050 34333143
979 4977 1100 5050 3413143,
1118 4976 1165 5038 331
1179 4973 1400 5048 conventualis,
1416 4989 1494 5054 quae
1508 4987 1571 5036 non
1586 4972 1834 5048 celebratur,nisi

81 5054 239 5120 44343343
251 5057 448 5121 33144313343
463 5060 577 5122 missae
602 5060 846 5122 celebrarentur.
861 5057 934 5120 1133
980 5059 1115 5138 populus
1129 5058 1220 5120 adsit:
1238 5055 1350 5138 privata
1365 5062 1479 5130 autem,
1496 5056 1533 5120 ad
1545 5071 1636 5135 quam
1648 5071 1711 5118 non
1724 5071 1835 5134 exspe-

83 5135 205 5202 dassius
218 5141 353 5218 singulis
367 5141 480 5204 diebus
494 5143 620 5204 missam
645 5141 936 5214 celebrabamus
980 5148 1078 5204 343433
1092 5141 1238 5220 popolus,
1254 5139 1310 5202 sed
1325 5155 1380 5218 pro
1395 5137 1521 5204 arbitrio
1543 5137 1714 5201 sacerdotis
1739 5137 1833 5201 babe-

82 5218 312 5299 dregnrioloeo
326 5224 378 5285 344.
394 5223 503 5287 43341.
518 5223 571 5286 al.
585 5224 775 5304 augustinus
786 5222 933 5304 3343424.
979 5230 1039 5298 433,
1057 5223 1121 5286 3433
1137 5223 1223 5284 33144
1238 5222 1350 5294 343434,
1367 5221 1432 5284 3433
1446 5219 1547 5302 pauci.
1574 5219 1635 5282 llas
1661 5220 1772 5284 missas
1793 5221 1835 5284 ita

82 5303 163 5376 dicit,
180 5303 336 5368 (14343433
349 5307 447 5368 33331
462 5307 494 5367 43
510 5321 602 5369 cruce
623 5307 823 5379 immolatum,
851 5307 936 5368 omni
979 5305 1111 5385 privatas
1125 5305 1290 5368 adversarii
1305 5320 1367 5366 non
1381 5320 1448 5366 3333
1463 5302 1693 5382 reprehendere
1718 5303 1831 5366 solent.

83 5384 133 5446 die
146 5387 178 5447 in
194 5393 391 5449 sacramento
411 5389 537 5467 populis
563 5389 726 5452 immolari.
754 5389 935 5469 chrysosto·
981 5387 1070 5452 certe
1084 5387 1244 5466 Philippus
1258 5386 1290 5448 43
1305 5386 1428 5465 apolog.
1444 5383 1583 5449 Conlcss.
1610 5384 1747 5448 accersit·
1760 5386 1834 5448 4433

15 5514 16 5521 .
85 5469 248 5530 333433.
264 5468 297 5531 3.
313 5471 344 5530 43
359 5470 452 5549 epist.
467 5471 505 5532 ad
521 5471 673 5550 bpbesios
693 5471 812 5546 scribit,
838 5471 935 5548 nunti·
980 5470 1054 5534 4343
1068 5475 1259 5548 argumenta,
1275 5476 1309 5530 ut
1323 5468 1442 5548 probet,
1457 5483 1520 5530 non
1545 5467 1661 5530 debere
1684 5466 1752 5530 lieri
1772 5468 1835 5530 nisi

84 5549 200 5613 443333
214 5551 403 5616 3413443333
417 5569 475 5616 suo
490 5561 627 5631 tempore
643 5552 934 5617 43343314331443·
980 5557 1072 5616 3333
1087 5553 1226 5624 missam,
1242 5552 1466 5631 3434333333
1482 5547 1531 5614 cci
1545 5551 1680 5628 populus
1700 5550 1831 5615 intersit:

14 5676 17 5705 ,
83 5635 275 5710 rooymusin
302 5651 370 5713 cap.
398 5636 428 5697 l.
455 5637 493 5698 34
518 5637 617 5701 Titum
642 5638 728 5713 dicit,
755 5637 935 5700 sacerdotes
981 5643 1083 5700 tamen
1109 5635 1160 5698 alii
1187 5652 1231 5698 ex.
1250 5629 1431 5696 adversariis
1456 5648 1518 5695 non
1543 5632 1648 5694 rolunt
1672 5631 1834 5696 4343333

15 5752 17 5791 1

86 5715 220 5871 3334434443
236 5719 574 5864 33333ξ33443333314,
597 5736 633 5784 aa
656 5720 724 5784 3343
746 5717 931 5786 sacrificare.
979 5720 1182 5786 contendere.
1199 5717 1272 5782 liam
1287 5717 1427 5783 43431433
1440 5715 1474 5780 43
1487 5713 1835 5784 3331333433311434333·

193 5829 324 5872 curura.
363 5820 399 5872 31.
419 5817 468 5874 111.
1587 5818 1621 5872 aa
