4084 6275
308 335 364 393 818
872 316 916 375 bb
928 312 1152 376 sacramanto
1173 316 1416 379 abelthutshhb

239 465 558 545 ristiueritantitypon
574 458 710 539 carparis
726 455 756 516 in
771 468 864 516 cruce
878 450 1097 514 immolatilia·
1142 452 1437 517 lemreddittsicct
1451 470 1567 535 corpus
1589 457 1685 535 ιιιιιιι,
1714 461 1805 539 cuod
1829 478 1854 523 a
1879 458 2000 540 Deoi-

240 556 279 615 da
294 553 528 633 chrysostomus
543 544 650 606 homil.
668 540 718 601 tt.
736 538 766 599 in
782 539 872 616 epist.
888 536 924 598 ad
939 534 1098 597 llebraeos
1142 544 1280 599 clamart
1290 538 1676 608 immortatedrcmostmcm
1686 545 2000 624 corpminpredtom

238 636 324 709 dicit,
341 630 559 698 Guelraristiam
574 640 645 687 esso
660 630 778 701 typum,
794 635 848 681 seu
864 617 989 696 liguram
1005 619 1099 679 sacri·
1142 624 1243 680 totum
1260 617 1298 682 iu
1312 635 1346 682 se
1361 621 1527 699 transscrtr
1539 629 1635 703 atque
1647 632 1831 687 commutat.
1861 627 1955 697 Nom,
1969 634 2001 691 nr

236 717 297 779 licii
313 717 426 789 crucis;
441 720 471 773 et
485 719 585 772 tamen
600 707 714 768 ibidem
729 701 849 772 asserit,
868 701 1098 794 nuuc-eundem
1141 702 1330 779 pestiferum
1345 719 1419 765 cum
1429 704 1555 768 salubri
1579 709 1780 771 commistum
1800 710 1891 772 illud
1916 712 2002 789 efficit

238 800 390 861 Christum
411 793 525 863 afferri,
542 790 595 868 qni
610 793 683 850 tunc
696 785 817 849 oblatus
846 783 912 845 ιιιιι.
929 781 1035 843 Simile
1048 799 1099 845 es·
1141 786 1373 862 perminimum
1388 787 1434 849 sic
1449 794 1606 867 etcorpue
1633 791 1815 854 immortale
1836 794 1950 856 reddit
1962 802 2001 855 to·

237 890 295 956 set,
312 882 337 942 si
354 896 406 941 rer
417 876 529 956 aliquis
542 872 722 951 gravissimo
743 868 826 928 bello
848 866 987 928 coniecto
1014 864 1098 927 idem
1148 872 1217 927 tune
1229 868 1324 935 illud,
1337 870 1375 931 irc
1388 886 1451 949 quo
1465 878 1649 949 susceptum
1662 878 1717 945 cst,
1731 880 1877 937 maturae
1901 877 2000 939 sinodo

236 966 337 1041 ipsum
348 963 462 1038 bellum
475 959 513 1017 ad
528 952 745 1018 oblectandum
760 951 875 1028 populo
890 950 920 1009 in
935 963 1028 1009 scena
1050 964 1097 1009 re·
1140 950 1366 1012 immortalilit
1381 952 1468 1013 inira:
1484 954 1648 1017 Fidetr'ttm
1663 956 1853 1034 corporibus
1867 960 2000 1035 cocejum·

236 1045 422 1125 praesentari
439 1041 540 1112 veltet,
557 1044 587 1098 ct
602 1036 669 1115 ipse
681 1036 775 1101 idem,
791 1034 843 1108 qui
859 1045 929 1092 rere
945 1046 1098 1123 pugnare·
1141 1032 1240 1107 octor,
1256 1040 1291 1094 nt
1307 1049 1346 1094 aa
1361 1036 1589 1115 conjonctione
1604 1052 1678 1099 cum
1698 1040 1894 1115 immortali,
1911 1040 1998 1103 lromo

225 1136 292 1201 rat,
310 1128 339 1186 in
355 1141 448 1186 scena
460 1124 598 1199 scipsum
620 1121 872 1196 repraesentaret:
903 1119 988 1173 essct
1013 1129 1096 1174 enim
1142 1115 1240 1175 etiam
1252 1116 1503 1181 immortalitatis
1522 1120 1684 1199 particeps
1698 1119 1765 1197 fiat.
1782 1122 1868 1184 llaec
1885 1124 1950 1186 ille.

235 1212 303 1286 ipse
317 1224 388 1269 vere
403 1207 558 1284 antitypou
572 1202 622 1265 sui
636 1201 746 1278 ipsius.
763 1196 877 1259 Similia
894 1196 1043 1256 habemus
1064 1196 1097 1257 in
1183 1198 1325 1259 secundo
1341 1200 1472 1277 quaerit:
1496 1201 1654 1274 Quomodo
1669 1206 1766 1282 possit
1777 1221 1876 1266 unum
1893 1222 1999 1285 corpus

236 1291 304 1353 aliis
320 1290 429 1351 Christi
452 1281 795 1366 repraesentationibus:
812 1295 881 1339 nem
907 1294 977 1339 cum
998 1276 1097 1341 tribus
1141 1280 1194 1339 loti
1212 1280 1326 1343 mundo
1342 1283 1574 1354 communicari,
1590 1291 1621 1345 et
1647 1292 1748 1347 lamen
1776 1302 1908 1363 semper
1928 1288 1998 1351 inte·

239 1375 350 1437 diebus
367 1372 463 1441 latuit,
476 1378 507 1431 et
519 1366 640 1429 taudem
653 1364 738 1427 tertia
760 1363 809 1423 die
832 1363 1038 1453 inventusest
1064 1364 1097 1421 in
1141 1377 1228 1438 grum
1245 1370 1376 1425 mancat:
1394 1381 1471 1443 quac
1487 1367 1611 1445 quidem
1626 1370 1998 1443 quaestioahsurdtssiua

238 1457 365 1534 templo,
379 1453 554 1532 significare
569 1448 672 1520 noluit,
700 1452 777 1508 teste
792 1444 951 1505 Ambrosio
978 1459 1008 1502 m
1025 1458 1094 1521 cap.
1141 1451 1235 1511 esset.
1252 1447 1277 1506 si
1294 1451 1409 1508 tautum
1423 1448 1451 1508 in
1465 1450 1554 1523 signo
1568 1466 1681 1528 carpos
1696 1448 1806 1513 Christi
1837 1453 1997 1515 manduca·

237 1539 269 1601 2.
286 1540 397 1608 hucac,
412 1553 446 1597 sc
463 1535 561 1597 triduo
578 1533 710 1593 [uturum
725 1528 758 1587 in
773 1526 940 1604 sepulchro
965 1524 1098 1586 abscon·
1142 1533 1238 1601 retum
1253 1530 1337 1589 nulla
1353 1533 1435 1591 cuim
1451 1530 1613 1594 difficultas
1628 1534 1659 1595 in
1682 1549 1716 1593 ea
1732 1550 1766 1595 rc
1779 1533 1856 1613 ilngi
1871 1543 1995 1612 posset:

238 1622 348 1691 ditum,
365 1626 397 1681 ct
413 1620 533 1679 tandem
549 1615 634 1677 tertia
649 1612 701 1675 die
716 1608 1010 1671 resurrecturumht
1025 1607 1097 1669 liat·
1143 1607 1425 1675 Considerandum
1439 1620 1494 1682 est,
1508 1614 1617 1693 inquit,
1630 1618 1790 1695 quomado
1801 1616 1880 1695 ficri
1893 1624 1995 1696 queat,

237 1706 283 1765 th.
299 1704 422 1765 ticum
439 1698 671 1779 transfiguratus
685 1700 733 1755 est
747 1694 777 1751 in
792 1697 895 1752 monte
909 1705 1012 1751 coram
1027 1706 1096 1767 pro·
1140 1698 1178 1753 ut
1193 1707 1267 1753 cum
1281 1709 1388 1757 unum
1398 1696 1484 1758 illud
1495 1711 1611 1775 corpus
1626 1700 1823 1778 assiducper
1838 1707 1941 1761 totum
1953 1718 1998 1764 or·

238 1787 342 1863 puetis
354 1792 385 1845 ct
398 1783 559 1861 apostolis,
574 1776 750 1858 significare
762 1774 868 1842 noluit,
882 1789 917 1834 se
943 1787 981 1835 ca
1004 1773 1096 1834 modo
1141 1771 1211 1835 bem
1225 1782 1386 1839 terrarum
1406 1784 1451 1839 lot
1463 1776 1610 1855 fidelium
1625 1780 1767 1843 millibus
1779 1784 1996 1860 impertiatur,

235 1870 402 1931 ridendum
417 1870 448 1927 in
463 1864 557 1940 gloria
569 1858 699 1924 caelesti
710 1857 748 1919 ab
760 1855 904 1917 onisiibns
919 1855 1096 1917 sanctisve·
1140 1860 1415 1940 totamom'nsqne
1425 1877 1484 1939 per
1495 1868 1623 1939 partem
1637 1865 1775 1938 modat,
1802 1872 1833 1926 et
1847 1866 1887 1927 im
1900 1869 1996 1945 scipso

232 1954 351 2012 terisct
365 1948 433 2010 nuri
455 1944 655 2007 'leshrmenti
683 1940 757 2017 Ipse
783 1940 873 2017 igitur
902 1953 964 1999 non
996 1938 1096 2000 semel
1140 1945 1454 2019 totumpermaneat.
1468 1944 1548 2005 llaec
1564 1944 1627 2007 ille.

237 2033 397 2111 f„12,15903
409 2039 439 2094 er
452 2030 547 2109 figora
558 2027 607 2091 sui
624 2024 734 2105 ipsius·
930 2097 933 2101 ¹
1180 2022 1280 2084 Tertio
1297 2070 1305 2099 ‚
1329 2025 1545 2104 respondetad
1567 2026 1791 2104 quaestionem,
1808 2045 1846 2090 ac
1861 2029 1935 2091 dicit
1951 2048 1997 2108 pa·

973 2136 977 2145 ·
1140 2118 1211 2165 nem
1227 2106 1279 2184 qui
1292 2109 1415 2186 ponitur
1430 2109 1460 2169 in
1477 2109 1709 2181 altari‚conrerti
1725 2110 1757 2171 in
1773 2128 1901 2173 carnem
1918 2110 1996 2174 Chri·

1041 2212 1043 2217 ·
1141 2188 1190 2262 sti,
1208 2196 1239 2249 et
1250 2204 1287 2251 co
1300 2192 1391 2252 modo
1406 2192 1591 2269 omnesqui
1607 2207 1644 2253 eo
1659 2208 1739 2270 pauc
1754 2198 1935 2267 vescuntur,
1951 2212 1995 2257 re·

558 2324 676 2389 CAPUT
697 2324 762 2386 XVI
1140 2286 1172 2331 rc
1186 2270 1421 2335 sumerchristi
1434 2288 1556 2335 carnem
1568 2276 1635 2336 ane
1646 2275 1709 2336 ullo
1722 2273 1790 2354 ejus
1802 2276 1993 2339 detrimento:

769 2369 777 2385 ·
1140 2368 1218 2429 quac
1233 2370 1307 2415 sane
1324 2361 1371 2416 est
1382 2354 1568 2427 acutissima,
1584 2363 1615 2418 et
1635 2358 1792 2420 rarissima
1821 2360 1994 2438 responsio.

1139 2434 1212 2495 Nam
1229 2437 1291 2497 rull
1305 2438 1422 2508 dicere,
1436 2446 1469 2499 ut
1489 2439 1657 2502 habeamus
1679 2446 1709 2502 et
1733 2441 1936 2503 comedamus
1949 2457 1993 2503 re

1138 2533 1202 2578 rom
1220 2518 1330 2581 Christi
1343 2536 1478 2592 carnem,
1495 2537 1556 2583 nou
1571 2536 1642 2584 esse
1657 2538 1747 2601 opus,
1761 2530 1794 2584 ut
1809 2522 1949 2585 Christus
1959 2524 1994 2585 dc

1140 2599 1422 2673 castamserram,
1440 2603 1495 2665 scd
1511 2610 1653 2666 manente
1668 2605 1721 2667 illo
1733 2606 1818 2667 salvo
1834 2612 1867 2667 ct
1884 2607 1993 2667 incolu-

1140 2684 1179 2742 mi
1197 2684 1226 2743 in
1243 2685 1343 2757 caela,
1360 2686 1434 2747 verti
1451 2686 1586 2763 qnotidie
1602 2702 1711 2763 panem
1723 2687 1755 2750 iu
1771 2704 1888 2767 carpus
1903 2690 1990 2768 ejus,

273 2770 306 2832 S.
323 2770 486 2850 Gregorius
500 2786 655 2851 nyssenus
669 2788 697 2834 ε.
711 2772 813 2834 Basilii
835 2771 938 2838 irater.
969 2770 1092 2851 insigne
1138 2773 1220 2825 eleo
1237 2768 1327 2828 modo
1342 2785 1358 2827 a
1376 2768 1478 2829 mullis
1500 2768 1689 2831 manducari.

234 2856 443 2915 testimonium
458 2854 548 2915 nobis
563 2856 703 2933 praebet:
717 2872 754 2914 er
769 2870 831 2933 quo
853 2855 944 2916 ctiam
960 2853 1093 2934 intelligi
1117 2858 1120 2865 '
1179 2848 1265 2923 Quod
1281 2856 1382 2911 aulem
1400 2866 1460 2912 non
1474 2851 1614 2927 loquatur
1625 2851 1664 2913 dc
1678 2852 1846 2915 mutatione
1862 2854 1950 2931 panis
1963 2853 1992 2914 iu

231 2942 349 3017 posset,
367 2936 440 3015 quid
456 2936 586 3002 Basilius
611 2937 774 3011 sensisset,
801 2938 827 2997 si
844 2938 949 2998 dc·ea
970 2952 1003 2997 re
1026 2939 1089 3000 ulla
1138 2946 1262 2993 tarnem
1277 2948 1332 3010 pcr
1354 2933 1449 2994 solam
1466 2933 1747 3011 significationem,
1777 2941 1811 2997 ιιι
1831 2936 1993 2999 adversarii

232 3018 381 3081 dubitatio
395 3018 536 3080 oriretur.
554 3019 678 3080 Constat
702 3018 970 3098 enimilysseuum
985 3018 1089 3096 iniis,
1137 3014 1242 3075 dicere
1257 3017 1370 3085 solent.
1387 3017 1442 3077 sed
1455 3015 1493 3077 dil
1509 3031 1578 3079 leri
1608 3023 1639 3077 θῑ
1652 3018 1727 3079 ῐθθιί
1749 3020 1928 3094 mutatione,
1945 3036 1991 3099 pa·

234 3117 313 3179 qnae
327 3102 364 3163 ad
379 3100 471 3162 fldem
487 3101 652 3179 pertinent,
676 3102 759 3163 nulla
775 3103 807 3163 in
822 3117 856 3164 rc
871 3120 887 3164 a
903 3100 1014 3164 basilio
1028 3104 1090 3166 dis·
1139 3100 1180 3157 tet
1195 3096 1306 3172 Primo.
1330 3114 1368 3160 0¹1
1382 3098 1449 3174 ipsa
1464 3098 1659 3178 quaestione,
1680 3116 1759 3178 quae
1780 3100 1828 3182 (¹¹1
1842 3102 1920 3179 dili)
1933 3102 1991 3163 5¹10·

236 3185 387 3247 sensisse.
401 3183 498 3262 Igitur
513 3186 544 3244 in
559 3184 663 3247 lib.dc
675 3185 733 3247 rita
745 3185 871 3263 Moysis,
887 3184 941 3246 uhi
955 3184 1091 3262 disputat
1137 3185 1187 3256 pla
1202 3189 1297 3252 osset,
1313 3181 1340 3243 si
1355 3183 1394 3243 do
1412 3183 1580 3244 mutatione
1594 3182 1827 3260 significationis
1842 3191 1989 3265 ageretur.

234 3270 274 3328 de
289 3283 398 3328 manua
412 3266 609 3341 ludaeorum,
626 3272 657 3329 et
670 3282 741 3330 cum
757 3268 858 3328 eibum
886 3283 956 3328 cum
971 3265 1090 3330 Euclra·
1136 3263 1291 3336 secundo,
1308 3270 1390 3342 patet
1412 3281 1449 3326 cx
1474 3265 1538 3342 ipsa
1563 3264 1632 3344 ejus
1663 3267 1868 3344 explicatione
1886 3314 1893 3334 ,
1923 3267 1990 3329 dicit

235 3350 319 3411 ristia
335 3349 462 3423 calderi,
479 3349 673 3428 sicloquitur
698 3349 737 3412 dc
757 3349 959 3411 Euclraristia:
987 3349 1089 3413 Panis
1139 3346 1271 3407 enimila
1288 3345 1395 3407 mutari
1423 3363 1505 3408 niinc
1533 3363 1643 3425 panem
1671 3345 1702 3409 iu
1728 3365 1853 3410 carnem
1876 3347 1990 3411 Domini

236 3438 282 3494 est
295 3430 561 3510 absquesemimc.
577 3432 872 3511 adaquametiam,
890 3432 945 3494 abs
969 3447 1010 3494 ue
1024 3433 1092 3496 otto
1137 3427 1245 3489 virtute
1259 3430 1420 3490 verborum
1437 3429 1547 3507 ipsius,
1564 3430 1819 3507 quemadmodum
1844 3433 1989 3509 cumipse

235 3515 380 3576 ltnrncua
395 3513 783 3592 opereccbisparatua.ls
795 3516 935 3593 deecpcr
948 3449 1094 3593 gennem
1138 3509 1168 3568 in
1186 3509 1274 3572 terris
1290 3513 1416 3582 vireret,
1436 3511 1605 3574 mutabatur
1617 3511 1716 3590 ponis,
1733 3529 1793 3600 quo
1808 3514 1878 3591 ipse
1894 3529 1988 3576 resec·

232 3597 400 3660 inuenitur
413 3598 451 3659 ic
465 3599 569 3658 terris.
587 3598 685 3660 loom
699 3598 788 3659 enim
802 3600 859 3675 peti
883 3601 924 3660 dc
936 3598 1022 3660 caelo
1038 3601 1091 3661 de·
1136 3591 1226 3654 batur
1248 3594 1278 3654 in
1292 3609 1416 3656 curnem
1432 3594 1542 3672 ipsius.
1567 3594 1668 3656 Tertio
1697 3602 1789 3672 patet,
1820 3597 1893 3674 quia
1923 3596 1988 3657 dicit

231 3679 367 3751 aceedit,
379 3682 535 3757 autumus
550 3680 639 3742 cibas
650 3685 705 3753 est,
719 3683 778 3760 qut
801 3681 1092 3758 aenigmaticarum
1137 3675 1216 3735 banc
1232 3679 1428 3737 mutationem
1446 3675 1511 3738 lieri
1528 3676 1628 3737 divina
1652 3677 1773 3746 virtute.
1799 3693 1856 3740 seu
1888 3680 1986 3741 virtute

231 3762 368 3824 historia
380 3761 608 3840 significatur,
630 3779 700 3825 riom
718 3765 916 3840 incorporea
928 3765 1092 3842 quaedam
1136 3757 1254 3820 divinae
1270 3759 1496 3820 benedictionis
1513 3777 1521 3816 :
1539 3759 1621 3820 nulla
1632 3765 1733 3821 aulem
1749 3760 1841 3822 virtus
1859 3763 1988 3838 require·

233 3860 284 3905 res
300 3849 357 3904 cst:
374 3859 439 3923 quo
455 3845 542 3906 err-im
554 3851 649 3922 pacto
670 3861 721 3907 res
744 3845 939 3922 incorporea
963 3849 1093 3924 corpori
1135 3838 1224 3900 batur
1238 3841 1275 3902 ad
1290 3841 1464 3903 mutandam
1486 3839 1762 3920 significationem,
1793 3860 1863 3903 oum
1891 3846 1929 3905 sit
1943 3858 1986 3904 res

233 3925 323 3988 cibus
336 3925 408 4003 list?
419 3942 471 3988 res
487 3933 596 3988 actem
609 3943 695 4004 pecc
708 3927 904 4006 incorporea
927 3943 994 3989 uon
1018 3933 1089 4000 est,
1135 3936 1220 3983 mere
1235 3922 1415 3984 voluntaria.
1432 3923 1513 3984 llaec
1530 3929 1628 3984 antem
1645 3931 1717 3986 sunt
1737 3924 1827 3986 rerba
1841 3927 1923 4003 ejus:
1941 3924 1986 3986 bi·

233 4024 351 4084 corpus
365 4009 498 4070 ommino
510 4013 570 4070 cst.
585 4008 667 4072 llaec
683 4008 815 4071 illeille
836 4011 897 4071 duo
912 4009 1063 4072 babemus
1080 4057 1088 4084 ‚
1133 4004 1807 4083 uicumiltudcorpuspamisriutrimemtum
1818 4009 1985 4086 accipiens,

232 4107 311 4170 quae
328 4091 496 4152 excludunt
509 4106 630 4163 omncs,
647 4090 814 4171 quaetlngi
837 4099 965 4169 possent
978 4094 1016 4151 ab
1040 4096 1091 4154 ad·
1134 4087 1223 4148 idem
1234 4089 1473 4167 quodammodo
1489 4094 1559 4150 arat
1579 4103 1653 4150 cam
1673 4089 1731 4151 illo
1757 4089 1826 4151 cibo
1842 4091 1894 4167 (ut
1907 4090 1985 4153 aiei·

228 4173 609 4249 versariisexpositioncs.
623 4174 695 4236 llam
709 4174 807 4234 Primo
823 4175 987 4253 Gregorius
1001 4175 1087 4238 dicit:
1133 4169 1262 4248 mttsm'u
1274 4171 1493 4251 ejuscorpcris
1504 4173 1891 4254 maturamimmutctogbit
1903 4173 1983 4233 intra:

230 4256 345 4318 Panem
357 4253 568 4317 Eucliaristice
589 4258 656 4318 sine
677 4258 807 4328 semine,
838 4259 907 4318 sinc
929 4258 1087 4331 aratione,
1136 4248 1348 4324 Quamobrem
1357 4260 1443 4316 recte
1457 4254 1556 4315 etiam
1569 4269 1659 4316 manc
1674 4255 1730 4316 ltci
1742 4253 1837 4315 uerbo
1851 4253 1985 4331 sonctifi-

230 4340 299 4400 sioc
314 4353 409 4415 opere
424 4339 557 4398 humano
579 4337 657 4416 lieri3
674 4339 756 4419 qnod
772 4346 854 4401 certe
871 4355 931 4399 non
947 4341 1090 4401 convenit
1133 4339 1244 4396 catum
1257 4351 1379 4414 panem
1393 4337 1431 4399 iu
1442 4335 1500 4398 Dei
1513 4333 1602 4397 Verbi
1622 4351 1737 4414 corpus
1757 4338 1919 4400 eredimus
1932 4338 1985 4398 im·

231 4420 301 4500 pani
317 4420 446 4480 triticeo:
465 4421 598 4498 loquitur
609 4423 701 4500 igitur
717 4421 758 4482 de
772 4437 843 4484 vero
859 4437 988 4501 corpore
1003 4421 1088 4485 Chri·
1132 4419 1266 4478 mutari.
1283 4417 1319 4480 El
1336 4419 1424 4481 inira:
1440 4419 1526 4480 llaec
1542 4423 1651 4480 aulem
1670 4420 1780 4481 tribuit
1804 4420 1920 4482 virtute
1940 4417 1983 4478 bt·

230 4502 281 4571 sti,
299 4502 348 4563 cni
364 4502 416 4562 itta
431 4502 533 4564 omnia
548 4505 745 4565 eanreniunt.
1111 4567 1114 4574 ,
1131 4500 1326 4562 mediationis
1340 4503 1472 4564 imttlnd
1484 4500 1614 4578 (eorpus
1627 4500 1768 4578 bomini)
1783 4517 1896 4564 remam
1907 4513 1982 4581 quoe

271 4584 426 4652 Secunda,
437 4584 520 4645 dicit:
535 4583 672 4647 hundam
695 4601 805 4664 panem
817 4601 945 4664 corpore
960 4587 1087 4650 mandu·
1131 4584 1282 4646 uidentur
1294 4585 1400 4662 (idest)
1425 4585 1522 4662 partis
1532 4589 1568 4656 et
1581 4584 1661 4654 nini,
1677 4592 1833 4647 maturum
1845 4593 1981 4648 mutam.

229 4667 303 4728 ceri:
320 4683 382 4727 non
398 4682 472 4745 ergo
494 4666 627 4745 loquitur
642 4673 680 4730 de
695 4684 823 4746 corpore
844 4668 975 4745 bamini,
993 4676 1025 4731 ul
1040 4677 1088 4732 cst
1132 4663 1214 4724 ¹¹³⁰ss
1230 4667 1292 4728 ιΙΙθ·
1307 4666 1389 4740 Quill
1405 4674 1463 4727 1³1¹ss
1475 4666 1637 4745 Pilsilssui
1653 4673 1737 4739 sunt,
1752 4674 1785 4729 ul
1813 4683 1876 4730 ⁰⁰¹1
1900 4667 1981 4728 fueri!

228 4749 375 4820 incocto,
392 4748 785 4826 etsolatldesumitur‚sed
802 4751 1084 4830 decemremem,
1131 4762 1225 4808 husus
1241 4748 1321 4810 ullus
1342 4749 1594 4820 adversariorum,
1618 4749 1699 4826 tlu⁰d
1721 4751 1814 4812 sciam
1835 4797 1843 4823 2
1874 4751 1918 4812 rel
1946 4745 1979 4805 ad

230 4839 263 4893 ιιι
277 4838 324 4892 cst
339 4832 369 4892 in
384 4830 584 4894 iiuclraristia.
897 4867 900 4870 -
1029 4887 1030 4896 ,
1132 4829 1207 4890 traice
1223 4830 1289 4892 loca
1306 4832 1505 4908 respondere,
1531 4832 1576 4892 rel
1593 4831 1708 4911 aliquid
1731 4847 1769 4894 cs
1791 4834 1849 4895 hoc
1864 4837 1979 4896 auctore

268 4911 346 4973 Item
360 4911 524 4991 Gregorius
538 4915 569 4975 iu
581 4914 716 4976 oratione
742 4914 929 4978 eatccbetica
946 4931 1014 4994 cap.
1032 4915 1084 4980 36.
1130 4911 1219 4972 nobis
1235 4913 1382 4992 objicere.
1753 4931 1754 4940 ¹

228 4998 258 5054 ct
269 4994 320 5055 ci.
335 4996 425 5057 inulta
443 4996 533 5058 hahet
543 5012 692 5075 expresse
721 4996 759 5060 de
782 5000 905 5062 veritate
929 4998 1022 5075 huius
1037 5015 1084 5062 sa·

226 5077 373 5138 crementi
389 5123 398 5150 ‚
415 5080 567 5140 stellatur
581 5081 631 5141 hic
645 5083 731 5142 lucus
755 5081 793 5141 ab
808 5080 970 5160 Euthymio
984 5080 1016 5142 in
1031 5079 1085 5142 Pa·
1625 5137 1633 5170 r

226 5158 330 5234 neptia
352 5166 430 5235 part.
446 5160 477 5220 2.
495 5159 572 5222 ιιιιιι.
586 5161 637 5223 2ι.
651 5169 682 5223 et
695 5179 711 5224 a
722 5161 904 5226 bessarione
927 5163 959 5224 iu
972 5162 1025 5224 lib.
1043 5163 1082 5226 de
1442 5135 1561 5200 CAPUT
1583 5138 1676 5200 Xffl·

226 5237 593 5320 rerhisconsemtionis.
617 5243 771 5306 lateralia
793 5245 877 5318 dicit,
901 5252 932 5307 et
955 5244 1081 5324 saepius
1304 5309 1310 5321 ‚
1394 5309 1400 5322 ,
1556 5311 1563 5324 ‚
1675 5313 1681 5324 ,
1740 5313 1746 5326 ,
1802 5314 1808 5326 ,
1875 5314 1882 5326 ,

226 5323 347 5396 repetit,
359 5338 473 5400 corpus
485 5323 596 5388 Christi
612 5328 779 5389 immortale
794 5328 941 5407 conjungi
954 5343 1010 5406 per
1020 5326 1080 5390 Eu·
1230 5307 1458 5372 Tisslimffliwm
1478 5307 1563 5372 ⁶⁰⁰st
1576 5309 1681 5391 Otilss‘l
1700 5315 1892 5378 milimin-

226 5403 401 5464 charislium
415 5421 484 5466 cum
500 5414 604 5471 nostro
619 5410 735 5471 mortali
750 5426 892 5488 corpore,
908 5416 939 5472 ct
954 5410 1028 5472 illud
1041 5411 1082 5474 si·
1143 5437 1145 5442 v

223 5483 255 5578 bi
271 5485 372 5546 simile
389 5487 529 5562 reddere,
542 5489 633 5565 idest,
649 5491 783 5565 edicere,
801 5500 834 5554 ut
856 5493 1024 5571 gloriosum
1052 5499 1084 5554 cl
1171 5491 1298 5570 Optatus
1312 5495 1506 5559 milevitanus
1521 5495 1623 5556 iloruil
1639 5495 1748 5556 eodem
1761 5502 1911 5575 tempore,
1927 5503 1980 5568 quo

223 5568 395 5660 immortale
409 5570 575 5647 aliquando
590 5582 739 5651 resurgat:
773 5572 1053 5648 Quemadmodum
1072 5619 1081 5649 ‚
1130 5573 1309 5638 Ambrosius
1336 5583 1366 5638 et
1380 5577 1517 5651 basilius,
1548 5585 1580 5639 ut
1607 5585 1690 5655 petet
1712 5595 1749 5640 es
1764 5580 1818 5642 lib.
1836 5579 1867 5640 2.
1885 5581 1978 5638 contra

222 5655 333 5726 inquit,
347 5666 467 5726 parum
478 5653 628 5728 ferrrcemtt
641 5660 742 5718 totam
754 5673 898 5720 memsam
917 5656 980 5719 sibi
993 5657 1085 5718 simi·
1133 5657 1374 5735 Porincnisnum,
1392 5660 1445 5722 ubi
1461 5661 1567 5724 scribit
1583 5675 1617 5724 sc
1633 5659 1746 5725 risisse
1761 5668 1901 5742 tempore
1915 5657 1979 5720 Siri-

354 2553 599 2617 ‘l'estimomium
611 2568 638 2614 s.
657 2551 801 2630 Gregorii
813 2550 958 2631 commit.
