4084 6275
842 392 939 453 tilieti
954 390 1084 454 sexies
1715 388 1767 453 ide

86 529 288 615 philosophia.
305 529 426 595 Falsum
449 533 605 611 praetereo
619 528 769 593 botherus
783 531 933 606 assumit,
977 532 1093 612 passim
1108 546 1123 591 a
1136 530 1250 591 sanetis·
1272 531 1426 607 usurpata.
1442 527 1474 589 2.
1490 524 1619 603 Paralia.
1646 526 1676 588 d.
1690 524 1833 589 Salomon

87 633 153 678 nem
168 614 287 676 etiamsi
304 612 341 674 ad
356 629 448 692 opera
464 616 602 694 corporis
626 615 716 677 cibus
741 616 856 695 presit,
873 624 934 675 non
978 617 1067 679 hexis
1082 614 1213 693 genibus
1227 612 1343 673 orabat.
1361 610 1434 673 Luc.
1461 608 1513 671 22.
1537 608 1684 671 Dominus
1699 610 1766 689 ipse
1783 626 1836 687 po·

85 708 182 760 tilieti
198 697 235 758 td
252 710 344 776 ⁰lt⁰l⁸
361 697 499 769 82111118.
516 702 557 759 dt
572 699 739 776 praecinite
768 698 804 758 td
827 696 934 758 olette·
979 701 1048 763 silis
1063 697 1193 773 retribui
1205 696 1310 756 erubet
1324 693 1442 756 irtel.
1456 693 1565 754 Paulus
1577 693 1684 768 positis
1699 694 1832 770 genibus

84 796 151 843 acm
168 782 297 840 muttum
311 778 450 842 conterre
464 779 628 860 jejunium,
645 796 683 842 cx
697 780 847 860 Scriptura
863 779 935 839 diri·
979 784 1074 845 orarii
1085 790 1154 842 eunt
1177 776 1400 854 amathaeum
1417 780 1633 839 secernerent.
1647 774 1751 855 Neque
1765 792 1836 854 pos·

83 881 119 925 na
135 864 334 940 perspicuam
349 865 408 935 est,
421 877 500 941 quae
515 864 630 940 ebione
652 864 715 924 lere
731 864 890 942 conjungit
904 874 936 922 o·
980 871 1052 927 sani
1065 864 1121 924 hae
1133 860 1323 923 caeremonia
1340 868 1409 936 crgo
1424 858 1520 922 [ieram
1543 856 1607 919 ulio
1623 860 1712 919 modo
1734 874 1837 937 repre·

82 946 228 1007 rationem
243 962 313 1007 cum
327 944 459 1025 jejunio.
476 943 551 1007 ch.
570 946 620 1007 t2.
642 945 735 1007 Bene
758 954 803 1008 eei
830 946 934 1008 aretio
980 946 1087 1010 nendi:
1110 956 1179 1007 nent
1194 949 1264 1005 nis.
1278 942 1446 1019 cyprianus
1457 942 1546 1004 docet
1558 942 1588 1001 ln
1601 954 1694 1001 serm.
1708 940 1747 1001 de
1760 946 1836 1003 oret.

83 1042 155 1089 eunt
163 1025 304 1106 insanio.
320 1026 435 1089 iudith.
452 1028 525 1090 1111
533 1027 671 1109 paucies
682 1034 712 1091 ct
725 1028 935 1091 erationibus.
979 1025 1150 1102 dominica,
1175 1028 1358 1107 placendum
1372 1031 1418 1085 est
1439 1024 1552 1085 diuinis
1567 1024 1665 1084 oeulis
1680 1023 1770 1085 etiarn
1786 1024 1838 1084 ba·

81 1112 179 1171 Lucae
194 1108 225 1170 2.
248 1106 389 1191 iejuniis
415 1114 444 1172 et
471 1110 672 1173 orationihus
695 1113 836 1174 cennens
861 1110 937 1172 Dee.
980 1111 1046 1174 blla
1058 1105 1273 1189 anapaestos
1289 1106 1500 1171 salamani-em
1517 1106 1596 1165 inter
1607 1105 1840 1167 sacrificandum

81 1193 183 1255 batth.
198 1190 314 1255 sirloc
327 1206 429 1270 penae
440 1204 509 1254 nott
523 1194 729 1274 &intercisi
742 1195 939 1257 incautione
980 1195 1126 1258 sacerdos
1142 1192 1267 1253 inclinat
1282 1195 1373 1266 caput
1386 1182 1459 1260 lien,
1483 1189 1537 1249 sed
1565 1188 1655 1249 etlam
1681 1188 1776 1256 eruci.
1790 1195 1841 1251 aut

85 1275 258 1357 atjeiuoio.
623 1290 627 1295 ’
981 1276 1105 1355 imagini
1119 1272 1266 1343 crucifixi,
1283 1279 1314 1333 et
1330 1271 1386 1349 ipsi
1397 1272 1488 1333 etiem
1502 1270 1641 1344 alterici
1656 1270 1685 1330 id
1698 1272 1837 1349 saepius:

122 1356 231 1418 Ultimo
245 1355 363 1436 ohjloi13
380 1353 531 1419 Christum
545 1358 576 1419 id
592 1356 721 1418 liberum
747 1358 911 1435 reliquisse
928 1402 937 1430 ,
981 1372 1072 1438 onam
1095 1354 1318 1420 caeremoniam
1347 1352 1590 1430 antiquissimam
1614 1360 1684 1415 esse
1700 1355 1838 1435 intelligi

81 1442 209 1516 proinde
224 1438 355 1501 liberum
371 1451 443 1500 esse
467 1440 593 1501 debere.
620 1439 815 1519 Respondeas
845 1442 937 1502 blatta
981 1448 1083 1522 potest
1098 1456 1134 1501 ex
1148 1438 1268 1515 liturgia
1282 1436 1488 1516 chrysostomi
1504 1452 1513 1511 3
1532 1435 1582 1497 ulti
1596 1434 1748 1498 iubenior
1763 1437 1840 1501 haee

82 1524 219 1585 Christus
234 1537 290 1600 per
305 1537 339 1583 se
352 1535 412 1582 non
426 1527 594 1600 pmecepii,
611 1536 691 1600 quae
713 1528 815 1583 lamen
841 1524 937 1584 libero
982 1524 1084 1587 rerba:
1097 1520 1432 1596 succreceepreditur
1446 1528 1489 1581 cac
1502 1525 1603 1596 petae
1617 1518 1708 1587 uilio.
1723 1523 1753 1581 ei
1767 1536 1842 1583 eon·

83 1622 152 1667 esse
170 1606 277 1678 notuit,
294 1604 446 1682 siquidem
462 1617 497 1665 ca
513 1616 570 1683 per
583 1606 750 1684 apostolos:
767 1611 818 1667 aut
832 1618 938 1668 eorum
982 1618 1092 1670 aereae
1107 1606 1152 1668 ed
1166 1602 1280 1665 clareti
1292 1602 1480 1679 inopinam,
1497 1600 1621 1678 lohoac
1647 1602 1751 1679 cupite
1766 1614 1842 1667 etim

83 1703 281 1751 successures
303 1687 470 1764 praecepit,
488 1695 518 1748 et
532 1688 571 1751 de
593 1688 655 1751 illis
668 1688 741 1749 dirit
764 1688 864 1750 Lucae
884 1685 937 1750 211.
982 1689 1220 1754 matematicos
1234 1685 1312 1747 dicit
1327 1684 1412 1747 bunc
1427 1685 1608 1746 arationem
1619 1688 1677 1745 ete.

86 1769 144 1845 Qui
157 1786 212 1833 aas
224 1770 328 1844 eadit,
345 1770 514 1834 incendit.
1023 1772 1121 1834 Prima
1131 1767 1323 1831 caeremonia
1339 1782 1411 1845 erga
1426 1766 1623 1839 sacrificium,
1648 1771 1695 1827 est
1716 1766 1845 1831 elevatio

231 1869 234 1875 ’
981 1853 1102 1917 bestiae
1117 1851 1345 1915 consecrandae
1372 1858 1472 1911 cerani
1496 1850 1569 1914 beo.
1596 1846 1719 1925 nuoellt
1741 1850 1770 1910 le
1788 1848 1839 1913 et·

935 1950 939 1954 ’
984 1937 1121 2011 teriori03
1136 1950 1214 2011 quae
1229 1932 1421 1995 caeremonia
1439 1942 1499 1993 non
1517 1937 1617 2009 potest
1631 1931 1817 2010 reprehendi
1835 1974 1843 2006 ,

982 2021 1008 2082 ai
1025 2018 1212 2081 concedetur
1227 2015 1353 2085 ablatio,
1371 2030 1462 2093 quum
1478 2014 1508 2075 ln
1523 2014 1602 2076 libro
1618 2015 1777 2091 superiore
1794 2016 1846 2079 de·

409 2084 525 2150 cilht'
547 2085 609 2150 XV·
982 2101 1150 2163 tendimus.
1164 2099 1235 2161 nam
1249 2098 1275 2159 si
1294 2098 1365 2159 lieet
1380 2096 1491 2159 allecta
1513 2097 1576 2157 ltoo
1602 2092 1787 2159 sacrificium
1803 2098 1845 2159 ri·

770 2218 774 2224 ·
984 2182 1227 2256 sthitecuraoa
1245 2180 1335 2241 liceat
1355 2180 1383 2239 id
1402 2180 1502 2257 ipsura
1526 2180 1645 2241 elevare
1668 2178 1698 2239 in
1726 2180 1847 2258 signum

185 2292 189 2300 ·
445 2298 449 2304 ⁴
982 2263 1319 2329 oblationistllaheaaus
1333 2261 1422 2324 etiem
1439 2262 1468 2323 in
1485 2260 1639 2341 scriptura
1656 2263 1842 2340 exemplum,

143 2359 146 2365 ·
174 2339 217 2401 De
231 2337 456 2409 nemmem,
471 2348 556 2415 1111111
569 2335 703 2415 1111111111
716 2338 828 2411 nimio,
983 2349 1139 2426 siquidem
1161 2347 1229 2407 bea.
1253 2340 1283 2407 8.
1300 2344 1331 2406 9.
1353 2343 1402 2405 tlt.
1430 2350 1460 2406 ei
1478 2345 1564 2418 alibi,
1587 2346 1733 2406 sacerdos
1749 2346 1848 2408 elevat

301 2448 330 2505 er
342 2443 380 2504 sp
395 2438 521 2504 aprione
535 2442 725 2506 consistam,
984 2444 1088 2493 catam
1108 2428 1173 2493 lieo
1193 2429 1224 2490 id
1238 2429 1319 2506 quod
1335 2426 1471 2489 offertur.
1501 2426 1641 2505 lienique
1671 2426 1800 2490 hebetur
1814 2428 1846 2490 in

984 2515 1058 2576 titur
1081 2512 1129 2574 iis.

26 2633 27 2640 ι
238 2628 242 2635 -
1025 2530 1177 2657 Segounda:
1193 2590 1274 2665 Quae
1290 2596 1337 2653 est
1351 2590 1487 2654 ostensio
1499 2590 1682 2655 sacramenti
1697 2591 1735 2653 ad
1750 2608 1847 2671 popu·

26 2685 27 2722 ι
120 2668 746 2737 nonodacaarexooniioitllscreaturan
760 2668 939 2739 dicendum.
985 2678 1061 2752 tum,
1084 2676 1295 2755 untionissima
1318 2680 1378 2735 est:
1402 2672 1532 2737 habetur
1546 2674 1630 2736 enlm
1646 2673 1677 2735 ta
1694 2676 1801 2752 primis
1816 2677 1847 2736 in

81 2770 159 2834 quaa
175 2758 206 2816 in
217 2756 284 2833 ipsa
300 2754 412 2815 missae
426 2753 634 2815 celebratione
649 2752 844 2828 adhibentur,
861 2766 939 2832 oenc
981 2761 1118 2839 liturgiis
1134 2757 1234 2819 liasitii
1250 2764 1280 2817 et
1294 2754 1515 2835 chrysostomi,
1529 2763 1559 2819 et
1575 2756 1654 2836 apud
1667 2757 1846 2837 Dionysiam

26 2851 28 2888 t
80 2842 117 2901 ad
134 2841 272 2916 quiaque
287 2840 385 2914 capito
399 2840 533 2898 reuocari
547 2843 687 2916 possunt.
703 2835 788 2897 hilca
802 2834 886 2897 enlm
901 2840 939 2899 ad
985 2856 1055 2921 cap.
1073 2844 1103 2904 1.
1121 2842 1295 2903 ecclesiast.
1311 2836 1464 2900 hierarch.
1481 2838 1517 2900 lit
1531 2847 1687 2916 practerea
1711 2842 1849 2902 meminit

26 2965 27 2970 .
80 2922 179 2983 licum
193 2919 376 2992 relocantur,
393 2926 426 2979 ut
439 2921 726 2981 eiuratio-manuam
739 2962 748 2991 ‚
762 2919 891 2981 elaterio
905 2937 938 2983 o·
984 2926 1051 2996 eiras
1067 2932 1100 2988 ut
1114 2922 1301 3000 aporiatione
1318 2920 1499 2993 traditionis,
1517 2936 1544 2982 s.
1560 2921 1692 2983 Basilius
1708 2923 1737 2984 in
1753 2924 1849 2985 lib.de

26 3019 27 3056 i
80 3006 239 3077 colorant,
249 3003 383 3064 adoratio
405 3014 461 3080 per
483 3002 713 3064 triclinalionem
742 2999 881 3080 corporis
895 3009 939 3065 lo·
983 3006 1099 3087 spiritu
1112 3012 1301 3081 sanctocap.
1314 3002 1366 3063 21.
1384 3001 1493 3075 verbu
1508 3002 1616 3081 inquit,
1630 3006 1848 3069 inaurationis

26 3109 27 3126 ι
80 3086 672 3165 tiosantperpeeuumcenationem.
688 3080 824 3146 hliaoad
846 3088 939 3148 sacri·
984 3105 1058 3155 cern
1072 3088 1251 3153 ostenditur
1263 3086 1361 3166 punis
1383 3084 1618 3161 eucharistiae,
1647 3093 1675 3148 et
1695 3088 1849 3165 pocot-noa

79 3171 197 3240 hoium,
214 3176 247 3230 ut
261 3168 401 3241 elevatio,
428 3171 575 3240 ostensio,
602 3168 728 3237 tractio,
751 3170 938 3231 oainmixtlo.
984 3172 1227 3244 henedictiones,
1244 3170 1316 3248 qula
1339 3173 1529 3232 sanctoruni
1549 3171 1587 3232 in
1608 3171 1728 3248 scripio
1752 3171 1846 3234 nobb

79 3255 166 3314 nliee
182 3249 221 3312 td
234 3253 425 3313 1110161112]
440 3251 658 3324 celebrantem,
675 3251 941 3331 11111181011110·
982 3257 1135 3334 reiiquiti
1150 3254 1384 3332 chrysostomus
1399 3251 1539 3330 crebram
1565 3253 1636 3314 lacit
1660 3253 1847 3316 mentionem

26 3380 27 3385 ,
78 3339 122 3395 ris
136 3341 168 3396 et
183 3334 256 3394 lotio
277 3346 433 3395 manuum.
453 3331 536 3394 ntiae
561 3335 599 3396 ad
615 3335 776 3413 populum.
801 3341 835 3395 ut
859 3339 938 3396 sale·
986 3340 1071 3401 iliius
1086 3339 1175 3408 ritas,
1198 3333 1248 3415 qui
1270 3335 1351 3411 apud
1367 3333 1500 3395 Graecas
1516 3339 1591 3405 erat,
1609 3342 1640 3397 ui
1656 3333 1843 3398 llueharistia

81 3417 153 3478 tatio
168 3416 366 3479 etdltnissla.
401 3417 488 3478 Aliae
508 3418 545 3477 etl
561 3431 620 3490 ea,
646 3431 725 3492 uuae
751 3417 939 3495 legunturin
986 3423 1220 3484 consecraretur
1230 3416 1267 3476 nd
1290 3416 1383 3478 altore
1404 3417 1478 3476 telis
1500 3416 1643 3480 obducta.
1667 3434 1702 3477 nc
1732 3420 1845 3482 deinde

81 3500 363 3571 missa,ul‘cautus
383 3503 414 3560 ei
434 3500 643 3560 instrumenta
665 3498 793 3558 musteo.
820 3499 941 3562 Praeter
985 3503 1124 3566 reductis
1143 3501 1221 3562 rells
1243 3499 1357 3577 populo
1378 3499 1604 3562 ostenderetur.
1628 3501 1716 3562 llam.
1741 3501 1791 3562 el.
1808 3507 1846 3564 ad

26 3608 27 3635 r
80 3583 148 3650 has.
164 3582 318 3659 quaedum
334 3581 410 3642 aliae
425 3586 497 3642 suat
510 3591 691 3642 communes
706 3575 811 3640 multis
823 3581 939 3656 rebus,
986 3588 1137 3665 populent
1160 3583 1393 3644 antiochenum:
1413 3577 1583 3654 damaeta,
1601 3583 1711 3660 lnquit,
1725 3585 1846 3648 eduis

26 3712 27 3721 .
80 3670 112 3726 ¹¹¹
132 3665 384 3742 811ὓῦ121111ῑῆ
400 3662 540 3742 ⁸³P0f⁸¹⁰
560 3675 669 3742 aquae,
687 3659 882 3740 lhilifflddssih
906 3677 938 3726 ⁰·
983 3669 1119 3748 retroiri,
1133 3670 1211 3746 turia
1224 3674 1364 3742 superate
1375 3663 1501 3724 caelum
1515 3663 1641 3740 operiri
1655 3666 1760 3743 capilo
1782 3673 1840 3730 ete.

26 3764 27 3801 i
82 3749 217 3809 sculum.
857 3795 862 3804 .
986 3751 1071 3812 lucar
1087 3746 1181 3811 habet
1201 3749 1285 3808 hom.
1314 3745 1363 3806 ati.
1388 3746 1418 3806 in
1446 3745 1476 3805 1.
1504 3742 1640 3808 corinth.
1661 3751 1691 3806 ei
1716 3747 1799 3810 bom.
1817 3749 1847 3812 3.

26 3842 27 3887 i
122 3830 221 3890 Prima
237 3828 329 3905 igilur
343 3827 536 3890 caeremonia
553 3843 623 3906 erga
640 3827 748 3898 Deum,
772 3825 862 3900 idest,
878 3829 940 3890 eie
987 3829 1310 3912 inanisiadllphes.
1594 3846 1617 3877 .·
1751 3868 1756 3878 ,

81 3912 158 3974 ratio
173 3920 331 3975 manuum.
349 3910 521 3987 exemplum
536 3909 629 3971 habet
649 3911 680 3970 tn
702 3910 815 3970 dirtnla
831 3910 939 3973 itteris.
1026 3915 1137 3978 Tertia:
1155 3913 1237 3987 Quae
1259 3916 1306 3972 est
1331 3908 1436 3972 tractio
1452 3915 1483 3970 et
1504 3909 1678 3984 commixtio
1696 3956 1703 3981 ‚
1721 3911 1850 3976 habetor

26 4028 27 4035 ι
82 3993 154 4056 Nam
169 3991 943 4071 lixodill.morceseleratismontbusorensinr·
985 4011 1132 4076 expresse
1148 3997 1178 4058 in
1195 3994 1315 4070 liiurpia
1330 3990 1448 4063 iacobi,
1466 3996 1497 4053 ci
1519 3993 1549 4053 ln
1573 3992 1693 4072 liturgia
1717 3994 1847 4074 chryso.

80 4076 228 4154 petrariis·
238 4075 314 4136 liant
329 4073 360 4136 1.
375 4073 451 4153 hep.
466 4073 502 4136 8.
514 4076 657 4137 Salomon
673 4081 814 4137 oretums
829 4089 940 4154 oxpaa·
987 4082 1091 4144 sternii:
1108 4090 1203 4158 auare
1217 4078 1283 4155 ipsa
1300 4089 1424 4155 quoque
1439 4075 1653 4153 antiquissima
1676 4081 1733 4138 esi.
1761 4077 1847 4140 Unde
1914 4125 1916 4132 .

26 4182 27 4217 ι
81 4157 443 4234 ditmaanstnceelem.
461 4159 551 4219 barid
568 4159 678 4235 psalm.
697 4158 767 4218 111.
797 4158 941 4222 elmete
986 4163 1221 4243 chrysostomus
1237 4161 1321 4220 hunt.
1347 4157 1398 4218 21.
1430 4157 1461 4218 in
1490 4161 1623 4236 priorem
1646 4158 1682 4218 ad
1711 4157 1847 4223 cnrirrth.

81 4253 402 4319 maneummeorum
414 4235 848 4320 momenmentum.
861 4243 940 4322 lipo-
985 4247 1093 4309 scribit
1104 4243 1255 4305 Christum
1270 4241 1301 4304 in
1317 4241 1402 4304 altari
1415 4239 1654 4303 contractionem
1667 4243 1740 4320 pati,
1758 4259 1849 4322 qaam

26 4344 27 4385 t
83 4321 379 4386 solustriacum.
401 4322 432 4383 2.
453 4322 523 4385 Veto
536 4324 620 4386 aues
633 4325 885 4388 recrementi
899 4326 942 4388 le·
985 4324 1326 4403 xnoroaepctinolutr.

26 4436 27 4467 l
81 4407 389 4482 coleeontespurne
403 4405 938 4485 noma.ltaoiouenaroratishooo
1027 4411 1091 4473 Alia
1108 4413 1156 4472 eat
1172 4405 1364 4469 caeremonia
1377 4419 1448 4482 erge
1466 4403 1677 4477 sacrificium,
1701 4406 1805 4470 mixtio
1821 4425 1851 4469 a·

26 4512 28 4551 i
81 4489 277 4550 caeremonia
291 4499 362 4550 cesa
378 4490 581 4556 rideiorcum
597 4491 688 4552 etiarn
703 4492 784 4566 epod
801 4491 942 4555 ethnicos
986 4507 1066 4571 quae
1082 4501 1111 4555 et
1126 4492 1186 4552 rint
1205 4536 1213 4563 ,
1229 4491 1267 4551 de
1281 4503 1342 4564 oua
1359 4489 1437 4551 nihil
1452 4489 1503 4550 hie
1518 4489 1661 4562 dicimos,
1680 4491 1749 4564 auia
1773 4492 1803 4552 in
1817 4492 1847 4554 1.

26 4593 28 4633 l
83 4572 197 4648 passim
213 4568 367 4651 legantur,
384 4571 597 4651 animabant,
623 4571 661 4634 ad
686 4573 808 4636 eoelum
833 4586 943 4636 manus
987 4576 1045 4638 lib.
1069 4576 1107 4637 de
1123 4573 1309 4636 eucharistia
1326 4573 1452 4648 copiose
1468 4571 1506 4632 de
1529 4587 1563 4632 ea
1581 4573 1785 4635 tractavimus.

26 4678 28 4717 i
83 4655 271 4717 extendisse.
527 4693 530 4699 -
1031 4653 1847 4733 Prixnaoeerexnonie,quamerposeipsnmsacerdcs

26 4758 28 4799 i
120 4737 276 4800 Secunda:
295 4734 380 4809 Quae
399 4743 448 4800 est
476 4736 604 4799 eleraiio
625 4739 796 4802 uenierunt.
820 4739 940 4803 christo
986 4739 1123 4811 adhibet,
1137 4740 1297 4802 esttansio
1311 4734 1454 4814 parcioris:
1468 4751 1503 4798 ea
1526 4735 1608 4801 enim
1625 4737 1718 4798 ulitur
1730 4739 1760 4798 in
1774 4754 1847 4800 con

25 4844 29 4891 p
81 4817 943 4899 tamtltaxislulrzaamioplurlmlslooisocatosaucoe·
986 4823 1231 4898 [essionequee
1254 4819 1472 4881 fiiedlnitium
1489 4818 1623 4890 missae,
1651 4821 1741 4881 etad
1764 4820 1847 4882 illem

26 4930 27 4965 l
83 4903 142 4962 tuor
159 4904 281 4966 levasse
293 4902 414 4974 dicitur,
431 4910 464 4964 ut
475 4901 671 4981 patetllatth.
688 4902 737 4964 11.
755 4906 846 4969 itura.
862 4903 894 4968 1.
911 4909 943 4966 at
989 4907 1249 4985 preecmsaipnas
1263 4901 1636 4981 Deiecitoitispeeeeta
1655 4904 1845 4966 mundicia.

26 5012 29 5050 i
84 4983 941 5068 1.1ιιο.11.Ιοιιι.6.11111111ιιιιιιιίειιιιιιισ-
990 4983 1405 5050 eraclitarorhuticmtoo
1429 4997 1592 5047 nunaunt
1617 4985 1848 5064 dtpnus.llaec

26 5095 30 5133 i
82 5079 121 5127 ne
135 5079 251 5129 coenae
266 5079 329 5128 nun
346 5067 464 5144 legetur
477 5081 624 5146 expresse
636 5069 667 5128 ln
680 5072 850 5147 catapotia,
868 5085 940 5132 ceu·
986 5079 1086 5134 autem
1106 5069 1297 5133 caeremonia
1310 5068 1529 5147 poenitentiam
1545 5067 1670 5140 iudicat,
1683 5073 1714 5130 et
1730 5073 1849 5129 natura·

25 5176 30 5218 p
84 5148 179 5210 losad
194 5151 317 5212 coelunt
332 5152 509 5213 sustulisse:
525 5151 556 5212 id
572 5154 673 5212 tamen
695 5160 872 5215 cerastanter
892 5171 941 5214 os·
985 5156 1024 5213 lis
1037 5160 1094 5222 est,
1108 5160 1200 5230 atoue
1222 5151 1253 5211 in
1277 5149 1436 5226 evangelio
1460 5150 1635 5226 exemplum
1658 5150 1761 5212 habet.
1775 5151 1845 5212 narn

85 5239 188 5294 serani
208 5247 279 5294 eum
295 5232 418 5303 iecisse,
431 5231 604 5296 staechas
618 5233 649 5296 tn
675 5251 730 5296 soa
754 5237 884 5314 liturgia,
907 5242 939 5297 et
987 5237 1086 5298 hucne
1109 5234 1158 5296 te.
1182 5232 1369 5295 Publicenus
1395 5243 1486 5293 erens
1518 5231 1709 5309 percutiebat
1737 5235 1845 5311 pectus

25 5341 30 5390 p
85 5315 422 5378 sauhustusllht.
445 5317 485 5377 de
509 5316 710 5380 sacramentis
737 5318 939 5397 cup.3.l'er·
985 5313 1308 5390 sacmeleensrlieas
1322 5313 1843 5393 promtiaseatomihipeccoioae.

25 5429 30 5474 p
86 5397 227 5458 tollianus
242 5399 273 5458 in
288 5399 476 5477 apologetica
492 5411 560 5476 cap.
577 5398 627 5460 eti.
660 5400 768 5462 scribit
796 5401 937 5464 christia·
986 5399 1024 5462 lit
1036 5401 1135 5464 Lucae
1149 5399 1201 5461 22.
1217 5397 1467 5461 lleaertebontrar
1485 5399 1700 5476 percutientes
1714 5404 1845 5476 pectore

25 5512 31 5573 p
86 5493 139 5538 nos
151 5481 272 5541 ccelutn
287 5482 452 5556 intuentes,
471 5481 611 5542 manthos
626 5486 775 5560 extermis,
792 5485 876 5546 undo
889 5500 938 5547 ca·
985 5497 1061 5547 eun.

25 5593 31 5640 ,
87 5561 391 5635 ρΙιοοιιιιιιοΙίιοι.’
682 5572 684 5579 ·
1026 5561 1841 5640 Secundnesilatiomanuum3pauloanteconsecrn·

26 5677 31 5721 p
88 5720 94 5733 ἢ
122 5643 233 5706 Tertia:
247 5640 329 5718 eoae
343 5652 392 5708 est
406 5646 563 5708 inclinatio
578 5644 782 5726 conperisset
802 5664 938 5729 genuum
986 5651 1111 5716 tionem,
1142 5663 1220 5726 quoe
1246 5647 1375 5709 habetur
1395 5646 1484 5706 etiam
1508 5643 1539 5706 in
1559 5645 1691 5724 liturgiis
1717 5645 1844 5708 Graece·

25 5757 32 5808 p
87 5729 262 5804 recurvatio,
279 5729 370 5790 index
384 5737 433 5792 est
447 5730 625 5792 hurailitatis
647 5736 678 5794 et
692 5734 892 5807 tolerantiae,
909 5739 940 5798 et
984 5731 1208 5812 conuiuatum
1220 5729 1430 5794 caeremoniae
1442 5727 1582 5793 meminit
1593 5727 1756 5809 litoepsius
1769 5745 1837 5806 cap.
