4084 6275
310 360 364 420 tot
816 441 818 446 Ι
844 353 906 447 ίιιΕ
925 347 1145 410 sconenberc
1163 349 1407 410 bechmtstme

235 498 335 572 stiam,
349 495 417 560 siin
434 495 561 556 alterum
589 489 670 552 diem
699 491 858 560 serretur,
880 485 941 549 rim
963 501 1093 555 suarna-
1137 487 1340 561 ioreloota,
1357 486 1685 566 ettoqooaooatac
1707 501 1829 566 moereo
1847 491 1998 568 cenacto

236 583 366 644 mittere:
384 573 435 640 uhi
451 571 645 654 apertissime
665 586 799 634 errorem
812 570 904 632 istum
920 574 1093 632 nostrorum
1139 580 1277 645 errator,
1291 571 1378 636 nihil
1390 569 1493 632 totius
1506 574 1563 644 est,
1580 585 1683 650 pacet
1702 572 1871 636 ceritatem
1888 577 1998 655 sequi.

233 662 475 726 aduersariorum
496 655 705 735 reprehendit.
812 695 814 702 ,
1137 654 1220 717 llaec
1235 655 1300 718 illc.
1317 653 1378 717 Sed
1389 668 1452 715 nou
1467 649 1524 713 luit
1538 669 1673 732 unquam
1688 655 1843 732 quaestio,
1857 657 1998 720 tutiusne

274 747 343 808 Post
365 759 477 806 annum
493 737 614 802 Domini
639 737 711 798 500.
728 753 756 797 s.
772 733 958 796 Benedictus
975 777 983 804 ,
1013 739 1046 794 ut
1059 733 1091 795 in
1137 739 1179 797 sil
1192 738 1281 815 sequi
1296 736 1463 808 ueritatem,
1479 752 1519 796 au
1533 735 1705 808 falsitatem,
1722 738 1778 798 sed
1793 741 1933 816 quaestio
1947 747 1999 802 est

232 827 302 908 ejus
313 829 370 890 rita
385 826 492 888 scribit
513 840 541 884 s.
564 821 740 899 Gregorius,
766 819 821 878 lib.
838 818 870 877 2.
896 815 1087 894 dialogorum
1135 836 1227 899 aqua
1243 827 1327 897 parte
1341 825 1401 882 stet
1414 817 1537 880 ueritas:
1554 826 1586 881 et
1598 834 1675 882 sene
1689 818 1748 880 nisi
1765 818 1856 896 plane
1876 822 1998 900 desipi-

231 929 300 989 cap.
316 911 439 972 hicum
455 905 616 970 defunctus
631 903 755 981 quidam
778 899 946 962 monachus
960 899 1087 975 sepeliri
1136 918 1216 975 mus,
1232 903 1327 966 tutius
1340 906 1391 964 est
1403 901 1435 962 ln
1449 917 1483 963 re
1498 906 1633 972 lauta,et
1646 901 1679 963 lu
1693 919 1756 980 qua
1772 917 1834 964 non
1848 903 1921 966 sine
1933 921 1998 966 ma·

231 990 469 1072 nequirel‚misit
484 986 670 1066 aliquosum
687 981 911 1046 Eucharistiam
926 996 1021 1058 super
1033 995 1087 1058 pe·
1134 997 1196 1060 gno
1213 985 1351 1063 periculo
1365 989 1494 1054 erratur,
1509 989 1643 1048 celerem
1662 984 1841 1048 Eccolesiee
1861 1003 1999 1050 consue·

230 1084 298 1139 ctus
315 1074 424 1136 mortui
446 1076 608 1152 ponerent,
627 1076 656 1129 ct
671 1083 708 1129 eo
723 1066 801 1128 lacto
827 1063 954 1142 sepeliri
975 1065 1085 1140 potuit.
1134 1066 1272 1129 tudinem
1288 1075 1319 1130 et
1333 1067 1514 1141 doctrinam,
1529 1082 1622 1145 quam
1642 1082 1737 1130 noras
1761 1068 1998 1134 adinventiones

229 1159 266 1219 Et
280 1175 355 1223 sanc
371 1156 482 1219 delatio
497 1151 705 1216 Eucharistiae
721 1165 791 1211 cum
803 1146 895 1226 supra
909 1147 1017 1208 mortui
1033 1161 1087 1224 pe·
1135 1150 1238 1225 sequi.

228 1250 295 1304 ctus
317 1244 494 1319 poneretur.
512 1251 573 1298 uon
589 1233 645 1295 luit
660 1232 719 1294 ulle
733 1230 810 1292 actio
823 1243 939 1292 coenae
953 1227 1088 1290 Domini·
1175 1231 1283 1294 Petrus
1298 1237 1411 1311 martyr
1426 1248 1442 1290 e
1458 1228 1582 1293 Galrino
1597 1231 1629 1293 in
1644 1230 1703 1293 hac
1727 1238 1814 1311 perte
1843 1250 1905 1296 uon
1931 1236 1996 1298 dis·

228 1339 295 1402 cae;
313 1339 413 1403 neque
426 1339 453 1382 s.
476 1317 661 1382 Benedictus
677 1313 898 1378 Eucllaristiern
921 1317 993 1372 lunc
1015 1327 1086 1372 cun·
1133 1319 1238 1384 sentit,
1256 1315 1316 1378 uisi
1330 1315 1413 1393 quod
1428 1312 1649 1392 impudentius,
1665 1320 1697 1376 el
1708 1315 1897 1388 nominatim,
1910 1334 1997 1381 nuuc

228 1407 368 1474 secrevit,
385 1403 498 1483 quippe
515 1401 567 1479 qui
582 1399 803 1466 sacerdosnon
817 1401 891 1470 orat,
913 1394 968 1456 sed
995 1394 1089 1455 hahe-
1133 1396 1323 1470 Ambrosius,
1340 1414 1423 1460 nuno
1437 1396 1667 1471 liacianaeuum,
1684 1414 1768 1464 uurrc
1789 1398 1994 1474 Bernardum,

229 1490 280 1551 hat
295 1491 326 1550 in
343 1487 481 1550 Ecclesia
498 1501 552 1546 sua
567 1487 763 1551 asservatam,
777 1479 815 1540 de
830 1491 914 1538 more
928 1476 1019 1538 totius
1034 1475 1088 1537 lle·
1134 1496 1217 1542 nuuc
1230 1480 1465 1554 Damasceoum,
1482 1495 1565 1540 nunc
1579 1478 1656 1540 elios
1668 1482 1878 1559 reprehendit.

228 1572 353 1634 clasiae.
370 1569 427 1631 Ubi
442 1568 534 1630 oliam
548 1565 714 1627 nolendum
737 1567 784 1623 cst
799 1559 991 1622 mendacium
1008 1556 1088 1620 Petri
1173 1561 1258 1624 Unus
1272 1570 1321 1626 est
1333 1562 1479 1625 liertious
1493 1560 1736 1643 llemnitius,qui
1747 1565 1795 1626 sia
1806 1564 1907 1626 omnia
1920 1581 1996 1628 coa·

228 1655 367 1734 ururtyrls
383 1655 413 1713 in
430 1651 485 1713 lib.
502 1654 605 1711 contra
628 1645 828 1708 Gardinerum
840 1641 954 1734 object.
970 1639 1087 1718 38.suo
1131 1642 1242 1716 fundit,
1258 1651 1292 1708 ut
1306 1645 1439 1718 nescies,
1454 1650 1556 1706 ulrum
1581 1644 1684 1706 Patres
1709 1647 1810 1724 sequi.
1828 1663 1868 1708 en
1890 1648 1931 1710 eh
1946 1650 1996 1712 eis

227 1740 256 1797 tn
272 1739 352 1805 loco,
369 1743 401 1796 ut
416 1737 475 1798 hoc
487 1731 661 1808 exemplum
684 1727 826 1791 odiosum
855 1725 954 1796 lactat,
977 1723 1087 1784 scribit
1131 1727 1308 1800 dissentire,
1325 1728 1528 1790 constituerit.
1543 1727 1628 1790 Duae
1642 1733 1745 1790 ιιιιιιιι
1756 1729 1943 1807 colliguntur
1956 1749 1996 1794 ex

223 1819 313 1898 jussu
330 1817 499 1886 Benedicti,
524 1811 745 1875 Eucharistiam
767 1809 799 1870 iu
814 1825 850 1870 os
865 1806 974 1868 mortui
986 1806 1085 1900 luisse
1132 1808 1200 1887 ejus
1215 1809 1434 1872 verbosissime
1449 1809 1652 1888 disputatione
1672 1811 1906 1888 responsiones.
1929 1813 1996 1875 Pri·

225 1903 382 1982 injectam:
407 1898 609 1962 benedictos.
624 1895 721 1968 inuuil
736 1893 978 1970 pseudornartyr,
989 1889 1087 1968 puscit
1134 1909 1181 1953 ma
1196 1897 1256 1966 est,
1270 1894 1322 1955 illa
1335 1891 1509 1956 testimonia
1518 1891 1700 1968 simpliciter
1711 1894 1996 1974 admittenda,quac

226 1984 465 2047 leuchoristionr
477 1983 515 2044 ic
526 1978 672 2042 ocioserc'
682 1971 1087 2051 deloncloeotclicrculcm
1133 1974 1249 2036 habeut
1260 1978 1299 2037 ab
1314 1975 1382 2053 ipsa
1396 1974 1517 2037 actione
1530 1991 1646 2038 coenae
1660 1975 1786 2038 missam
1814 1976 1911 2042 luisse
1933 1979 1995 2040 llu-

226 2070 307 2143 duod
324 2073 370 2128 est
383 2071 519 2143 apertum
535 2059 741 2122 mendacium.
757 2058 831 2120 Nam
847 2056 923 2116 haec
939 2062 1009 2116 sunt
1023 2070 1086 2115 ver·
1134 2057 1307 2120 charistiem
1321 2058 1359 2119 ad
1374 2057 1530 2129 absentes,
1547 2059 1595 2120 rel
1619 2058 1658 2120 ad
1682 2065 1834 2137 aegrotos,
1862 2067 1897 2122 ut
1923 2077 1995 2124 eam

225 2151 264 2211 bu
288 2168 314 2210 s.
341 2147 507 2217 benedicti,
525 2144 678 2206 celerante
694 2159 722 2202 s.
739 2139 897 2218 Gregorio:
913 2137 969 2212 ιιι,
986 2143 1015 2200 ιι
1029 2136 1089 2199 boc
1133 2141 1279 2202 continuo
1293 2148 1461 2203 sumerent:
1478 2141 1630 2202 existimat
1644 2141 1726 2204 enim
1748 2146 1810 2204 loto
1835 2141 1890 2205 illo
1916 2150 1995 2207 tem·

225 2233 427 2294 bcmtntaom
439 2243 555 2306 corpus
568 2241 670 2305 supra
680 2231 789 2302 pectus
801 2223 870 2300 ejus
881 2236 955 2284 cont
968 2236 1091 2298 rnupoc
1135 2239 1210 2302 porc
1225 2239 1422 2301 perseuerare
1436 2225 1600 2295 actionem,
1615 2223 1682 2286 sire
1694 2240 1786 2286 usum
1800 2240 1930 2288 coenae.

222 2316 403 2378 recerectc'c
415 2313 537 2392 ponito.
554 2311 656 2386 decue
677 2307 866 2370 credendum
882 2303 1085 2378 est‚rclictum
1170 2305 1227 2367 llic
1241 2314 1343 2368 autem
1358 2305 1463 2368 multis
1478 2305 1577 2368 modis
1588 2305 1692 2368 delicit
1716 2307 1877 2386 responsio
1899 2307 1995 2372 llem-

222 2399 415 2460 llominicum
431 2411 543 2472 corpus
560 2393 590 2454 iu
603 2391 768 2469 sepulchro
781 2405 850 2450 curu
866 2389 990 2448 homine
1004 2402 1085 2447 mor·
1130 2387 1207 2450 uitii.
1223 2388 1336 2460 Primo,
1351 2391 1423 2466 quie
1436 2389 1514 2452 haee
1527 2393 1690 2467 responsio
1705 2406 1766 2452 uon
1782 2396 1884 2464 potest
1904 2398 1993 2468 apta·

226 2490 289 2552 tuo,
305 2481 361 2542 sed
384 2486 498 2540 tantum
515 2475 647 2554 positum
669 2489 760 2550 supra
777 2479 884 2549 pectus
906 2472 986 2547 ejus,
1010 2469 1085 2529 dum
1129 2471 1153 2534 ri
1168 2470 1341 2545 manifeste,
1358 2471 1417 2534 nisi
1432 2471 1525 2534 unico
1540 2472 1758 2535 testimonias.
1773 2471 1897 2546 tusone
1916 2477 1995 2536 reli·

226 2565 429 2624 collocaretur
446 2562 477 2621 in
499 2559 628 2628 tumulo,
653 2573 687 2616 ac
703 2555 816 2616 deinde
841 2558 986 2614 continuo
1001 2553 1084 2615 ahla·
1129 2571 1189 2633 qua
1205 2553 1287 2616 enim
1299 2553 1539 2618 assectationem
1553 2553 1994 2630 indicantEucheristiae,non

227 2653 301 2707 lum.
318 2645 378 2706 llisi
393 2644 470 2705 lorte
485 2643 625 2720 loquatur
648 2639 755 2700 Petrus
771 2644 880 2713 martyr
895 2635 934 2695 tle
950 2637 1084 2711 eo,quod
1130 2638 1315 2700 delationem
1330 2637 1447 2716 abipsa
1460 2652 1575 2699 coenae
1588 2637 1723 2700 actione.

228 2728 337 2790 scribit
349 2726 514 2804 Gregorius
526 2739 596 2801 cap.
612 2722 773 2799 superiore
786 2720 824 2780 de
840 2717 960 2780 duabus
974 2721 1085 2779 sencti-
1172 2718 1328 2794 Secundo,
1344 2722 1417 2799 quia
1432 2718 1461 2782 si
1474 2736 1579 2782 rerum
1594 2726 1653 2796 est,
1669 2720 1752 2799 quod
1764 2720 1853 2783 toties
1865 2719 1994 2784 llemni-

227 2811 423 2872 monielihus:
437 2810 536 2870 sedin
553 2821 590 2868 eo
612 2807 702 2866 etiam
716 2801 893 2864 mentiretur
904 2800 962 2862 iste
978 2799 1086 2862 miser·
1130 2801 1192 2864 tius
1205 2801 1326 2880 repetit,
1342 2819 1404 2866 uon
1418 2817 1496 2866 esse
1504 2808 1740 2874 sacramentum,
1757 2803 1816 2866 uisi
1837 2803 1911 2866 doru
1935 2803 1991 2880 tlt,

227 2895 323 2954 rimus
338 2895 581 2969 pseudomartym
598 2885 758 2950 nonenim
783 2883 968 2946 Benedictus
993 2882 1087 2962 jussit
1130 2885 1213 2962 quod
1228 2884 1367 2947 Ghristus
1381 2900 1528 2963 expresse
1542 2883 1625 2957 lecit,
1641 2893 1694 2947 aut
1707 2884 1773 2948 lieri
1791 2885 1897 2965 jussit,
1915 2905 1993 2962 ouo·

226 2977 322 3038 inseri
338 2973 557 3036 Eucharistiam
574 2971 604 3030 in
620 2985 657 3032 os
672 2983 776 3030 earum
792 2964 1004 3030 deiunctarum
1019 2984 1086 3028 mu·
1130 2967 1224 3028 modo
1238 2967 1534 3033 eritscerameulum
1548 2967 1581 3030 ln
1596 2967 1648 3028 ille
1662 2968 1815 3031 delatione
1829 2970 1866 3030 ad
1879 2968 1994 3032 absen·

229 3061 352 3130 liccam,
369 3057 425 3118 sed
447 3072 502 3132 pro
525 3052 588 3114 illis
603 3053 730 3114 llornino
746 3049 908 3110 immolari.
1130 3049 1194 3112 tesi
1209 3064 1311 3127 neque
1326 3048 1561 3114 eulmGhristus
1574 3049 1733 3114 detulited
1758 3050 1915 3125 absentes,
1940 3059 1996 3116 aut

268 3141 382 3203 liudem
391 3139 515 3200 sacculo
528 3134 668 3198 monachi
678 3132 801 3212 quidam
813 3131 910 3195 sancti
925 3131 1086 3213 Gregoriia
1130 3132 1243 3196 delerri
1251 3131 1357 3211 jussit.

229 3221 487 3299 Constantinopoli
503 3219 628 3282 Romam
644 3216 832 3295 nauigantes,
850 3214 881 3275 in
897 3214 964 3277 nari
979 3232 1087 3278 secum
1170 3214 1282 3288 Tertio,
1301 3230 1531 3294 superuacanea
1544 3222 1592 3279 est
1601 3215 1659 3279 iste
1675 3215 1800 3286 delatio,
1816 3217 1994 3280 secuudum

228 3306 448 3371 Guelrurisllam
465 3300 657 3371 deferebant,
675 3306 707 3361 ul
722 3302 751 3360 in
774 3296 912 3377 periculo
938 3300 1088 3377 naufragii
1130 3298 1281 3377 principia
1297 3299 1550 3376 butheranorum;
1571 3314 1646 3378 ergo
1659 3316 1677 3361 ι
1690 3299 1845 3361 llemnitio
1858 3316 1923 3361 non
1938 3299 1996 3361 luit

227 3406 289 3451 non
305 3388 373 3451 sine
389 3385 604 3449 cummunione
619 3382 824 3445 discederent.
841 3379 1086 3446 lielerticaunes
1130 3380 1404 3445 admittende.Nam
1418 3382 1467 3461 (ut
1479 3387 1563 3451 recle
1574 3380 1843 3461 Galrinuscolligit
1856 3398 1895 3445 ιι
1908 3398 1995 3443 com·

163 3462 165 3473 '
228 3474 376 3534 diaconus
391 3469 423 3530 in
439 3470 496 3529 sila
513 3483 540 3529 s.
558 3465 693 3542 Gregorii
708 3465 763 3527 lib.
780 3464 812 3525 2.
828 3479 897 3541 cap.
910 3462 961 3525 33.
1130 3464 1215 3527 muni
1231 3464 1472 3529 lutheranorum
1486 3464 1638 3538 doctrine,
1666 3482 1757 3543 quam
1783 3466 1872 3527 etiam
1897 3480 1996 3543 agno·

270 3554 342 3615 Post
355 3568 468 3613 annum
485 3550 605 3613 bomini
621 3547 693 3611 etto.
709 3548 740 3609 in
756 3546 886 3626 synodo,
912 3562 990 3627 quac
1011 3547 1086 3609 dici·
1130 3547 1200 3621 scit,
1216 3553 1247 3609 ιι
1258 3547 1367 3623 recipit
1376 3546 1550 3609 llemnitius
1564 3548 1596 3608 iu
1608 3546 1670 3610 line
1680 3546 1897 3627 disputationis
1911 3550 1944 3607 in
1960 3548 1995 3609 G.

230 3643 278 3697 tur
296 3634 488 3711 Qutetsactu
501 3649 573 3695 cen.
587 3631 639 3693 52.
656 3636 791 3693 statuunt
804 3628 908 3693 Patres
924 3630 979 3703 illi,
996 3637 1031 3693 ut
1054 3632 1086 3692 in
1129 3644 1200 3706 cap.
1215 3643 1297 3693 sess.
1314 3629 1365 3692 ι3.
1381 3630 1494 3693 ιιιιιι.
1511 3630 1650 3708 trident.)
1671 3631 1718 3693 rel
1740 3630 1794 3711 qui
1808 3629 1994 3693 celerabant

230 3720 461 3798 quadragesima
477 3716 577 3778 solum
593 3714 648 3777 die
658 3713 797 3786 sabbathi
813 3718 844 3775 et
857 3712 906 3774 die
932 3712 1086 3776 dominico
1129 3709 1349 3775 Eucharistiam
1363 3715 1402 3774 ed
1416 3713 1563 3777 absentes
1576 3720 1628 3775 aul
1641 3713 1832 3792 aegrotosiu
1844 3713 1993 3774 domibus

229 3801 423 3863 consecratio
439 3798 535 3873 beret,
552 3797 621 3859 aliis
635 3796 746 3873 diebus
768 3796 1029 3858 communicarent
1049 3810 1087 3857 ιι
1129 3809 1238 3855 eorum
1253 3801 1341 3857 erent
1360 3796 1517 3857 recitaturi
1540 3795 1787 3868 iustitutionem,
1819 3812 1855 3858 ac
1875 3810 1997 3857 coenae

229 3881 513 3961 praesanctificatis.
542 3879 649 3958 ltaque
680 3877 841 3941 servabant
867 3878 1087 3941 Eucharistiam
1130 3875 1223 3937 ritum
1238 3876 1407 3955 repetituri,
1430 3884 1568 3940 autnon.
1596 3878 1627 3940 st
1649 3878 1802 3941 recitaturi
1827 3879 1993 3941 institutio·

230 3971 451 4038 consecratam,
468 3971 501 4024 ut
515 3962 673 4024 minimum
689 3976 745 4023 sex
759 3960 881 4033 diehuS,
898 3961 979 4023 idest
1003 3962 1087 4023 adia
1130 3974 1212 4033 uem,
1226 3976 1262 4021 ec
1275 3976 1392 4023 coenae
1406 3961 1497 4022 ritum
1507 3960 1665 4038 repetituri
1690 3967 1788 4031 erent,
1810 3960 1885 4038 quid
1909 3976 1992 4039 opus

209 4057 210 4067 ¹
228 4048 383 4111 dominico
398 4060 501 4125 usque
514 4045 551 4107 ad
564 4050 745 4123 sequentem
757 4043 861 4106 leriam
874 4050 1004 4105 sextam.
1130 4048 1195 4104 erat
1211 4047 1269 4103 tarn
1281 4042 1497 4121 longepanem
1512 4043 1683 4123 asportare?
1694 4059 1797 4107 nonne
1809 4059 1847 4105 ιι
1859 4043 1910 4105 illa
1922 4045 1992 4121 ipse

270 4132 368 4209 Atque
396 4130 473 4189 haec
487 4144 523 4189 ex
536 4126 674 4189 Patribus
689 4128 762 4189 satis
777 4142 848 4189 esse
860 4133 998 4203 possunt:
1015 4126 1087 4189 llam
1129 4123 1220 4184 dumo
1246 4141 1356 4203 panem
1371 4126 1512 4203 accipere
1527 4125 1715 4204 potuissent?
1735 4124 1773 4187 Ει
1788 4133 1945 4203 praeterea
1959 4128 1990 4187 si

230 4222 364 4292 tempore
381 4209 547 4290 posteriora
562 4210 601 4271 ab
627 4208 808 4273 aduersariis
835 4210 925 4287 plene
951 4215 1087 4271 conlem-
1127 4204 1181 4267 illa
1202 4204 1315 4269 delatio
1329 4206 1405 4267 intra
1418 4210 1572 4271 actionem
1592 4225 1707 4271 coenae
1729 4209 1932 4275 conciuditur.
1957 4214 1989 4268 et

229 4303 355 4358 nuntur:
371 4292 408 4355 Et
423 4299 578 4372 praeterea
597 4299 716 4355 exstant
730 4292 822 4355 multa
838 4293 959 4355 decreta
985 4293 1087 4355 conci·
1130 4286 1201 4351 ideo
1216 4290 1437 4367 perseveratio
1452 4306 1488 4352 ea
1503 4308 1617 4369 eorpus
1642 4290 1761 4353 Domini
1778 4338 1787 4364 ‚
1817 4294 1851 4351 ul
1871 4290 1988 4351 ibidem

229 4378 339 4439 licrum
356 4377 394 4438 du
410 4377 468 4438 hac
482 4380 564 4445 re,ut
574 4374 773 4445 Turonensis,
786 4374 1088 4446 wormatiensiselu-
1129 4369 1303 4435 hemuitlus
1314 4372 1492 4453 doeet‚quid
1505 4390 1584 4451 opus
1595 4380 1730 4435 astuosa
1741 4372 1994 4435 consecratione?

229 4460 428 4536 reiiauensis3
444 4473 522 4535 quae
537 4456 606 4521 ride
621 4457 701 4534 apud
714 4452 920 4519 burchardum
932 4456 989 4519 lib.
1001 4458 1089 4519 5.de·
1131 4453 1163 4515 st
1178 4461 1279 4516 aulem
1294 4470 1355 4518 nuo
1371 4462 1456 4517 eraut
1468 4455 1689 4519 iustitutionem
1717 4455 1889 4535 repetituri,
1911 4455 1994 4516 nihil

229 4544 316 4617 creti,
334 4549 364 4604 et
378 4541 502 4603 leonem
518 4557 583 4618 par.
600 4542 630 4601 2.
649 4538 775 4617 decreti,
799 4546 829 4603 el
850 4539 1026 4605 Gratianum
1048 4540 1089 4603 dc
1131 4537 1269 4599 utilitatis
1281 4537 1463 4601 ebseulihus
1477 4539 1538 4600 illis
1553 4538 1802 4601 attulissentznou
1815 4538 1897 4599 euim
1908 4553 1994 4617 sym·

229 4624 464 4689 consecratione
479 4624 551 4687 dist.
568 4626 599 4683 2.
1130 4619 1201 4679 bole
1222 4628 1345 4681 externa
1363 4620 1432 4682 sine
1447 4621 1539 4683 uerbo
1560 4622 1728 4700 quidquem
1750 4627 1903 4697 prosunt,
1931 4636 1995 4683 nec

558 4734 561 4743 ·
993 4744 996 4751 .
1131 4709 1320 4765 sacramenta
1331 4701 1391 4765 dici
1408 4709 1550 4781 possunt,
1566 4703 1626 4766 alsi
1640 4703 1843 4767 adhibeantur
1862 4705 1901 4765 ed
1916 4717 1995 4765 cou-

1132 4782 1313 4847 firmandum
1328 4788 1467 4847 terbum.

507 4894 508 4899 ι
570 4893 689 4956 CAPUT
714 4898 746 4958 v·
1037 4905 1051 4936 κ,
1174 4867 1257 4929 eddo
1271 4874 1390 4944 quarto,
1406 4873 1523 4929 certum
1535 4881 1607 4931 esse
1620 4868 1703 4940 illos,
1718 4869 1771 4947 qul
1786 4873 1925 4946 tempore
1940 4865 1996 4929 Ju-

1135 4949 1207 5013 stinl
1221 4949 1402 5012 delerchenl
1416 4950 1635 5013 llucheristiam
1662 4950 1703 5013 ed
1727 4953 1898 5023 absentes,
1928 4965 1997 5013 uon

455 5078 459 5085 .
1136 5030 1996 5098 ocusuertssctudumibusaoromritamoocouccete·

297 5117 475 5181 illicenter
487 5116 716 5197 responsiones
737 5108 1015 5180 aduersariorum.
1134 5112 1236 5187 baare,
1252 5118 1283 5175 ιι
1303 5129 1340 5176 ιο
1353 5116 1443 5179 modo
1457 5115 1677 5179 eucharistiam
1699 5131 1895 5179 consecrare:
1922 5131 1998 5177 nam

451 5219 497 5281 ad
511 5219 695 5281 testimonia
715 5218 862 5281 Pap-um,
1136 5194 1256 5260 diaconi
1271 5203 1368 5269 eraut,
1385 5200 1654 5272 consacerdotes,
1672 5204 1705 5261 ul
1719 5198 1869 5270 lustinus,
1887 5197 1998 5259 claris·

503 5324 507 5335 .
1135 5278 1335 5341 slmisrcrbis
1357 5286 1496 5343 testetur.
1526 5280 1671 5344 [liaconis
1695 5288 1796 5343 autem
1825 5295 2000 5359 numquam

1135 5360 1263 5423 licuisse
1277 5360 1500 5425 Eucharistiae
1514 5361 1918 5436 consecrare,certissimum
1933 5369 1998 5437 est,

249 5518 256 5531 ·
275 5437 318 5499 lc
335 5438 423 5511 haec,
440 5447 470 5501 et
486 5440 662 5517 huiusmodi
687 5439 857 5506 testimonia
882 5442 973 5505 loen.
999 5440 1093 5504 Galri·
1136 5449 1201 5505 tum
1215 5460 1253 5505 ιι
1266 5444 1400 5507 coneilio
1415 5447 1544 5507 nicaeno
1558 5462 1651 5524 supra
1666 5448 1768 5521 citato,
1782 5452 1813 5509 et
1827 5462 1866 5509 ιι
1885 5444 1998 5507 lliero·

230 5536 319 5581 vlnus
334 5538 395 5583 unu
412 5522 503 5584 verbo
520 5526 726 5602 respondens,
745 5525 799 5587 lib.
816 5525 847 5586 l.
865 5524 997 5587 institut.
1021 5541 1090 5602 cap.
1136 5541 1229 5606 aymo
1242 5526 1275 5587 iu
1290 5528 1380 5605 epist.
1396 5528 1436 5591 ad
1450 5527 1762 5609 evagriumalttsquc
1778 5527 2001 5601 Patribus‚lum

234 5601 283 5663 ll.
300 5600 316 5680 ι
332 5602 382 5665 39.
401 5603 466 5667 Sed
479 5608 578 5675 calna,
596 5609 706 5684 inquit,
723 5610 781 5687 qni
801 5608 847 5671 sic
872 5608 1008 5683 scolteti.
1033 5607 1093 5669 lto·
1137 5624 1177 5669 ιι
1192 5616 1339 5687 perpetua
1350 5612 1445 5672 totius
1466 5612 1624 5674 ccclesiae
1635 5614 1730 5690 praxi.
1747 5612 1847 5689 Quare
1863 5626 2001 5677 necesse

230 5682 304 5751 beret
318 5688 432 5751 ceteris
447 5687 609 5753 Ecclesiae
624 5692 821 5771 exemptam.
836 5688 1095 5779 &leonicetem
1138 5699 1197 5768 est,
1214 5698 1246 5753 ut
1261 5692 1444 5769 llemnitius,
1455 5698 1506 5757 aut
1520 5693 1638 5773 rejiciat
1649 5693 1857 5761 testimouium
1869 5692 2001 5771 tustini,
