4084 6275
304 366 356 421 toi
964 360 1009 417 bu
1030 358 1253 417 lub‘tlllbllttt

235 500 314 561 laris
330 496 556 576 contaminent
571 510 671 557 erasos
686 500 765 557 essct
778 494 944 558 Nectarius
958 512 1031 559 eam
1044 512 1091 559 re·
1138 510 1174 557 cx
1191 492 1344 556 veteribus
1366 493 1473 557 scribit
1501 492 1664 555 foeminam
1690 491 1772 553 illam
1801 489 1998 554 coubtealom
2033 494 2034 503 ’

230 583 327 659 lipare
355 587 384 643 el
398 580 592 643 conuellere?
605 579 787 641 llccloriam
798 585 950 641 sanctam
960 579 1017 641 Dei
1038 579 1091 640 lto·
1136 578 1302 638 simulasse
1317 584 1378 638 clc.
1396 577 1538 639 Socrates
1553 582 1653 637 aulem
1669 623 1676 641 .
1692 576 1744 651 oui
1761 574 1998 653 antiquissimus

228 665 360 732 mitem,
377 662 526 724 omnibns
541 668 683 725 aeteram
704 659 870 741 suffragiis
893 660 1090 739 probatam,
1136 666 1195 729 est,
1212 666 1242 720 el
1256 658 1307 738 oui
1324 676 1387 721 rem
1403 660 1441 722 ab
1457 660 1511 722 illo
1527 660 1594 736 ipso
1609 659 1773 732 audiverat,
1788 659 1841 736 qui
1855 656 2000 717 interlue-

230 745 395 808 ltoereseoa
410 752 439 806 et
454 745 634 807 schismatis
648 744 867 808 accusabunt?
892 744 955 806 sed
979 746 1093 807 codem
1135 750 1191 813 rat,
1208 743 1315 805 scribit
1330 741 1494 805 foeminam
1510 742 1593 804 illam
1609 743 1713 803 soclus
1728 757 1817 803 suam
1849 756 1922 800 cum
1938 739 1999 799 dra·

229 830 355 889 calcalu
385 828 591 891 damnabant
625 827 802 888 Ecclesiam
830 828 1090 905 constantinopo·
1136 842 1226 894 aeno,
1243 831 1353 902 sponte
1370 828 1400 885 itt
1416 824 1611 887 confessione
1627 824 1799 902 aperuisse.
1817 822 1923 899 Quare
1937 831 1998 883 tao·

231 910 394 978 ittonam,
426 912 464 972 in
485 926 575 984 orta.
610 909 785 985 condiendi
807 925 927 973 murem
949 926 1018 972 non
1046 911 1091 972 od
1135 906 1481 985 larnabest,utspecie
1507 908 1718 969 confessionis
1741 905 2000 967 consuetudinem

230 1001 353 1071 lempna
361 995 455 1055 modo
474 993 715 1054 dissiototalum
727 991 835 1067 laissa,
859 993 917 1055 scd
934 994 980 1055 ad
994 1008 1091 1055 stram
1134 1006 1204 1051 com
1218 992 1348 1052 diacono
1364 990 1495 1051 foemina
1511 991 1561 1050 illa
1584 991 1809 1069 praetexuerit,
1834 988 1921 1064 qood
1937 986 1999 1049 Cal·

231 1074 747 1155 roqoemcmoriomocsolaolsse
775 1074 916 1155 affirmat
941 1075 1089 1137 Sozomc·
1134 1074 1223 1133 riuus
1252 1072 1288 1133 ad
1317 1072 1519 1133 infamandam
1543 1073 1771 1134 contessionem
1798 1071 1999 1147 impudenter

226 1172 302 1219 ntra:
318 1160 416 1219 imaro
430 1172 498 1219 raon
512 1158 969 1232 constantinopolitaeom,sed
983 1160 1088 1219 oriere·
1135 1155 1293 1232 conualle
1310 1162 1342 1215 ut
1357 1162 1462 1217 contra
1479 1154 1580 1235 polius
1602 1154 1752 1232 flagitium
1767 1170 1861 1216 suum
1879 1152 1911 1212 ιιι
1929 1170 1999 1213 oon·

230 1240 311 1303 totos
331 1254 442 1302 omnes
454 1240 624 1311 acclamas,
651 1240 836 1316 defectionis
856 1256 930 1302 reos
959 1248 1085 1318 apont3
1132 1238 1282 1311 sessione,
1300 1243 1331 1299 ut
1347 1238 1499 1305 diximus,
1516 1237 1708 1315 paletecerit.

229 1337 315 1401 qaae
338 1322 574 1397 inviolabilem,
589 1323 619 1383 si
633 1338 746 1383 ιιειιιιιι
773 1324 906 1390 dicunt.
934 1323 1036 1400 legem
1061 1330 1090 1385 et
1173 1320 1275 1381 Sexta:
1292 1320 1357 1381 buo
1372 1321 1463 1382 simol
1479 1319 1551 1381 laisa
1568 1320 1710 1388 Caluinus
1722 1318 1844 1387 scribit,
1860 1332 1932 1379 ctam
1948 1318 1996 1377 ad·

233 1402 421 1467 Gliristiania
436 1404 584 1466 omnibus
600 1405 793 1466 mandatam
804 1406 1032 1482 neglexerunt.
1132 1402 1187 1463 dit:
1205 1402 1369 1465 Nestorius
1382 1404 1433 1465 air
1444 1404 1614 1465 sanctitate
1626 1407 1655 1463 et
1666 1402 1853 1463 eruditione
1875 1399 1992 1470 clama.

270 1486 465 1565 llespaudeo:
482 1487 592 1547 multos
608 1489 638 1546 io
655 1488 711 1546 hac
727 1503 787 1547 utta
803 1486 978 1564 abjectione
993 1487 1098 1549 (talvi-¹
1128 1484 1217 1547 itlius
1233 1486 1393 1547 Ecclesiae
1405 1485 1587 1564 episcopus,
1603 1484 1896 1563 confitendiritum
1909 1482 1996 1543 abro-

229 1570 261 1630 ιιι
278 1570 382 1648 lapsus
398 1577 529 1639 exstare,
546 1584 624 1645 quos
649 1568 782 1629 breviter
805 1571 1034 1642 rtnnolabimus,
1051 1588 1086 1633 aa
1127 1570 1225 1645 pontt.
1243 1569 1397 1629 lleelarius
1413 1570 1570 1645 animiam
1586 1584 1683 1629 senex
1700 1575 1730 1628 el
1745 1568 1896 1635 laicus,et
1912 1568 1990 1641 oaod

229 1659 291 1713 lum
309 1654 431 1714 demum
447 1651 654 1731 objectionem
669 1652 766 1729 ipsam
795 1655 961 1729 perspicua
989 1653 1086 1713 dilue·
1129 1652 1228 1728 majos
1244 1656 1301 1724 εει,
1319 1652 1454 1712 nondum
1472 1650 1640 1728 baptizatus
1655 1655 1803 1721 erat‚com
1817 1650 1858 1708 ad
1877 1652 1993 1724 episeo-

228 1752 310 1796 mus.
326 1734 460 1796 Primum
478 1736 569 1811 igitur
582 1737 692 1795 mirum
708 1744 766 1807 est,
784 1751 839 1795 cur
867 1742 924 1795 lam
941 1736 1085 1797 audacter
1129 1742 1230 1809 palum
1246 1741 1465 1809 assumeretur3
1483 1740 1514 1793 ut
1530 1749 1590 1796 non
1617 1735 1657 1793 sit
1686 1732 1852 1801 credibile,
1887 1736 1940 1791 aot
1964 1747 1994 1791 eo

224 1816 386 1895 jactaverit
401 1814 555 1888 Calvinae,
572 1818 727 1879 luculenta
750 1818 922 1878 testimonia
938 1824 1057 1880 exstare
1076 1866 1084 1887 ,
1129 1822 1265 1893 tempore
1281 1816 1398 1877 clarum
1414 1815 1586 1878 eruditione
1601 1816 1719 1887 luisse,
1743 1821 1795 1873 aut
1821 1819 1938 1891 postea
1964 1816 1994 1875 ad

229 1907 292 1959 tum
309 1899 339 1960 ιιι
356 1898 505 1967 ιιιειοιιιε,
521 1907 584 1961 lum
599 1901 678 1978 apud
695 1899 837 1977 antiquos
858 1898 1085 1976 aliosSaripto·
1126 1896 1279 1971 insignem
1307 1898 1439 1976 aliquam
1465 1897 1649 1960 eruditionis
1675 1897 1803 1975 gloriam
1834 1896 1992 1971 pervento

224 1996 287 2043 res:
304 1980 331 2041 ει
346 1998 439 2043 unum
452 1980 654 2045 sdaomeoum
668 1982 802 2060 prolerre
814 1983 850 2042 ad
864 1984 998 2043 medium
1011 2000 1084 2044 con-

226 2065 376 2126 stituerat.
393 2062 497 2143 Neque
513 2069 595 2126 euim
610 2065 808 2143 ignoramus.
833 2064 1036 2127 sozomenum
1053 2066 1083 2127 ιιι

226 2147 353 2207 lrisloria
370 2146 461 2207 mulla
477 2161 548 2220 csse
565 2149 722 2209 mentitum
740 2192 749 2215 ,
773 2151 851 2209 leste
867 2166 893 2209 s.
911 2148 1057 2225 Gregorio
1075 2195 1083 2221 ,

226 2229 281 2290 lib.
297 2229 327 2289 b.
344 2230 467 2306 epistol.
480 2228 530 2291 il.
547 2237 578 2291 at
592 2246 693 2308 oeque
706 2230 895 2308 antiquitate,
913 2246 1014 2309 aeque
1030 2231 1083 2293 do·

227 2310 324 2373 ctrina
339 2326 409 2374 cum
423 2312 527 2375 mullis
543 2327 648 2375 eorum
664 2313 916 2391 comparandum,
933 2330 1012 2391 quos
1027 2330 1084 2375 nos

227 2395 398 2455 citavimus·

265 2474 383 2537 Deinde
400 2475 510 2538 mirum
526 2482 585 2549 est,
601 2494 656 2538 cur
671 2493 731 2538 noo
748 2477 911 2539 adverterit
924 2476 1081 2547 Calvinus,

224 2558 327 2635 ipsum
343 2558 544 2620 Sotomenum
558 2561 590 2621 io
606 2560 716 2622 eodem
738 2560 818 2627 loco.
835 2561 887 2638 qui
903 2561 940 2621 ab
956 2577 994 2622 eo
1010 2561 1082 2621 cila-

223 2648 282 2712 tur,
299 2641 422 2703 disertis
439 2641 540 2705 rerbis
555 2658 694 2705 asserere
709 2642 914 2705 consessionis
944 2644 1081 2705 necessi·

222 2729 328 2790 tatem.
341 2730 375 2785 ul
391 2741 446 2785 uos
462 2740 554 2800 supra
570 2724 751 2787 notavimus.

262 2803 374 2867 Tertio:
391 2807 525 2869 Assumit
539 2818 689 2886 tamquam
705 2814 821 2869 eertum
837 2806 993 2879 Calvinus,
1009 2823 1081 2869 coo·

218 2888 405 2949 stitutionem
422 2890 650 2966 episcoporum,
669 2904 747 2967 quae
763 2896 900 2965 tempore
916 2890 1078 2951 sozomeni

219 2969 676 3033 inoccidenlalibosecclesiis.
703 2978 734 3031 et
760 2973 941 3050 praesertim
968 2973 1081 3034 llomae

221 3050 354 3129 rigebat,
370 3053 467 3115 luisse
498 3053 746 3115 constitutionem
772 3056 812 3115 de
837 3054 1032 3116 contessione
1048 3072 1079 3115 o·

222 3135 339 3196 mnium
355 3143 547 3214 peccatorum
564 3136 745 3214 simpliciter
758 3135 994 3217 lacienda;ouod
1011 3153 1080 3215 pro·

223 3216 370 3290 bandum,
388 3234 448 3279 aon
463 3222 683 3281 assumendum
699 3219 808 3281 luerat.
831 3220 1035 3282 sozomenum
1050 3239 1081 3282 e·

226 3299 336 3362 nornut
351 3316 421 3361 mox
436 3303 789 3378 demonstrabimosmon
806 3302 939 3381 loquitur
954 3304 992 3364 de
1007 3317 1081 3364 cott-

1128 1982 1277 2057 poluisse.
1295 1981 1441 2057 Quocirca
1469 1981 1659 2043 sozomenus
1675 1980 1730 2041 lib.
1747 1980 1779 2039 l.
1796 1996 1870 2056 cap.
1889 1976 1924 2039 8.
1942 1980 1994 2039 lau·

1126 2065 1178 2123 dat
1193 2080 1262 2125 eum
1278 2082 1293 2122 a
1309 2064 1431 2135 canitie,
1449 2071 1479 2123 et
1494 2080 1613 2125 morum
1628 2066 1788 2138 suavitale3
1818 2062 1988 2123 sanctitatis

1126 2151 1156 2205 ot
1171 2145 1352 2207 eruditionis
1369 2146 1555 2207 mentionem
1573 2147 1686 2207 nullam
1702 2146 1784 2206 lacit.
1799 2144 1867 2205 Sed
1883 2146 1991 2222 qualos·

1127 2244 1259 2305 nomque
1289 2228 1410 2290 tandem
1427 2224 1583 2293 [lectarios
1598 2229 1699 2291 luerit:
1717 2243 1778 2288 non
1808 2229 1910 2288 ritum
1928 2244 1991 2287 coa·

1126 2310 1231 2372 lllcndi
1248 2311 1414 2389 abrogavit,
1431 2313 1485 2372 sed
1500 2313 1712 2391 presbyterum
1725 2312 1892 2372 dumtaxat
1909 2326 1990 2370 exau·

1126 2395 1262 2461 claravit,
1279 2395 1331 2469 oui
1346 2394 1478 2470 publicis
1495 2395 1726 2470 poenitentibus
1754 2398 1919 2471 praeeral3
1949 2393 1992 2453 So·
2034 2448 2035 2453 ,

1125 2484 1224 2538 ειιιεε
1241 2478 1334 2542 enim.
1354 2477 1542 2539 sozomenus
1557 2485 1587 2538 el
1602 2478 1792 2554 llicepborus
1817 2475 1902 2537 locis
1921 2484 1993 2535 nota·

1127 2560 1176 2630 lis,
1195 2561 1223 2619 id
1240 2561 1340 2621 solum
1357 2562 1522 2622 memoriae
1539 2561 1750 2638 prodiderant.
1765 2557 1920 2619 Fortasse
1936 2558 1992 2619 Cal·

1125 2643 1214 2703 rinus
1226 2643 1427 2703 sozomenum
1444 2657 1586 2721 graecam
1603 2657 1664 2704 non
1680 2643 1765 2719 legit,
1797 2648 1853 2701 aul
1869 2639 1989 2701 fidelem

1125 2726 1257 2803 aliquam
1275 2725 1461 2797 tersionem,
1478 2726 1534 2786 sed
1550 2726 1581 2786 io
1595 2724 1765 2787 diusculum
1793 2724 1922 2797 incidit,
1946 2724 1992 2799 oui

1126 2809 1164 2867 ila
1182 2808 1313 2868 reddidit
1329 2806 1448 2868 tilulum
1473 2824 1542 2885 cap.
1571 2807 1622 2869 le.
1651 2808 1706 2869 lib.
1738 2807 1768 2867 ι.
1795 2806 1991 2887 ,δειοιιιειιὴ

1128 2888 1290 2966 Quomodo
1312 2888 1469 2968 abrogata
1481 2890 1724 2968 lueritprioala
1744 2889 1921 2965 consessio.
1946 2890 1992 2967 qui

1126 2974 1230 3034 titulus
1246 2988 1335 3051 qoam
1353 2972 1392 3033 sit
1408 2973 1513 3046 falsus,
1531 2974 1729 3053 perspicuum
1746 2978 1795 3033 εει
1808 2986 1849 3033 ex
1879 2974 1992 3049 priori·

1125 3058 1176 3135 pio
1193 3057 1302 3132 capitis
1319 3056 1417 3131 ipsius
1434 3054 1606 3125 sozomeni,
1623 3072 1661 3117 cx
1675 3070 1736 3134 qua
1762 3054 1872 3115 titulus
1889 3054 1991 3129 colligi

1125 3140 1242 3202 debuit:
1259 3138 1304 3200 sic
1319 3139 1400 3199 enim
1417 3139 1469 3212 ail3
1486 3135 1625 3219 ἐντούτῳ
1648 3135 1682 3200 δὲ
1696 3134 1815 3199 ἐπὶτῶν
1829 3136 1991 3216 permeato-

1123 3240 1183 3284 των
1207 3218 1386 3300 τεταγμένον
1408 3219 1602 3320 πρεσβύτερος
1631 3219 1667 3282 ειι
1688 3239 1749 3282 κειι
1765 3217 1989 3300 στιινεχὼρησεν

1125 3303 1198 3366 εἶναι
1210 3304 1332 3386 πρῶτος
1347 3305 1516 3385 llsxraptos.
1534 3306 1615 3383 qdod
1631 3305 1677 3365 sic
1691 3306 1728 3366 ad
1745 3304 1877 3364 terbum
1908 3303 1990 3364 reddi

222 3381 360 3443 sessione
375 3384 510 3446 omnium
528 3392 720 3462 pcccatorum
749 3385 889 3446 absolute
913 3385 1052 3446 iacienda
1069 3433 1078 3462 ,
1125 3394 1236 3465 potest:
1253 3386 1317 3448 Hoc
1332 3391 1472 3464 ternpore
1483 3387 1703 3468 prosepromm
1717 3387 1991 3448 cortslitutumso·

222 3480 314 3542 quam
330 3467 535 3528 necessariam
551 3483 622 3529 esse
637 3469 757 3536 latetur,
775 3473 804 3527 cl
820 3484 876 3527 nos
891 3467 985 3528 divini
1000 3468 1079 3547 Joris
1121 3487 1182 3548 per
1192 3471 1403 3548 poenitentes,
1420 3485 1489 3532 noa
1502 3471 1646 3548 permisit
1666 3470 1810 3548 amplias
1824 3483 1909 3543 csse,
1930 3471 1993 3546 pri·

221 3549 531 3624 essecoateadimus3
559 3551 613 3611 sed
637 3550 885 3612 decentessime
914 3551 965 3612 uoi
994 3559 1078 3612 certo
1124 3569 1196 3616 mus
1212 3552 1388 3614 dietarios.

220 3628 414 3708 presbytero,
432 3639 516 3694 certo
531 3634 588 3693 rito
605 3632 765 3708 lacienda3
791 3633 830 3695 dc
845 3649 904 3708 oua
929 3634 1079 3695 constitu·
1165 3637 1312 3713 Septimo:
1331 3633 1568 3698 Coalomeliasis
1584 3632 1799 3703 illisrocibus,
1810 3639 1909 3708 atoue
1925 3633 1989 3693 bae·

220 3713 335 3772 tionem
348 3714 500 3791 quandam
510 3715 650 3793 episcopi
663 3715 995 3790 edideraottlooarlaaa
1008 3716 1080 3778 ltac-
1124 3720 1289 3780 relictorum
1307 3717 1449 3793 propriis:
1465 3718 1532 3788 llic,
1550 3719 1601 3780 laic
1617 3733 1714 3780 arares
1726 3717 1817 3778 asini
1838 3715 1899 3778 isti
1913 3719 1990 3776 arri·

224 3794 285 3853 resi
303 3797 433 3870 grassari
450 3797 629 3876 incipiente.
1124 3806 1215 3879 good,
1233 3799 1425 3862 maniicslum
1441 3800 1636 3862 mendacium
1652 3799 1796 3864 Calvinus
1822 3799 1986 3876 adjungit,

265 3875 378 3951 Quarto
393 3894 429 3938 ex
443 3893 493 3950 eo,
520 3880 602 3958 quod
624 3881 656 3940 itt
672 3879 804 3957 singulis
829 3880 974 3941 ecclesiis
998 3886 1080 3942 uou's
1124 3887 1195 3946 dum
1211 3883 1411 3944 auricularem
1428 3883 1656 3945 contessionem
1702 3882 1845 3943 dectario
1861 3881 1986 3958 abroga·

221 3967 324 4018 aertus
340 3960 500 4040 presbyter
513 3976 608 4039 saper
624 3963 900 4039 poenitentesolim
913 3963 1081 4024 couslilue·
1124 3975 1185 4028 lam
1200 3967 1318 4028 scribit.
1336 3965 1407 4026 llam
1425 3981 1485 4027 oon
1513 3966 1605 4026 modo
1635 3965 1739 4028 nullus
1769 3963 1989 4024 historicarum

222 4039 324 4113 balor,
342 4057 500 4120 perperam
517 4044 633 4122 colligit
647 4044 800 4114 caltinus,
817 4045 919 4106 clares
935 4061 995 4105 non
1007 4061 1080 4107 esse
1125 4051 1183 4110 boc
1196 4048 1330 4126 scripsit,
1343 4048 1399 4109 sed
1412 4049 1501 4110 eliam
1519 4053 1577 4109 lota
1594 4048 1645 4110 illa
1658 4047 1790 4108 narratio
1802 4046 1989 4109 elamataon

225 4125 312 4181 alatas
327 4126 469 4187 aniverso
484 4128 582 4188 ordini
612 4127 806 4188 sacerdolali.
834 4127 906 4188 llam
933 4144 1014 4190 unus
1030 4128 1082 4190 ille
1125 4132 1339 4198 auricularem,
1357 4131 1411 4192 sed
1429 4130 1583 4208 publicam
1607 4131 1842 4193 contessionem
1857 4128 1988 4188 asceta-

223 4205 397 4283 presbyter,
415 4213 447 4267 ul
462 4209 553 4286 paulo
569 4217 638 4286 post
659 4209 866 4277 docebimus,
897 4227 958 4270 ιιοιι
987 4227 1083 4288 super
1126 4215 1169 4276 rio
1185 4214 1371 4292 obrogatam3
1388 4215 1588 4292 nequeenim
1610 4229 1648 4275 ex
1672 4213 1841 4275 auriculari
1867 4211 1991 4272 coales-

221 4303 330 4349 omocs
346 4285 550 4364 poenitentes,
566 4291 622 4351 sed
648 4308 742 4370 super
771 4293 912 4366 publicus
938 4299 1053 4354 lautum
1071 4341 1078 4364 ,
1124 4299 1212 4360 sione
1227 4295 1374 4376 flagitium
1392 4297 1464 4357 illud
1482 4295 1618 4373 patelieri
1635 4295 1807 4373 potuisset,
1840 4293 1882 4354 ob
1900 4295 1990 4371 cuius

223 4370 275 4446 ‹poi
290 4371 472 4448 simpliciter
488 4377 683 4450 poenitentes
698 4374 899 4447 dicebantur,
928 4376 1077 4437 constitu·
1125 4382 1221 4441 solius
1236 4377 1521 4440 manilestationcm.
1536 4377 1692 4441 Nectarias
1706 4381 1797 4440 ritum
1809 4376 1903 4438 illum
1921 4392 1991 4438 con

222 4457 272 4509 los
287 4461 367 4513 erat:
380 4468 472 4529 quare
487 4457 521 4520 ii.
537 4473 666 4534 qaorum
684 4464 807 4535 peccalo
830 4458 948 4520 occulta
965 4465 1052 4520 crant
1069 4505 1077 4526 ,
1123 4461 1269 4525 fessionis
1283 4461 1427 4542 publicae
1443 4462 1609 4539 abrogavit.

223 4540 363 4626 poterant
384 4537 452 4597 aliis
474 4539 687 4600 sacerdotibus
712 4539 848 4616 privatim
880 4539 1083 4602 condierist
1167 4544 1324 4621 llisigitur
1346 4542 1903 4616 inCalvinumbreviler'annolalis,
1935 4549 1992 4603 tola

220 4615 293 4675 licet
308 4619 398 4710 eliam
414 4620 498 4680 solus
513 4621 565 4682 ille
580 4624 741 4701 presbyter
751 4638 846 4700 saper
858 4638 967 4685 omncs
982 4625 1081 4686 omui·
1126 4627 1176 4688 illa
1194 4628 1318 4687 historia
1335 4628 1513 4703 explicanda
1530 4633 1588 4696 εει,
1612 4631 1646 4688 ul
1660 4627 1827 4704 perspicue
1859 4634 1991 4704 pateat.

222 4713 264 4756 no
287 4707 478 4774 poenitentes
493 4707 676 4765 constitutos
692 4705 811 4776 luisset,
830 4721 890 4766 oon
908 4712 1008 4767 lamen
1032 4723 1081 4768 se·
1127 4710 1244 4771 ntrllum
1270 4714 1482 4785 argumentum
1505 4725 1542 4770 ex
1568 4724 1603 4769 ea
1630 4709 1804 4769 narratione
1836 4711 1993 4771 adsersus

220 4786 376 4874 orreretur,
392 4786 511 4845 mentiri
527 4786 707 4860 catltolicos,
732 4803 802 4849 cum
817 4789 922 4849 dicant
937 4790 1080 4852 onirerso
1126 4792 1331 4853 contessioats
1346 4794 1561 4853 necessitatem
1579 4807 1671 4869 posse
1686 4790 1804 4869 colligi.

220 4863 320 4956 ordini
336 4867 515 4928 sacerdolali
530 4869 616 4929 datas
628 4885 699 4930 esse
711 4871 825 4932 clares:
840 4871 868 4930 id
883 4871 963 4931 enim
976 4873 1080 4934 cellro·
1166 4873 1277 4936 Tribus
1291 4873 1443 4952 capitibus
1459 4880 1518 4935 lota
1536 4874 1586 4934 illa
1599 4874 1730 4936 narratio
1746 4874 1996 4948 comprehendi·

222 4946 274 5009 lrct
289 4963 398 5008 ornnes
413 4949 588 5027 intelligunt
603 4952 641 5012 de
658 4959 806 5030 potestate
822 4953 940 5013 ordinis
956 5001 965 5026 ,
987 4971 1078 5030 quam
1125 4961 1184 5018 lar.
1201 4956 1334 5018 Primum
1349 4957 1430 5018 enlm
1443 4957 1578 5018 referunt
1591 4964 1731 5018 auctores
1754 4956 1852 5026 citati,
1880 4957 1997 5018 sorra·

218 5031 396 5090 sacerdotes
410 5048 520 5094 omnes
533 5037 562 5093 ιιι
579 5035 771 5096 ordinatione
786 5036 1079 5115 suscipiuol‚quam·
1126 5047 1183 5111 tos,
1201 5041 1388 5101 sozomenus
1403 5044 1433 5102 el
1448 5039 1649 5118 Nicephorus,
1662 5037 1880 5118 presbyterum
1895 5057 1997 5116 queo·

217 5126 279 5206 que
294 5126 438 5175 exercere
455 5130 515 5176 non
532 5125 684 5193 possunt.
701 5120 760 5179 nisi
777 5123 935 5196 praeterea
950 5119 1078 5196 jurisdi·
1125 5123 1193 5182 dam
1210 5121 1440 5197 poenitentibus
1457 5123 1662 5200 praepositum
1680 5119 1788 5182 luisse.
1803 5121 1932 5182 Deinde
1949 5129 1998 5182 ad·

217 5204 350 5256 attonem
367 5196 405 5257 ab
421 5199 579 5277 episcopis
594 5201 757 5277 accipiant.
1127 5205 1362 5283 ‹tomttagttiam
1377 5204 1498 5266 diaconi
1516 5220 1585 5266 cam
1600 5205 1742 5277 muliere,
1765 5220 1804 5266 ex
1815 5207 1995 5266 occasione

258 5275 382 5351 Quinto:
398 5277 548 5357 Deprarat
562 5280 705 5344 Calvinus
720 5284 888 5348 historiam.
905 5301 975 5345 eunt
991 5283 1075 5354 dieii,
1127 5287 1211 5348 illius
1226 5289 1301 5347 ritus
1316 5287 1556 5363 poenitentialis.
1572 5287 1648 5349 'lum
1662 5288 1787 5355 doceat,
1804 5285 1846 5347 ob
1863 5291 1999 5348 scanda-

216 5353 379 5422 toemioam
395 5363 557 5440 quamdam
574 5365 771 5427 condientem
786 5368 961 5441 simulasse,
978 5363 1090 5443 eaque'
1124 5371 1187 5430 lum
1204 5385 1241 5430 ex
1255 5385 1292 5430 eo
1306 5367 1422 5446 llagilio
1439 5370 1730 5446 nalumabrogatam
1746 5367 1846 5432 luisse
1863 5372 1999 5448 presby·

217 5445 324 5515 specie
339 5446 609 5515 cousuetudinem,
627 5465 718 5526 qoam
734 5466 803 5510 cum
820 5449 950 5514 diacono
979 5449 1072 5511 bebo·
1122 5459 1188 5514 lero
1205 5457 1398 5530 potestatem,
1414 5469 1449 5514 ac
1465 5455 1649 5530 permissum
1665 5451 1761 5514 luisse
1777 5451 1949 5521 omuibus,
1968 5462 1999 5514 ιιι

216 5517 279 5593 bal,
296 5529 517 5600 praetexuisse.
533 5527 606 5589 llam
622 5547 724 5606 acque
739 5533 928 5595 sozomenus
946 5581 954 5604 ,
971 5533 1025 5592 lib.
1045 5532 1074 5594 l.
1121 5549 1176 5612 pro
1192 5551 1245 5596 sua
1261 5537 1391 5613 quisque
1404 5535 1592 5597 conscientia
1608 5537 1645 5596 ad
1667 5550 1755 5596 seara
1772 5536 1927 5613 mysteria
1946 5555 1997 5596 ac·

215 5618 285 5677 cap.
304 5607 352 5666 lb.
370 5623 471 5685 neqoe
486 5611 639 5684 socrates,
657 5614 710 5675 lib.
734 5614 765 5675 ὅ.
791 5631 861 5694 eap.
893 5615 943 5678 aa.
967 5622 1074 5694 'oeque
1121 5618 1258 5680 cederet.
1675 5658 1680 5666 ·

215 5681 643 5772 iiicepltarue,lib.ii.cap.
673 5693 725 5758 28.
752 5713 857 5774 oeque
886 5699 1074 5760 aliosalios
1162 5699 2001 5780 betrimacapitecanstatortmaraexsecratorem·
2035 5753 2036 5766 .
