4084 6275
832 423 927 482 llutiti
947 425 1070 484 uulnus
1713 427 1764 484 488

84 564 204 642 proprie
218 579 232 622 a
246 561 309 620 bea
322 559 469 634 instituta
480 549 539 619 non
551 557 633 620 enirn
646 555 729 622 ileos
741 558 933 621 creaailcoe·
980 566 1099 637 postea:
1115 577 1177 623 non
1196 563 1225 624 in
1242 567 1320 626 statu
1337 560 1541 635 innocentiae,
1568 559 1637 638 nula
1654 565 1724 624 tunc
1751 561 1833 624 nulla

23 714 25 729 ‚
84 650 140 718 las,
159 655 190 708 ut
206 643 363 724 apostolas
377 640 597 718 sigailiearcut,
615 643 670 703 scd
686 657 722 703 ex
738 644 866 703 naturali
882 657 933 704 eo·
977 645 1033 706 luit
1048 644 1220 706 necessitas
1235 647 1349 726 gratiae
1376 643 1603 708 sacramentalis
1619 690 1628 718 ,
1653 659 1721 708 cum
1751 647 1833 708 nulla

23 776 25 793 .
82 747 147 791 rurn
163 727 347 807 proprietate
363 726 446 786 ducit
461 723 616 803 Scriptura
636 726 878 796 similitudinem,
896 725 933 786 ad
977 735 1062 788 esset
1076 729 1325 806 concupiscentia
1354 730 1402 791 rel
1424 726 1610 802 dillleultas3
1639 741 1741 806 noque
1769 729 1833 790 allo

82 811 213 873 cilicium
229 808 435 887 apostotorum
452 810 677 885 explicandum.
694 808 730 868 lit
751 808 832 869 idem
847 809 886 869 dc
901 824 932 868 o·
976 811 1114 872 remedio
1126 819 1229 872 eontra
1246 816 1403 888 peccatum
1419 826 1497 889 opus
1512 817 1607 872 esset.
1635 808 1669 870 ln
1685 815 1764 872 statu
1778 827 1832 873 au·

81 895 206 956 mnibus
221 894 288 953 aliis
304 892 456 952 similibus
472 891 706 964 iatetttpcueurn
722 897 779 950 est.
976 898 1037 952 tem
1054 901 1177 956 naturae
1192 900 1362 972 corruptae,
1381 911 1441 954 non
1463 894 1574 972 legitur
1599 892 1659 954 ulla
1683 894 1832 955 institutio

121 977 296 1038 Secundum
313 981 524 1052 argumentum
539 974 673 1035 lrrtlreri:
690 975 932 1036 Matrimonium
975 974 1154 1036 Matrimonii
1181 977 1266 1048 lacta,
1298 979 1327 1039 in
1344 984 1405 1038 toto
1430 975 1523 1038 ueteri
1552 976 1757 1048 Testamenta,
1775 976 1830 1037 sed

75 1061 139 1137 fuit
160 1060 201 1120 ab
221 1061 316 1120 initio
337 1059 466 1125 mundi,
488 1064 516 1116 el
531 1057 638 1117 adbuc
651 1064 821 1135 permanet
835 1058 933 1118 elium
975 1064 1088 1118 tautum
1104 1060 1254 1120 restrictio
1269 1059 1429 1136 quaedam,
1441 1059 1540 1136 quoad
1553 1073 1700 1138 personas
1711 1066 1831 1122 contra·

76 1145 166 1221 opud
180 1142 343 1218 infideles:
359 1156 418 1200 nec
432 1140 667 1200 carintanorum
682 1147 710 1199 el
723 1146 872 1201 sanetum
887 1143 932 1199 esl
975 1141 1096 1210 nentes,
1113 1141 1206 1203 berit.
1221 1139 1270 1202 tu.
1668 1172 1671 1180 ι

75 1228 167 1304 opud
178 1227 262 1291 illos.
280 1239 380 1303 qurum
393 1223 484 1299 apud
498 1238 568 1289 aas,
585 1229 614 1282 el
629 1229 743 1283 contra
757 1224 930 1284 inueniun-
1015 1221 1172 1284 Praetereo
1189 1225 1218 1284 iu
1230 1225 1422 1285 Testamenta
1433 1222 1540 1294 veleri,
1558 1223 1761 1300 permissione
1777 1222 1831 1285 liei

75 1317 128 1370 tur
149 1309 239 1384 aprtd
259 1305 373 1385 fideles
387 1306 483 1382 inrpii
495 1305 659 1382 conjrapcs.
675 1305 841 1384 paribusvis
854 1320 931 1382 pen·
975 1304 1056 1365 licita
1072 1313 1158 1368 erant
1172 1307 1341 1384 polygamia
1371 1313 1400 1366 el
1416 1305 1590 1382 repudium
1606 1321 1683 1383 quae
1698 1306 1759 1368 duo
1775 1321 1829 1382 pu·

76 1391 160 1452 libus
180 1390 315 1469 pejores.
342 1387 380 1448 Al
401 1389 492 1464 apud
512 1386 662 1462 infideles
687 1387 931 1450 Matrimonium
975 1396 1070 1464 gruunt
1084 1405 1153 1450 curn
1169 1391 1284 1450 ratione
1300 1388 1392 1468 signi,
1410 1393 1440 1450 et
1454 1389 1523 1449 ideo
1547 1391 1621 1448 tunc
1647 1403 1685 1448 ne
1707 1389 1829 1466 signum

71 1489 141 1535 nan
155 1481 199 1535 est
219 1469 627 1546 sacromeulum3llrponec
642 1471 733 1546 apud
744 1471 864 1544 lideles:
880 1469 931 1533 uel
974 1471 1100 1547 quidem
1115 1477 1179 1532 crat
1194 1471 1428 1541 Matrimonium,
1446 1475 1546 1547 rre'que
1561 1476 1624 1530 erat
1644 1486 1680 1530 eo
1697 1475 1833 1546 tempore

70 1557 100 1617 si
114 1564 159 1618 est
174 1557 264 1633 aperd
278 1569 331 1615 eos
354 1560 606 1625 sacramentum
631 1554 715 1629 Erpo
740 1568 809 1614 nen
822 1559 869 1618 est
880 1569 931 1615 so·
973 1553 1069 1630 gratia
1087 1562 1143 1613 tam
1157 1556 1332 1615 necessaria
1349 1557 1379 1615 io
1396 1553 1602 1616 Matrimonia.
1619 1569 1708 1628 quam
1727 1557 1833 1614 noslro

70 1644 387 1700 cramerriumnouue
414 1636 491 1712 lepis
517 1637 699 1711 proprium.
728 1635 811 1698 idem
841 1652 941 1714 arpa-¹
975 1642 1186 1712 temporeest:
1213 1653 1281 1700 cum
1297 1633 1384 1698 iacile
1400 1637 1554 1713 potuerint
1583 1635 1724 1696 homines
1749 1633 1834 1698 illius

69 1729 205 1780 mentum
220 1718 498 1795 iaciunthilippus
512 1717 720 1779 etliemnitius
735 1719 802 1778 loeo
815 1723 927 1784 notato.
973 1719 1131 1797 temporis,
1150 1721 1197 1780 rel
1215 1720 1406 1782 multitudine
1422 1735 1570 1785 uxorum.
1596 1717 1644 1778 rel
1658 1716 1770 1778 'libello
1785 1731 1832 1778 re·

110 1803 306 1878 Respondeat
321 1801 384 1862 lion
397 1800 510 1861 desunt
524 1801 678 1874 catholici,
695 1802 746 1878 qui
759 1802 927 1878 admittant,
972 1803 1058 1880 purlii
1074 1817 1235 1864 occurrere
1251 1805 1311 1863 illis
1326 1801 1565 1872 dilllcultatibus,
1581 1800 1620 1862 ob
1635 1815 1710 1876 quas
1727 1807 1830 1862 nostro

70 1884 294 1945 Matrimonium
307 1900 368 1944 non
382 1899 452 1944 esse
465 1890 687 1944 sacramentum
703 1885 857 1962 proprium
874 1902 927 1946 no·
972 1893 1110 1963 ternpore
1125 1886 1250 1964 gratiam
1263 1884 1377 1962 requiri
1393 1884 1564 1944 docuimus.
1587 1881 1622 1942 Mt
1637 1881 1775 1958 quamvis
1792 1895 1830 1943 eo

69 1983 124 2027 rae
147 1967 240 2045 legis,
257 1967 313 2028 sed
335 1967 431 2027 luisse
454 1968 484 2026 in
507 1967 576 2040 leae
591 1967 699 2036 veteri,
714 1966 833 2028 etiamsi
848 1971 928 2044 apud
971 1974 1109 2045 tempore
1124 1973 1301 2035 tenerentur
1312 1966 1440 2028 Hebraei
1454 1966 1613 2028 instituere
1628 1964 1708 2025 lllios
1722 1963 1753 2024 in
1769 1960 1831 2025 fide

67 2049 212 2123 ludaeos,
230 2056 260 2110 et
285 2049 438 2112 actaristu
463 2065 522 2108 nou
546 2056 605 2109 tarn
627 2048 810 2120 institutum,
834 2065 923 2127 qoam
971 2050 1165 2128 elreligiouo
1190 2049 1257 2111 Ilei:
1272 2058 1372 2111 tamon
1388 2049 1438 2109 bic
1462 2047 1534 2109 linis
1560 2053 1623 2109 erat
1639 2046 1830 2108 extrinsecus

69 2132 294 2195 conlirmatum.
309 2133 352 2194 lta
378 2133 459 2192 euim
483 2133 573 2192 ducet
595 2131 771 2210 biplronsus
787 2150 801 2192 a
819 2132 924 2195 Castro
970 2132 1160 2193 Matrimonia
1175 2132 1609 2206 illarum,intrinsceusautcm
1621 2134 1668 2192 esi
1682 2129 1830 2190 Matrimo-

69 2215 147 2274 ltbro
164 2215 216 2277 tl.
233 2223 335 2276 eontra
352 2217 510 2286 haereses,
527 2215 621 2274 rerba
644 2213 789 2291 Nuptiae,
808 2217 927 2279 haeresi
971 2216 1023 2275 nio
1040 2214 1289 2278 Christianorum.
1306 2215 1351 2278 llo
1366 2233 1424 2294 qua
1441 2229 1473 2276 re
1489 2213 1557 2276 ride
1582 2212 1734 2274 fluendum
1760 2211 1828 2274 loco

69 2297 99 2357 3.
115 2304 145 2357 et
161 2297 269 2358 Petrus
285 2315 300 2358 a
317 2299 401 2362 Sota,
425 2298 495 2357 lect.
512 2297 543 2357 2.
560 2297 599 2358 de
611 2297 813 2369 Matrimonia,
830 2303 861 2360 ct
875 2301 927 2362 alii
971 2306 1086 2359 notato.
1922 2295 1927 2306 '

68 2380 204 2457 quidam,
222 2395 351 2457 quorum
366 2381 500 2441 rationes
514 2387 586 2440 sunt
601 2381 765 2457 praecipue
779 2388 851 2443 tres.
866 2381 928 2442 Pri·
1013 2380 1119 2457 neque
1132 2383 1190 2444 tria
1207 2381 1257 2443 illa
1281 2384 1456 2460 argumenta
1482 2377 1679 2441 convincunt.
1707 2373 1779 2436 Nam
1792 2373 1831 2438 etl

68 2478 126 2536 ura,
140 2464 212 2539 quia
229 2466 393 2540 lpastolus
408 2464 443 2522 nd
462 2463 576 2538 lipbes.
593 2461 624 2524 5.
640 2463 678 2523 de
691 2463 834 2540 conjugio
850 2466 925 2526 nda·
971 2463 1106 2524 Primum
1119 2464 1180 2542 iam
1196 2471 1265 2527 ante
1280 2464 1507 2543 respondimus,
1520 2461 1695 2538 Apostolum
1707 2457 1832 2520 Patrium

69 2546 109 2604 mi
136 2554 166 2605 et
178 2545 259 2606 lirae
274 2547 360 2606 dicit:
375 2547 625 2606 Sacramentum
638 2545 696 2606 ltoc
712 2562 869 2622 acapnum
881 2553 926 2610 ast
973 2561 1010 2606 ea
1026 2547 1094 2609 loeo
1107 2563 1222 2608 numen
1235 2549 1415 2609 sacramenti
1438 2560 1499 2607 non
1526 2544 1660 2604 tribuere
1688 2539 1832 2618 conjugio

70 2633 126 2687 etc.
144 2629 299 2698 Secunda,
315 2631 385 2706 quia
408 2628 522 2689 Gerros.
538 2631 568 2688 l.
585 2627 668 2688 Deus
684 2628 841 2688 benedixit
856 2647 928 2691 eon·
972 2628 1138 2705 primorum
1155 2637 1325 2706 parentum,
1340 2630 1395 2690 sed
1413 2627 1526 2699 nuptiis
1547 2625 1696 2689 fidelium.
1711 2620 1830 2685 Deinde

66 2710 271 2787 juglandem
285 2717 315 2770 et
330 2711 422 2786 Evae,
438 2727 475 2771 ex
489 2726 550 2786 arro
561 2710 683 2770 ridetur
696 2711 822 2785 aratiam
838 2715 929 2788 signo
973 2714 1092 2773 etiamsi
1110 2714 1286 2790 eonjugium
1298 2711 1401 2773 ldami
1413 2720 1442 2772 et
1452 2711 1529 2772 brae
1540 2707 1746 2788 significasset
1759 2719 1832 2766 con·

69 2794 262 2870 adjunxisse.
286 2793 398 2860 uerna,
421 2795 491 2869 quia
513 2793 574 2852 Leo
596 2795 688 2868 epist.
704 2791 756 2853 92.
773 2795 810 2853 ad
830 2795 927 2855 liasti-
970 2795 1162 2872 junctionem
1177 2796 1284 2858 Christi
1301 2801 1332 2857 et
1346 2794 1516 2862 Ecclesiae,
1532 2798 1565 2854 ut
1577 2805 1682 2853 revera
1699 2803 1753 2866 per
1767 2803 1831 2848 mo·

68 2891 152 2945 cum,
170 2877 254 2947 dicit,
272 2875 393 2951 nuptias
409 2876 447 2934 ab
462 2875 547 2934 initio
560 2874 605 2934 sic
618 2877 819 2948 institutas,ut
835 2877 927 2939 babo·
972 2879 1044 2937 dum
1058 2876 1171 2955 ligurus
1186 2878 1378 2956 signillcarit:
1394 2883 1493 2938 lernen
1510 2891 1569 2935 ηοη
1586 2873 1684 2952 potuit
1698 2869 1758 2932 diei
1780 2883 1830 2932 aa·

69 2961 140 3018 rent
155 2960 184 3018 in
201 2957 360 3020 cecinisti
378 2957 575 3018 etEcciesiae
591 2967 826 3019 sacramentum.
972 2967 1160 3022 crumentum
1183 2961 1305 3038 proprio
1319 2960 1446 3036 dictum,
1463 2959 1561 3036 qualia
1574 2959 1646 3017 sunt
1660 2957 1762 3014 nostra
1784 2965 1831 3014 sa·

111 3040 171 3101 Sed
187 3040 325 3119 prolecto
340 3055 401 3100 non
425 3039 512 3100 tideo
525 3042 780 3118 quemadmodum
806 3041 837 3102 id
865 3047 929 3102 lulo
973 3047 1138 3113 eramenta,
1156 3044 1226 3122 quia
1242 3042 1337 3104 deluit
1352 3043 1394 3101 illi
1412 3039 1574 3120 promissio
1589 3036 1715 3115 gratiae.

67 3122 191 3183 delendi
209 3123 316 3200 possit.
329 3123 400 3184 llam
415 3123 580 3183 concilium
602 3121 809 3194 lloreatirium,
823 3140 928 3188 nume·
995 3126 1058 3187 ,ald
1075 3127 1248 3189 Secundum
1264 3123 1450 3205 respondeo:
1479 3118 1730 3183 benedictionem
1746 3114 1831 3177 illam

67 3212 112 3265 rat
127 3206 350 3266 Matrimonium
367 3206 448 3266 iuter
468 3211 658 3266 sacramenta
686 3206 883 3282 novaelegis,
900 3212 932 3268 et
973 3210 1069 3271 luisse
1082 3209 1348 3287 corporalemnon
1364 3205 1564 3285 spiritualem:
1581 3202 1652 3263 indo
1668 3200 1750 3261 enim
1766 3198 1830 3291 loe·

70 3287 232 3364 distinguit
245 3295 435 3349 sacramenta
449 3288 929 3370 legisacterisasacrameruisle·
974 3292 1115 3351 crrrrdttas
1129 3292 1332 3369 corporibus,
1350 3306 1411 3350 ηοη
1427 3288 1571 3349 auxilium
1586 3282 1699 3361 gratiae
1715 3279 1831 3358 spintr-

69 3371 240 3446 gisnense,
258 3372 339 3448 qoud
357 3372 406 3430 illa
434 3386 494 3431 non
521 3370 697 3431 conterreat
721 3372 857 3447 gratiam,
874 3373 930 3431 ista
975 3374 1034 3433 bas
1049 3375 1190 3436 attributa
1203 3373 1350 3446 estiluod
1364 3379 1446 3434 recle
1460 3370 1567 3448 probat
1578 3366 1764 3443 Augustinus
1778 3359 1835 3423 lib.

68 3454 227 3513 coniurant
241 3454 379 3531 gratiam.
395 3453 431 3512 lit
446 3453 609 3514 concilium
632 3453 757 3513 trident.
780 3470 860 3513 sess.
877 3454 928 3514 24.
976 3457 1025 3517 43.
1039 3456 1280 3519 confessionum.
1297 3470 1365 3532 cap.
1381 3454 1433 3514 24.
1450 3460 1487 3515 ex
1501 3466 1549 3519 eo.
1567 3449 1648 3527 quod
1660 3448 1766 3509 eadem
1780 3444 1835 3507 bc·

68 3553 135 3598 can.
151 3536 179 3595 l.
194 3538 320 3596 disertis
334 3538 436 3596 verbis
460 3536 561 3610 tradit,
582 3544 807 3595 sacramentum
829 3536 929 3597 Matri·
975 3540 1111 3601 nedictio
1127 3540 1193 3599 data
1212 3540 1324 3615 legitur
1338 3536 1476 3613 piscibus
1491 3540 1521 3595 el
1535 3534 1653 3592 axibus.
1805 3542 1809 3555 ·

68 3620 160 3678 monii
177 3617 328 3679 aetrrtstc
349 3619 381 3678 in
398 3634 473 3679 noxa
490 3619 558 3696 lege
575 3617 757 3677 institutum:
774 3627 805 3679 et
819 3617 930 3697 inipso
1014 3623 1058 3683 ild
1075 3622 1208 3683 Tertium
1222 3623 1290 3682 dico
1306 3637 1332 3681 s.
1351 3618 1482 3679 Leonem
1499 3630 1559 3676 non
1575 3613 1690 3674 dixisse
1704 3656 1712 3683 ,
1728 3609 1766 3671 ab
1777 3606 1834 3703 ἱηί·

68 3703 203 3771 decreto,
221 3702 303 3778 quud
321 3716 457 3762 canones
469 3701 634 3771 antecedit,
647 3700 812 3762 concilium
826 3702 929 3774 docel,
974 3707 1017 3766 tio
1033 3706 1138 3766 mundi
1156 3706 1279 3781 nuptias
1307 3701 1450 3763 babuisse
1478 3698 1588 3761 Christi
1617 3700 1647 3756 et
1674 3692 1832 3755 ticetcsras

67 3783 257 3846 Matrimonia
275 3782 527 3855 Christianorum,
542 3784 635 3861 gratia
649 3788 803 3861 praestare
815 3800 927 3846 conuu·
974 3794 1211 3862 sacramentum3
1227 3787 1282 3847 sed
1299 3784 1336 3846 ab
1352 3784 1437 3844 initia
1451 3796 1525 3843 suae
1537 3771 1833 3867 institutionisrquod

71 3866 130 3926 biis
144 3874 295 3927 aeterum.
975 3879 1059 3934 recte
1075 3872 1203 3948 intelligi
1218 3873 1318 3945 potest
1332 3868 1455 3928 denora
1470 3862 1660 3927 institutione
1677 3874 1731 3936 per
1746 3854 1832 3951 dirri-

107 3949 190 4024 Quae
205 3950 297 4009 etiarn
313 3948 463 4009 sententia
478 3947 535 4010 luit
549 3953 684 4009 veterum
700 3950 927 4028 theologorum:
974 3964 1066 4018 stum.
1083 3954 1202 4017 Deinde
1217 3953 1243 4013 si
1259 3951 1320 4013 beo
1336 3949 1474 4011 dixisset.
1490 3947 1527 4008 ab
1543 3942 1628 4005 inuio
1651 3939 1755 4003 mundi
1771 3983 1780 4014 ‚
1804 3935 1836 3999 td

67 4046 133 4091 rrum
149 4048 176 4093 s.
193 4032 372 4092 Thomasin
388 4032 418 4092 4.
437 4033 508 4092 dist.
524 4030 575 4091 26.
594 4037 712 4106 quaest.
729 4034 761 4094 2.
788 4034 879 4093 artie·
897 4032 928 4093 2.
972 4041 1061 4099 priam
1079 4042 1162 4099 essai
1177 4051 1296 4107 verum,
1314 4034 1387 4111 quia
1400 4030 1574 4110 conjugium
1590 4027 1734 4103 primum,
1750 4019 1832 4099 quod

67 4120 95 4173 cl
109 4113 138 4173 3.
155 4116 266 4175 scribit
280 4114 500 4174 Matrimonium
518 4114 690 4175 institutum
706 4115 849 4177 fuissem
865 4114 929 4175 olil-
972 4120 1079 4185 xrlami
1095 4127 1124 4184 et
1140 4118 1218 4179 Evae
1240 4117 1306 4191 luil3
1323 4115 1561 4176 incarnationem
1576 4107 1765 4170 Dominicam
1782 4118 1829 4163 re·

67 4199 144 4255 cium
157 4204 297 4267 naturae,
313 4196 345 4256 iu
360 4203 438 4257 statu
455 4199 661 4264 innocentiae,
675 4198 788 4259 deinde
804 4199 834 4257 in
851 4205 930 4258 statu
972 4203 1189 4283 praesenserit:
1205 4200 1259 4262 scd
1273 4216 1332 4260 non
1346 4198 1415 4259 ideo
1430 4194 1607 4273 conjugium
1622 4184 1830 4252 illudetmol·

67 4287 189 4340 naturae
202 4286 381 4356 corruptae,
396 4279 492 4340 luisse
507 4280 552 4339 illi
564 4280 699 4340 additum
718 4326 726 4347 .
752 4288 785 4341 ut
800 4285 884 4341 esset
900 4281 931 4341 in
974 4296 1005 4350 to
1018 4289 1122 4348 minus
1137 4283 1459 4353 caetera,sacrarnenta
1470 4274 1592 4353 proprie
1606 4273 1685 4335 dicta
1699 4270 1831 4331 luerunt.

66 4365 248 4431 remedium
268 4368 298 4422 et
314 4363 434 4421 taudem
451 4364 481 4421 in
495 4363 563 4439 lege
579 4378 667 4433 nora,
683 4380 698 4423 a
715 4362 835 4425 Cirrislo
847 4364 933 4424 insti·
1014 4370 1069 4431 llis
1085 4368 1256 4445 explicatis,
1272 4364 1309 4428 erl
1324 4366 1535 4441 argumentum
1563 4353 1755 4434 Responde&
1772 4348 1833 4445 ata-

67 4451 160 4505 tntum
177 4445 279 4506 luisse
293 4453 529 4506 sacramentum.
553 4446 586 4506 S.
603 4446 694 4507 eliam
723 4447 932 4509 Bouarentura
978 4454 1151 4514 calmontana
1168 4449 1261 4511 luisse
1276 4446 1315 4508 ab
1330 4445 1415 4506 initio
1432 4441 1536 4504 mundi
1553 4485 1562 4513 ,
1592 4444 1622 4501 el
1636 4452 1719 4499 nono
1742 4439 1833 4527 exram

68 4529 97 4585 in
113 4528 143 4587 4.
157 4528 229 4589 dist.
246 4527 303 4593 26.
319 4528 406 4587 artic.
422 4527 453 4587 2.
471 4535 590 4603 quaest.
606 4528 638 4587 2.
666 4531 767 4589 docet:
784 4529 934 4590 Matrirno·
978 4552 1048 4597 esse
1064 4535 1143 4613 apud
1160 4532 1312 4602 infideles
1343 4534 1375 4589 ut
1389 4528 1575 4589 contractum
1591 4522 1711 4583 ciuilem
1727 4562 1735 4592 ,
1756 4522 1790 4577 ct
1805 4528 1836 4574 tn

67 4612 149 4669 uiam
166 4612 196 4671 in
216 4614 288 4687 tege
304 4626 379 4671 noxa
397 4615 511 4669 lantum
528 4611 649 4670 lrebcre‘
666 4627 815 4673 annexam
832 4626 934 4671 aeream
977 4618 1110 4681 officium
1127 4621 1264 4687 naturam
1280 4611 1336 4673 scd
1352 4626 1413 4671 non
1431 4608 1538 4673 luisse,
1567 4614 1626 4666 ne'c
1641 4616 1712 4665 esso
1727 4611 1831 4661 velum
1881 4660 1889 4689 ,

68 4693 204 4767 gratiam.
222 4689 270 4754 iix
286 4710 348 4768 noo
377 4693 578 4769 intelligimus
602 4694 736 4755 eundem
764 4700 933 4761 auctorem,
978 4706 1218 4774 sacramencum,
1235 4697 1293 4757 nisi
1306 4694 1386 4772 apud
1399 4690 1635 4755 christianum
1649 4682 1838 4778 dongastinus

68 4790 134 4835 cum
150 4792 242 4853 snpra
260 4777 406 4844 asseruit,
433 4783 656 4836 sacramentum
671 4776 769 4839 luisse
784 4777 935 4837 ilatrinro·
982 4786 1106 4847 alsonis
1120 4781 1223 4844 uerbis
1238 4781 1338 4849 docet,
1356 4776 1411 4839 lib.
1427 4776 1465 4835 de
1480 4771 1552 4841 lide,
1569 4776 1600 4830 ei
1614 4764 1838 4847 ollonium-'¹-

70 4859 151 4918 nium
170 4860 201 4919 in
219 4864 302 4919 statu
321 4859 530 4933 innocentiae,
546 4874 608 4918 non
634 4876 705 4921 esse
719 4862 878 4937 tonantum
895 4861 935 4921 de
980 4874 1011 4929 ec
1026 4868 1064 4929 da
1080 4868 1160 4927 bono
1176 4860 1342 4941 conjugali,
1359 4874 1429 4935 cap.
1445 4856 1498 4917 24.
1528 4852 1626 4925 Quare
1643 4851 1749 4913 laisum
1765 4850 1837 4920 est,

70 4949 277 5006 sacramento.
294 4942 386 5017 quale
403 4958 483 5001 nunc
499 4948 557 5002 est.
575 4940 685 5003 Seotus
710 4951 868 5020 praeterea
885 4958 935 5003 co·
979 4949 1228 5028 querelabimus
1250 4942 1388 5015 assumit,
1412 4936 1634 5001 Matrimonium
1657 4946 1727 4995 esse
1741 4942 1840 5022 aequo

68 5024 137 5083 dem
153 5026 294 5084 distinct.
312 5022 363 5083 ab.
379 5030 500 5101 quaest.
515 5024 618 5096 unica,
642 5027 844 5087 conclusione
858 5025 888 5086 4.
904 5042 936 5085 a·
979 5040 1118 5093 sarratam
1132 5029 1210 5108 apud
1226 5026 1369 5088 inlldeles
1393 5028 1424 5083 et
1436 5017 1555 5082 laetas:
1570 5034 1638 5077 nam
1653 5017 1841 5108 augustinos

20 5125 22 5152 t
67 5108 254 5180 liliiSSilssiS
266 5107 370 5167 verbis
385 5110 487 5179 ¹¹0⁰⁰b
504 5107 728 5169 Matrimonium
751 5126 812 5169 ¹¹0⁰
838 5108 935 5169 [uisse
978 5116 1057 5177 lucis
1073 5115 1195 5178 notatis,
1211 5108 1404 5188 apertissime
1426 5103 1544 5174 scribit,
1560 5098 1761 5162 Mutrinronns
1773 5090 1841 5189 rub·

20 5196 22 5240 ²
67 5196 292 5251 ⁸³⁰i³¹¹¹⁰¹¹¹¹¹¹¹¹
310 5198 380 5249 ⁰⁰¹0
395 5188 506 5249 Chiisii
522 5190 697 5262 adrentum,
713 5192 769 5254 Sed
786 5208 868 5252 nuno
880 5191 934 5251 de·
979 5200 1095 5261 delium
1111 5197 1223 5257 deesse
1236 5188 1418 5253 sacramenti
1431 5190 1634 5256 sanctitatem,
1647 5195 1725 5260 quae
1740 5176 1841 5239 Matre·

20 5281 23 5324 t
70 5272 933 5350 muminlegeuoxaacbristoiuslitutum.lluodidem
979 5280 1093 5343 moniis
1109 5278 1246 5340 llrlelium
1263 5273 1388 5336 minime
1404 5271 1504 5331 deest.
1730 5342 1737 5357 1
1796 5341 1802 5354 ι

20 5390 23 5399 ·
72 5370 107 5415 ex
121 5355 352 5416 recentioribus
367 5355 490 5428 doceat,
508 5354 648 5417 lluardos
675 5359 706 5417 in
729 5358 934 5433 explicatione
1016 5364 1061 5425 Ad
1077 5358 1250 5435 illudquod
1263 5352 1555 5418 addebatLutberus
1568 5347 1717 5428 conjuges
1729 5356 1843 5419 rmpros

20 5447 21 5486 t
76 5442 129 5497 art.
149 5438 200 5499 lii.
217 5438 467 5510 bononiensium,
491 5444 522 5497 et
537 5438 713 5501 bantinieus
726 5460 743 5501 a
756 5444 840 5511 Solo.
855 5442 887 5501 io
902 5441 935 5501 4.
976 5436 1471 5521 etomuibusgentilibuspeiores
1483 5433 1612 5493 inueniri
1624 5429 1704 5508 apud
1718 5426 1840 5501 lideles3

20 5531 23 5573 i
75 5519 143 5579 ⁶¹⁵¹·
160 5521 214 5582 ²⁶·
231 5527 353 5597 issiisi·
370 5520 401 5581 ²·
418 5528 474 5581 iil·
491 5520 522 5580 ²·
540 5528 570 5579 ⁰¹
584 5522 633 5581 illl
656 5525 812 5599 ltetfflttiii·
981 5529 1179 5606 Respondeo:
1197 5526 1260 5586 Mon
1278 5522 1374 5601 pollui
1387 5517 1569 5581 sacramenti
1585 5514 1776 5606 sanctitatem
1791 5524 1848 5587 per

20 5617 23 5655 t
114 5604 149 5662 lit
163 5604 308 5681 lienique
320 5604 439 5665 raecedit
454 5604 613 5665 manilesta
631 5607 719 5667 ratio.
741 5606 813 5668 Nam
829 5606 854 5667 si
877 5606 937 5667 Ma·
984 5612 1083 5673 malos
1098 5624 1201 5671 mores
1218 5620 1339 5675 corum,
1356 5604 1407 5679 nui
1433 5604 1622 5663 sacramenta
1650 5598 1847 5675 percrprunt,

20 5699 21 5740 t
76 5684 250 5748 trirnouium
263 5694 489 5749 sacramentum
505 5686 815 5751 luissetantedbristi
828 5689 941 5751 adxen·
986 5700 1058 5755 riam
1074 5692 1187 5771 alioqui
1204 5688 1296 5752 etiem
1312 5686 1498 5767 baptismum
1526 5688 1557 5744 et
1569 5678 1787 5773 Eucharistiam
1802 5688 1852 5736 sa·

19 5790 23 5818 ι
75 5770 147 5845 turn,
164 5771 213 5833 aet
227 5770 338 5833 luisset
350 5772 522 5834 institutum
536 5772 566 5832 in
579 5775 659 5834 statu
671 5772 877 5849 innocentiae,-
893 5774 942 5837 xel
990 5784 1144 5842 eramenta
1161 5790 1231 5840 esse
1247 5786 1443 5853 negaremus:
1457 5767 1544 5833 multi
1556 5766 1649 5842 eninr,
1667 5778 1718 5844 qur
1733 5764 1791 5825 rsta
1805 5774 1854 5822 sa·
