4084 6275
252 307 305 365 682
914 291 960 358 llll
980 301 1207 360 roadlltdlla

178 449 264 512 strat,
280 444 317 504 in
329 457 365 504 eo
380 439 515 515 inepriata
544 444 572 500 el
585 439 691 516 linito:
715 440 761 502 aa
783 453 857 502 auria
881 441 982 516 aptam
1002 457 1038 501 u-
1084 438 1499 523 adcommodatumne
1524 437 1575 500 illa
1591 437 1622 499 ln
1638 439 1767 518 liguram
1796 433 1970 496 lleltracis

178 542 258 586 araim
267 527 323 606 jus
339 527 478 592 omaeet
492 522 595 584 laomor
608 522 780 584 scaudala·
795 523 969 586 translatus
981 532 1037 584 est.
1082 528 1262 607 contigisse,
1280 525 1357 586 etad
1375 538 1433 584 nos
1444 536 1551 584 aarum
1572 537 1674 584 neriam
1698 515 1969 599 sigirillcationes

218 608 261 668 ad
276 607 488 687 quaestionem
504 604 603 667 obiter
617 607 815 684 propositam:
843 607 1037 683 llespondeo:
1081 613 1248 691 periinere.
1264 607 1369 686 Neque
1384 605 1575 667 caeremonia
1590 604 1652 666 dici
1673 609 1787 682 potest,
1812 599 1909 678 qood
1927 603 1968 660 sl-

178 690 333 752 Cillillulss
350 689 449 750 0bilssl
465 688 596 762 menliri,
623 705 692 750 ⁰11¹ss
719 688 836 761 scribit,
862 689 1040 752 sacerdotes
1082 697 1207 759 brainam
1224 696 1302 754 duos
1317 689 1396 752 lilios
1410 687 1562 762 hahuerit,
1577 703 1670 748 unum
1686 689 1725 749 de
1738 684 1857 746 ancilla
1875 689 1915 742 et
1931 703 1968 743 u·

178 773 406 835 christianosail
420 787 454 833 se
467 771 585 834 trahere
598 771 803 849 cognitionem
816 772 919 849 leprae
931 787 1039 849 corpo·
1082 797 1155 841 nom
1178 779 1218 840 de
1239 775 1348 837 libera:
1375 778 1407 833 el
1430 779 1531 832 tamen
1557 769 1625 840 eius
1649 770 1912 848 rei-allegoriam
1929 767 1965 828 b.

179 857 264 918 ralis,
281 857 385 934 Neque
401 855 482 915 enim
496 853 592 933 'hujus
608 855 651 915 'rei
675 855 721 916 rel
748 855 970 936 testimonium,
992 856 1039 916 rel
1083 863 1194 924 Paulus
1210 859 1334 936 exponit
1348 856 1443 924 Galat.
1459 854 1491 914 l.
1582 910 1585 926 ,

178 941 353 1016 ττετττριετττ
369 939 539 1017 producere
562 938 682 1018 poterit:
706 937 786 1015 apud
813 953 870 998 nos
894 938 975 1000 enim
990 939 1038 999 ⁴de
1124 942 1284 1006 Concludit
1298 940 1421 1017 laridum
1436 935 1581 998 Calvinus
1595 935 1838 1013 responsionem
1868 947 1967 990 suam

180 1024 265 1100 lepra
283 1021 433 1100 corporali
449 1019 560 1083 medici
577 1019 767 1097 respondere
782 1019 883 1081 solent
908 1036 968 1081 non
991 1037 1038 1081 sa·
1079 1027 1130 1089 his
1145 1026 1258 1088 verbis:
1277 1022 1482 1102 Quamquam
1506 1019 1545 1081 a'n
1567 1033 1604 1080 re
1631 1019 1726 1080 clara
1748 1012 1966 1094 suffragium

178 1106 333 1166 condoles.
349 1103 452 1165 lirslat
466 1102 591 1181 guidem
606 1103 636 1162 in
660 1103 731 1180 jure
757 1103 905 1169 canonico
923 1103 1038 1178 ,titulus
1080 1111 1181 1174 ullius
1195 1108 1510 1169 commemorasse
1522 1102 1636 1179 pudet:
1644 1100 1702 1162 uiri
1714 1099 1868 1162 carucae
1883 1114 1965 1174 pra·

179 1189 218 1248 de
235 1187 380 1266 conjugio
395 1187 601 1269 leprosorum:
618 1186 672 1248 sed
689 1187 716 1255 is
732 1186 837 1248 titulus
854 1187 929 1248 nilril
945 1187 1038 1248 habet
1080 1194 1229 1257 nunant,
1245 1206 1280 1252 se
1301 1191 1358 1266 jus
1380 1185 1481 1264 legale
1508 1184 1695 1260 relinquero
1722 1180 1964 1243 sacerdotibus

178 1286 342 1332 commune
358 1286 426 1330 cum
443 1269 565 1346 legibus
580 1268 764 1330 leviticisde
780 1268 923 1349 leprosis.
940 1268 1052 1348 Leges'
1079 1275 1253 1353 integrum,
1269 1278 1437 1351 iompraam
1447 1267 1600 1346 protessis
1613 1264 1776 1342 caocpettt
1790 1262 1961 1330 melibeis.

176 1353 259 1414 enim
275 1353 412 1414 leviticae
427 1351 643 1430 praescribunt
657 1352 804 1414 rationem
821 1351 1037 1429 dijudicandae
1081 1361 1273 1437 quicomper
1287 1357 1333 1418 od
1352 1352 1601 1430 obstrependum
1613 1348 1733 1410 intonat
1755 1351 1874 1413 mam,
1892 1348 1963 1407 nisi

178 1437 280 1512 leprae
294 1434 477 1498 elsaorillcia
494 1433 1034 1512 quaepraleprosisolierendesun13
1081 1457 1116 1502 os
1127 1442 1240 1517 suasca
1253 1438 1428 1500 occlusum.
1448 1434 1552 1509 Quare
1566 1437 1602 1492 ut
1616 1429 1964 1509 laeaeposseaat'amcm

176 1519 231 1580 lus
246 1535 317 1580 vero
333 1518 513 1580 canonicum
531 1531 633 1595 neque
648 1516 686 1582 de
702 1515 819 1586 ratione
834 1518 938 1594 leprae
961 1517 1038 1591 diju·
1079 1526 1243 1586 retineant
1256 1520 1392 1599 Populea
1405 1515 1556 1581 caeliam,
1577 1515 1692 1592 palam
1716 1510 1915 1575 concedant
1928 1515 1964 1572 ia

176 1603 337 1670 dicandae,
354 1616 456 1680 neque
471 1599 510 1660 de
525 1598 685 1662 saorilloiis
701 1605 817 1673 mactet,
833 1615 935 1678 neque
950 1599 1038 1674 leges
1083 1623 1196 1670 corum
1207 1610 1327 1686 portes.
1342 1616 1421 1680 quos
1434 1614 1562 1664 neumae
1578 1604 1623 1659 est
1646 1597 1679 1658 ai
1707 1595 1896 1672 comptitavit
1923 1611 1963 1655 aa

176 1685 246 1746 illas
261 1683 398 1746 leviticas
414 1683 473 1744 ulla
489 1698 526 1744 er
542 1687 628 1760 parte
651 1683 818 1744 servandas
829 1735 831 1742 .
843 1682 1037 1759 praescribis
1084 1688 1203 1752 carulo
1217 1687 1428 1756 amicitiaeue,
1440 1682 1577 1748 comati
1588 1694 1681 1741 amaa
1695 1677 1766 1755 eius
1781 1678 1962 1738 minueres

175 1767 231 1828 sed
260 1768 361 1828 solum
387 1765 487 1835 docel,
509 1781 571 1826 noc
584 1781 656 1843 osse
672 1766 801 1844 lepram,
829 1772 860 1827 ut
873 1781 973 1842 neque
986 1765 1034 1826 ul·
1079 1773 1165 1836 nata
1179 1768 1396 1849 acopos-tinea.

176 1852 239 1910 ¹¹¹OE
262 1850 355 1912 illum
382 1848 520 1910 fflOlbflffl
537 1850 740 1926 ⁰⁰lll⁰il¹ffl¹12
765 1850 877 1919 lusiam
894 1863 1036 1910 altissim
1121 1858 1156 1917 ll
1170 1854 1244 1933 qaid
1260 1859 1308 1916 est
1319 1851 1400 1913 aliud
1417 1851 1520 1912 aierem
1536 1844 1760 1916 verberarem
1774 1841 1853 1902 sine
1868 1841 1959 1902 hoste

176 1933 296 1996 ‹lirarlii
322 1933 399 1992 inter
421 1929 582 2008 conjuges.
606 1929 670 1992 Non
689 1931 786 2008 igilur
810 1933 839 1992 in
870 1931 1038 2006 Scripturis
1082 1953 1232 2017 pugnare,
1249 1936 1276 1997 si
1291 1937 1351 1996 hoe
1366 1951 1426 1994 non
1442 1932 1506 1995 esti
1520 1931 1566 1992 sic
1581 1928 1664 1990 0⁰51ss
1680 1942 1739 1988 1¹08
1753 1924 1913 1987 Calvinus
1927 1927 1962 1984 ³¹1

179 2016 438 2090 ludimus,negue
453 2013 660 2092 cognitionem
677 2016 786 2092 leprae
803 2015 971 2093 corporalis
986 2030 1040 2074 no·
1082 2021 1271 2100 judaismum
1287 2018 1401 2097 rejicit,
1418 2018 1505 2091 guasi
1532 2012 1821 2076 contenderemus,
1852 2013 1960 2086 cogni·

180 2097 228 2158 bis
244 2112 442 2175 usurpamus,
466 2097 646 2175 praesertim
663 2113 699 2158 er
715 2098 740 2158 ri
764 2099 843 2174 legis
870 2096 1039 2158 mosaicae:
1084 2106 1196 2165 tionem
1213 2103 1316 2180 leprae
1332 2099 1502 2177 corporalis
1516 2096 1600 2174 juxta
1616 2094 1717 2170 legem
1735 2091 1916 2163 leviticam,
1929 2093 1961 2151 orl

178 2182 234 2242 sed
247 2179 461 2260 cognmentum
474 2195 511 2240 ex
522 2179 616 2259 figura
629 2179 793 2254 ducimus,
813 2185 845 2244 ut
865 2186 936 2242 ante
964 2179 1041 2240 dixi·
1083 2185 1262 2247 sacerdotes
1277 2183 1473 2262 evangelicos
1489 2179 1656 2259 coniicerm
1668 2190 1740 2236 cum
1754 2189 1816 2234 nos
1828 2172 1884 2246 (ut
1899 2189 1961 2235 sae·

180 2280 248 2327 nius
869 2293 872 2298 ·
1083 2285 1123 2346 pe
1138 2266 1284 2344 diximus)
1300 2283 1360 2326 non
1376 2264 1589 2344 cognitionem
1620 2260 1725 2335 leprae
1754 2257 1960 2333 corporalis,

217 2346 263 2408 Ad
286 2345 472 2407 S⁰ll¹¹l⁰⁰0¹11
495 2350 594 2406 aulem
619 2351 799 2423 argumento
817 2350 925 2406 UOSllss
943 2361 958 2405 ss
976 2343 1047 2408 Cili-1
1084 2352 1139 2414 sed
1155 2349 1335 2428 spiritualis,
1352 2364 1431 2427 auae
1446 2363 1501 2421 per
1516 2342 1706 2421 corporalem
1730 2338 1822 2398 illam
1838 2339 1958 2416 signill-

178 2430 248 2489 vino
271 2428 450 2500 adhibitam,
470 2427 884 2505 RespossdthflcetdOlium
909 2428 938 2488 ill
957 2420 1042 2488 Chli-
1085 2434 1221 2503 sabatur,
1239 2431 1354 2493 nostris
1377 2428 1593 2493 sacerdotibus
1608 2422 1802 2486 doleremus.
1828 2419 1873 2480 Et
1897 2437 1962 2481 aero

180 2520 261 2573 stum
279 2527 350 2573 esse
366 2510 559 2583 translatum,
576 2511 631 2572 sed
655 2509 809 2573 Christum
831 2527 893 2572 non
915 2526 972 2588 per
992 2527 1040 2584 se,
1083 2519 1109 2578 si
1126 2515 1241 2579 dalrici
1257 2514 1450 2577 ratiocinatio
1465 2509 1633 2588 auidquam
1646 2503 1961 2577 valeret‚illudetian

182 2594 236 2668 sed
254 2609 310 2672 per
325 2607 398 2656 suos
414 2592 571 2654 ministros
588 2594 618 2654 in
635 2592 724 2654 terris
746 2593 831 2671 longi
853 2593 1038 2656 sacerdotio.
1083 2599 1230 2671 efficerer,
1248 2598 1405 2658 nominem
1423 2610 1517 2674 posse
1539 2610 1555 2652 e
1571 2585 1814 2652 circumcisione
1842 2589 1960 2647 carnali

178 2678 283 2754 ltaque
300 2675 379 2738 siout
405 2691 460 2754 per
481 2675 638 2736 ministros
664 2691 738 2737 suos
763 2676 973 2752 concionalur,
989 2675 1041 2738 ha·
1086 2682 1122 2744 ad
1138 2679 1405 2744 circumcisionem
1423 2675 1613 2755 spiritualem
1629 2675 1853 2746 argumentum
1871 2670 1960 2730 duce·
2018 2724 2019 2727 ,

180 2761 284 2836 pateat,
300 2757 719 2836 anselm,rigatsacntleium
735 2757 824 2820 aneu
838 2765 897 2820 erc.
914 2757 952 2819 no
966 2775 1041 2832 auo·
1085 2781 1131 2837 re,
1148 2764 1221 2843 quin
1234 2763 1271 2824 aa
1288 2767 1388 2839 partes
1403 2760 1589 2824 ludaeorum
1602 2753 1713 2817 correo
1726 2752 1960 2823 nostrumnon·
2018 2730 2019 2813 l

178 2859 239 2922 que
253 2856 308 2921 ρετ
321 2857 394 2904 suos
419 2843 575 2902 minislros
603 2841 763 2918 cognoscit
788 2848 914 2903 caussas
937 2840 1042 2918 leprae
1085 2847 1200 2910 cedere
1216 2846 1382 2908 rideretur:
1399 2851 1431 2906 et
1447 2851 1549 2904 mmen
1565 2836 1724 2917 aposlolus
1754 2832 1893 2908 Paulus,
1911 2835 1957 2912 qui

177 2923 356 3002 spiritualis,
373 2929 403 2984 et
415 2925 451 2986 ad
469 2923 619 3002 ejusmodi
637 2923 792 2986 ministros
807 2923 981 3000 spirituales
997 2925 1041 2986 le·
1085 2929 1117 2992 in
1134 2926 1265 3005 epistola
1287 2928 1325 2990 sd
1355 2927 1489 2996 Galatas,
1517 2919 1790 2986 circumcisionem
1804 2917 1962 2989 judaicam

177 3007 260 3086 prosi
277 3007 437 3072 accedere,
454 3012 484 3066 el
499 3005 621 3067 morbos
637 3022 711 3068 suos
726 3007 884 3084 detegere
911 3006 1040 3070 debent,
1085 3012 1124 3075 ab
1138 3011 1276 3074 Ecclesia
1292 3010 1368 3073 talis
1380 3007 1496 3072 videus
1511 3009 1643 3076 amaret,
1660 3001 1742 3063 idem
1759 3000 1791 3061 in
1809 2999 1959 3076 epistol

178 3087 304 3164 Quodsi
320 3089 524 3151 sacerdotium
540 3087 580 3149 ila
596 3087 632 3149 ad
649 3088 748 3154 solum
774 3088 928 3152 Christum
944 3095 1041 3152 trans·
1086 3094 1205 3160 coloss.
1222 3110 1293 3174 cap.
1309 3093 1341 3157 2.
1360 3091 1435 3156 dicit
1448 3107 1507 3154 nos
1531 3102 1641 3151 omnes
1666 3083 1719 3163 qui
1734 3079 1891 3161 baptizati
1914 3099 1958 3143 sa·

177 3174 269 3234 lotum
287 3176 384 3244 esset,
411 3178 445 3235 ut
459 3170 495 3232 ad
509 3174 576 3247 ejus
591 3170 749 3234 ministros
764 3173 849 3235 nullo
865 3172 956 3233 modo
972 3189 1058 3251 ρετ·.
1086 3196 1166 3241 mus.
1179 3177 1380 3239 circumcisos
1395 3191 1466 3239 esse
1478 3168 1717 3237 circumcisione
1738 3181 1803 3229 nou
1823 3168 1958 3227 manule-

178 3257 301 3327 tinerel,
319 3254 367 3315 rel
383 3256 473 3316 eliam
490 3253 537 3329 (ul
552 3252 695 3317 Calvinus
708 3255 857 3333 loquitur)
874 3255 905 3315 in
920 3253 1041 3318 Christo
1085 3268 1146 3329 cta,
1161 3260 1193 3322 in
1209 3259 1415 3337 expoliatione
1430 3254 1569 3337 corporis
1583 3250 1699 3322 carnis,
1715 3249 1773 3314 sed
1788 3247 1954 3310 circumci-

177 3339 365 3415 eomplelum
378 3354 413 3399 aa
428 3336 546 3405 linitum
563 3342 656 3407 esset,
682 3344 714 3398 et
729 3337 846 3401 uallum
857 3337 919 3417 jam
935 3338 966 3399 io
983 3343 1042 3401 lor·
1088 3344 1177 3405 sione
1192 3341 1316 3420 Christi.
1333 3341 1417 3405 Sicut
1429 3342 1525 3421 igitur
1538 3333 1736 3399 circumcisio
1761 3330 1802 3392 ad
1820 3347 1883 3393 nos
1895 3348 1952 3391 non

179 3422 222 3502 ris
238 3420 442 3483 sacerdotium
469 3425 654 3481 remaneret:
671 3426 753 3483 certe
769 3436 826 3483 neo
856 3420 906 3483 lex
933 3421 1044 3483 ullain
1089 3426 1234 3506 pertinet,
1251 3424 1388 3503 pertinet
1407 3430 1509 3486 autera
1525 3418 1712 3497 Baptismus
1742 3416 1798 3492 qui
1830 3429 1891 3491 per
1904 3416 1957 3474 cir·

180 3506 269 3566 terris
286 3507 471 3567 remaneret.
489 3501 601 3563 liudem
630 3502 714 3565 enirn
740 3503 817 3565 ralia
839 3504 1001 3566 sacerdotii
1018 3510 1050 3567 et
1090 3508 1313 3572 cumcisiooem
1327 3506 1564 3586 similtudinem
1575 3497 1775 3564 circumcisio
1787 3498 1957 3575 spiritualis
2018 3557 2019 3584 ,

176 3588 255 3665 legis
268 3594 326 3649 est:
340 3585 366 3647 si
383 3586 561 3647 translatum
578 3590 626 3647 est
640 3586 846 3649 sacerdotium
861 3586 892 3647 in
908 3588 1043 3659 coelum,
1090 3592 1275 3655 nominatur:
1291 3591 1339 3651 sic
1353 3586 1588 3667 eliamcognilio
1603 3584 1708 3661 leprae
1724 3579 1763 3641 ad
1779 3582 1956 3643 sacerdotes

177 3680 205 3731 m
221 3672 270 3730 Ιττ
289 3670 319 3737 ia
335 3670 458 3731 eoelum
474 3669 617 3735 translata
633 3674 692 3731 est:
710 3670 736 3730 si
752 3670 919 3731 extinctum
933 3675 982 3731 est
997 3685 1045 3731 sa·
1091 3673 1350 3735 christianosnoc
1368 3666 1668 3750 pertinet-pertinet
1689 3670 1792 3726 aulem
1825 3664 1954 3741 cognitio

178 3752 361 3821 cordolium,
375 3752 505 3813 extincta
522 3757 706 3831 quoqueest
721 3752 817 3814 lausi
834 3768 905 3814 vero
919 3752 1045 3814 nonrusi
1091 3759 1222 3835 peceati,
1237 3756 1319 3831 guod
1334 3770 1389 3830 per
1400 3755 1516 3831 lepram
1530 3747 1733 3829 significatur,
1747 3752 1779 3807 el
1793 3746 1887 3824 lepra
1901 3748 1953 3823 spi·

177 3834 400 3897 arbsnrdissime
417 3833 542 3905 dicitur,
558 3835 609 3896 lea
626 3832 681 3897 Ilei
696 3835 736 3895 ila
751 3850 822 3897 esso
838 3835 982 3900 extincta,
994 3841 1047 3896 aul
1091 3840 1212 3901 ritualis
1226 3838 1385 3917 aptissima
1397 3836 1585 3901 nominator.

179 3921 208 3978 in
226 3918 348 3979 coelum
363 3917 519 3989 translata,
537 3916 667 3978 utnulla
683 3918 724 3978 sil
735 3916 765 3977 in
781 3918 884 3979 terris:
909 3916 1047 3994 protecto
1131 3923 1232 3983 'lertio
1247 3920 1346 3999 ligura
1361 3926 1409 3996 est
1424 3915 1592 3985 confessio,
1608 3930 1700 3994 guam
1716 3912 1802 3975 Deus
1833 3911 1949 3971 instituit

180 4017 241 4062 non
256 4001 358 4061 minus
380 3999 513 4063 absurde
529 3998 650 4069 dicitur,
666 4000 870 4061 sacerdotium
892 4000 932 4060 ita
948 4000 1045 4063 erlin·
1092 4005 1122 4063 in
1136 4004 1331 4070 Testamenta
1346 4003 1488 4072 velerum
1502 4000 1552 4063 eni
1566 3997 1695 4076 adiungi
1711 3995 1807 4058 voluit
1824 3994 1949 4054 locam-

180 4092 275 4155 eterra,
292 4090 343 4144 aut
360 4084 390 4143 in
407 4082 528 4145 eoelum
542 4098 612 4145 esse
629 4084 821 4155 translatum,
837 4088 871 4144 ul
894 4083 975 4145 iuter
990 4080 1046 4144 ha·
1090 4086 1212 4166 jusdam
1229 4085 1459 4159 satisfactionis,
1476 4082 1663 4145 oblationem
1679 4076 1892 4140 saariliciitde
1905 4093 1953 4153 qua

181 4169 281 4229 ruinas
299 4167 417 4227 nullum
433 4165 485 4227 sit.
1093 4170 1180 4231 llum
1197 4169 1228 4230 5.
1244 4176 1274 4231 et
1290 4168 1411 4231 leuitici
1427 4169 1517 4229 etiarn
1532 4164 1779 4227 5.testimorrium
1796 4160 1955 4220 nummus.

220 4244 312 4309 laon
326 4248 441 4309 deinde
461 4246 614 4309 Caluinus:
637 4245 777 4318 adhaec,
799 4250 989 4327 importuna
1004 4254 1051 4311 est
1092 4253 1165 4314 llam
1178 4251 1315 4328 prolecto
1329 4253 1355 4313 si
1371 4252 1527 4313 contessio
1541 4246 1679 4327 llguralis
1690 4250 1782 4306 erata
1796 4242 1864 4305 lieo
1881 4242 1958 4303 insti·

177 4333 325 4409 ipsorum
335 4330 502 4408 caeparia,
517 4346 602 4411 quae
613 4331 713 4409 legem
723 4346 808 4393 merc
821 4332 987 4410 politicam
997 4332 1049 4393 ia·
1093 4341 1154 4395 tota
1183 4339 1214 4397 et
1228 4337 1405 4397 necessaria
1417 4333 1488 4413 jure
1503 4331 1618 4401 divino,
1634 4334 1750 4403 guanto
1773 4328 1875 4404 magis
1892 4342 1956 4385 coa·

181 4422 228 4475 ter
242 4413 615 4492 cocreomalosrepocta.
644 4414 680 4474 Al
706 4412 756 4473 hic
773 4414 834 4476 duo
850 4420 922 4475 sunt
938 4418 1048 4475 errata.
1093 4418 1188 4480 lessio
1204 4417 1327 4496 ilgrrratn
1343 4432 1415 4479 esse
1428 4414 1523 4478 debet
1537 4431 1553 4475 a
1569 4413 1632 4475 ileo
1649 4412 1787 4474 instituta
1803 4416 1838 4470 el
1854 4423 1959 4469 neces·
2018 4449 2019 4452 ,

180 4497 314 4557 Primum
328 4498 413 4563 ,enim
429 4494 477 4555 lex
491 4495 530 4557 de
545 4496 728 4573 purgatione
742 4495 871 4574 leprosi,
888 4512 949 4558 non
963 4511 1050 4559 mere
1094 4501 1171 4563 saria
1186 4499 1255 4576 jure
1266 4499 1386 4562 dirino‘l
1487 4552 1491 4560 ,

181 4580 316 4655 politica,
336 4578 391 4640 sed
415 4578 545 4653 maxima
560 4594 597 4641 ex
611 4584 697 4657 parte
713 4580 946 4641 caeremonialia
959 4588 1024 4641 erm
1040 4598 1049 4641 :
1135 4583 1195 4646 Sed
1211 4582 1354 4659 acaciam
1370 4581 1518 4646 llartinus
1532 4576 1706 4641 liemnitius
1731 4575 1762 4637 in
1780 4577 1812 4635 2.
1832 4580 1915 4652 part.
1931 4592 1961 4635 a·

181 4662 253 4723 llam
271 4662 297 4723 si
314 4676 398 4723 mere
419 4662 542 4738 politica
559 4660 678 4730 luisset,
692 4661 728 4724 ad
746 4662 917 4739 principem
948 4662 1049 4740 politi·
1093 4666 1225 4728 xaminis
1240 4682 1310 4743 pag.
1326 4664 1399 4727 aaa.
1415 4663 1598 4727 contendit.
1628 4660 1862 4724 contessionem
1876 4660 1960 4719 illam

181 4762 265 4817 cum,
280 4761 341 4805 nan
359 4744 396 4804 ad
413 4744 593 4807 sacerdotes
606 4744 817 4821 pertinuisset.
835 4744 871 4807 Et
885 4760 946 4821 aaa
956 4746 1049 4807 modo
1094 4750 1191 4810 luisse
1206 4748 1381 4825 generalem
1410 4746 1509 4818 (Talis
1520 4743 1689 4821 acclama,
1703 4742 1816 4818 inquil,
1829 4741 1868 4801 in
1881 4749 1961 4802 aete·

179 4828 305 4907 poliliaa
319 4827 368 4888 lex
386 4832 445 4898 est,
462 4835 493 4889 et
506 4843 568 4888 non
584 4827 687 4906 potius
702 4827 948 4898 caeremonialia,
965 4844 1045 4905 auae
1088 4833 1121 4893 ri
1137 4832 1333 4897 Testamenta
1345 4836 1424 4892 erat.
1440 4822 1577 4909 quondo
1588 4826 1710 4905 aliquis
1722 4864 1727 4875 ·
1738 4825 1785 4887 od
1809 4828 1962 4887 sacerdo

174 4910 436 4990 jubetleprosum
453 4910 569 4971 recludi
592 4915 711 4988 septem
741 4910 862 4973 diebus.
891 4910 1044 4973 dissutum
1090 4909 1787 4991 iemadducebathostiamoffercmiompro
1813 4916 1960 4985 peccato,

178 5008 286 5069 gerere
303 4994 530 5062 vestimentum,
547 4994 637 5054 lavari
654 4994 828 5069 aliquoties,
842 4992 953 5055 offerre
975 5010 1045 5069 pas·
1089 5014 1149 5076 pro
1164 4997 1291 5068 delicio,
1306 4996 1581 5073 protpaoroatto,
1596 5010 1658 5071 pro
1672 4992 1885 5053 contumacia
1901 5000 1959 5052 cla.

179 5093 266 5137 seres
283 5082 313 5137 ct
327 5092 436 5154 agnos,
451 5076 528 5154 tingi
556 5076 707 5153 sanguine
731 5081 761 5137 et
775 5077 844 5140 oleo
860 5077 891 5135 in
908 5083 1061 5139 extremo.
1090 5096 1151 5143 nec
1164 5079 1356 5157 emipebalur
1366 5085 1404 5140 at
1416 5084 1586 5155 peccalum
1599 5076 1732 5137 illudio
1741 5075 1863 5150 apeme,
1874 5081 1908 5135 et
1919 5077 1959 5135 si·

177 5159 332 5221 :auriculae
349 5159 484 5229 dextrae,
502 5164 532 5221 el
548 5158 578 5219 in
609 5158 722 5235 pollice
749 5174 859 5221 manus
890 5156 1045 5236 ae‘pedis
1090 5163 1316 5241 piliolimcaun
1336 5160 1486 5223 amamus
1513 5158 1770 5223 cirmtaaataatia's
1797 5159 1962 5219 scemeca·

179 5241 288 5311 «leniri,
306 5248 336 5303 et
349 5244 405 5301 alia
418 5240 449 5302 id
465 5258 565 5321 genus
576 5240 808 5305 multallleinde
823 5242 942 5303 etiamsi
958 5256 1046 5305 mere
1090 5247 1334 5322 exponeretur),
1350 5245 1513 5305 ostendam
1526 5243 1662 5304 breviter
1675 5239 1912 5302 contessionem
1926 5241 1960 5303 il·

166 5324 300 5399 ¹politica
317 5324 366 5387 lex
381 5324 431 5385 illa
447 5323 566 5401 luisset,
580 5324 653 5401 guid
670 5324 849 5401 prohiberet
863 5340 924 5403 quo
941 5325 1044 5387 minius
1091 5328 1150 5389 lam
1168 5327 1244 5389 certi
1260 5326 1378 5403 peceati
1394 5328 1424 5387 io
1440 5326 1547 5404 specie
1563 5325 1674 5387 tuisse.

180 5404 311 5485 alicujus
322 5406 456 5487 mysterii
471 5406 597 5487 liguram
606 5422 714 5486 gerere
727 5408 933 5481 posseticerle
947 5414 1044 5471 trans·
1129 5408 1227 5471 Verba
1243 5410 1421 5487 Scripturas
1434 5410 1465 5471 iu
1478 5408 1533 5471 lib.
1547 5408 1638 5470 Num.
1651 5404 1754 5481 caps.
1766 5403 1815 5465 sio
1828 5404 1956 5467 habent:

179 5496 240 5577 itus
257 5488 348 5551 maris
374 5488 596 5564 rubri-manna
622 5489 662 5551 do
677 5490 776 5563 coelo,
793 5506 872 5569 aque
889 5492 928 5553 de
943 5497 1043 5569 petra,
1093 5492 1156 5565 Vir,
1168 5494 1236 5556 siae
1248 5494 1368 5558 mulier
1381 5508 1456 5556 cum
1469 5492 1604 5568 iecerint
1624 5505 1669 5551 em
1682 5486 1834 5551 omnibus
1843 5504 1957 5564 peeca-

178 5568 406 5633 rdololalrarum
428 5572 599 5634 interiectio
614 5618 622 5638 ,
639 5588 701 5633 non
724 5574 958 5641 caeremoniae,
987 5574 1044 5636 sed
1090 5575 1141 5642 lis,
1158 5590 1244 5654 guae
1256 5576 1358 5639 solent
1372 5575 1557 5638 comicum
1571 5573 1720 5637 accidere
1734 5578 1764 5633 et
1783 5586 1844 5648 per
1856 5572 1956 5649 aeoli·

181 5667 230 5713 res
246 5656 351 5729 gestae
367 5654 489 5717 luerunt
504 5661 534 5715 et
548 5660 649 5715 tamen
665 5654 830 5733 Apostolus
847 5655 876 5717 l.
903 5654 1043 5719 Gorinllr.
1091 5660 1234 5737 pontiam
1246 5659 1440 5738 transgressi
1452 5658 1576 5735 fuerim
1589 5656 1785 5719 mandatam
1800 5652 1954 5726 Domini,
