4084 6275
213 306 268 359 948
1016 302 1118 359 tdtrtix

179 440 223 501 lie
238 434 436 516 impositione
450 450 606 503 manuum,
621 450 699 511 quae
726 436 756 495 in
774 435 975 513 ordinatione
1003 437 1048 511 iit,
1096 434 1243 513 Martyres
1256 432 1427 511 primitivae
1439 432 1598 497 Ecclesiae
1612 431 1760 495 dicuntur
1775 430 1899 493 uostris
1915 448 1978 508 ary·

221 525 324 581 extant
336 516 476 593 exempla
490 516 518 575 in
532 516 688 593 Scriptura
703 517 774 579 463.
791 516 861 579 494.
1139 516 1197 591 4649
1209 516 1320 595 signali
1336 514 1408 578 ild.

179 602 287 663 Manus
301 598 455 674 impositio
466 597 504 658 arl
527 602 694 663 essentiam
717 600 900 662 sacramenti
924 597 1051 663 9464649
1095 598 1241 677 Martyres
1270 602 1441 675 eoeperunt
1467 596 1589 675 publice
1618 596 1768 668 invocari,
1801 600 1835 657 et
1864 610 1974 655 eorum

220 682 354 760 pertinet
366 679 439 741 444.
1138 680 1315 742 nominibus
1331 680 1399 740 dies
1415 679 1482 741 iesti
1498 678 1570 747 9944.
1588 685 1618 741 94
1638 678 1792 758 basilicae
1824 676 1909 754 erigi
1938 676 1972 736 ah

179 764 288 824 Manus
300 762 456 839 impositio
469 761 596 823 traditur
607 778 663 837 pro
676 760 818 844 symbolo
847 769 973 826 externo
1002 780 1051 826 or·
1140 760 1225 825 initio
1243 758 1334 839 plane
1347 759 1504 822 Ecclesiae
1519 760 1590 822 565.

222 844 417 905 64694496499
435 844 590 921 89446466
608 844 687 905 444.·
1096 843 1257 923 Martyrum
1273 842 1436 921 passiones
1452 842 1608 905 disserunt
1632 859 1650 904 a
1679 840 1832 921 passione
1862 838 1976 901 Christi

180 927 288 989 Manus
302 925 625 1001 irnpositinnisritum
642 926 773 1003 aposloli
790 934 961 1004 coeperunt
990 925 1051 1006 pri·
1139 926 1167 985 iu
1185 932 1314 1001 quatuor
1329 923 1401 986 448.
1418 923 1491 985 449.

224 1009 265 1068 64
278 1022 428 1086 usurpare
444 1006 475 1066 in
492 1004 737 1070 ordinationibus
751 1008 909 1072 465443.
996 1042 999 1048 -
1097 1006 1259 1087 Martyrum
1276 1005 1438 1083 passiones
1461 1004 1522 1067 dici
1550 1011 1683 1085 possunt
1704 1002 1863 1068 sacriiieia
1896 1002 1980 1081 largo

163 1090 215 1150 ,46
232 1091 289 1150 bac
304 1104 413 1149 manus
429 1087 626 1165 impositione
642 1091 732 1153 datur
751 1091 883 1168 Spiritus
912 1094 1050 1161 sanctus,
1139 1089 1317 1150 6966449.
1521 1094 1522 1097 ’

221 1170 356 1248 94646449
372 1169 603 1251 sacramentalis
619 1171 690 1233 444.
800 1241 803 1246 ,
1097 1171 1270 1249 Martyrium
1285 1169 1453 1231 memoriae
1468 1168 1618 1231 solemnis
1631 1167 1815 1241 oclchratio,
1848 1166 1979 1247 quando

180 1252 289 1313 Manus
314 1250 470 1329 impositio
498 1259 529 1312 et
556 1252 735 1314 benedictio
773 1254 976 1316 sacerdotalis
1006 1256 1054 1313 cst
1141 1253 1243 1329 coepit
1259 1250 1331 1313 549.
1348 1251 1420 1313 544.

220 1332 567 1475 999496οὲ449ὴ4ἐ69994
581 1335 814 1398 cathecumenis
839 1343 910 1397 ante
937 1335 1053 1414 99699-
1098 1334 1272 1412 Martyrium
1285 1333 1451 1396 celebratio
1465 1332 1495 1393 in
1508 1330 1695 1394 lectionibus
1723 1336 1755 1392 et
1766 1328 1981 1392 concionibus

222 1431 304 1476 mum
317 1415 357 1475 49
382 1415 421 1474 ,4
466 1459 475 1476 .
912 1415 914 1418 ’
1139 1416 1212 1477 569.

181 1482 289 1557 Manus
305 1495 461 1571 impositio
490 1512 586 1570 super
613 1497 766 1561 uictimam
796 1499 827 1561 in
857 1499 1054 1563 Testamenta
1098 1498 1279 1578 Martyrihus
1296 1510 1356 1559 non
1372 1495 1542 1557 6449466464
1555 1493 1718 1563 sacrificia,
1732 1509 1839 1574 neque
1852 1494 1981 1569 erigun-

197 1582 201 1589 '
219 1577 315 1638 ueteri
328 1576 401 1637 448.
419 1576 491 1639 449.
507 1578 582 1641 494.
1140 1580 1316 1655 4644946646
1341 1585 1371 1639 94
1386 1579 1501 1651 altaria,
1520 1577 1595 1638 lieet
1611 1578 1687 1637 hacc
1702 1575 1777 1637 6964
1802 1579 1836 1637 46
1868 1592 1979 1636 eorum

180 1660 287 1721 Manus
302 1653 460 1737 impositio
475 1660 531 1722 init
545 1659 710 1738 aliquando
726 1662 763 1721 96
791 1663 917 1726 morbos
945 1681 1055 1745 corpo·
1138 1662 1318 1722 memorium
1331 1665 1361 1720 et
1376 1662 1525 1719 honorent
1540 1659 1611 1720 534.
1628 1656 1700 1719 538.

224 1742 306 1801 49499
321 1741 526 1803 debellandos
538 1741 590 1803 83.
603 1744 650 1804 96
664 1743 716 1804 89.
730 1744 803 1804 445.
1099 1742 1275 1821 Martyrium
1291 1740 1508 1815 maledicitur,
1526 1746 1556 1801 et
1572 1745 1618 1801 ost
1633 1738 1787 1815 quoddam
1821 1738 1977 1816 9969966

183 1823 295 1965 Manus¹
303 1821 520 1964 Dquifflmu'
535 1824 661 1887 4944646
688 1832 718 1886 94
731 1833 968 1901 994496964694
981 1845 1057 1909 quo·
1140 1825 1191 1886 96.
1210 1824 1279 1885 496.
1298 1830 1327 1885 94
1343 1824 1488 1885 99649644
1502 1838 1571 1885 966
1588 1822 1743 1899 99644969
1758 1838 1862 1901 aquae
1880 1822 1915 1881 in
1932 1822 1978 1881 tri·

225 1920 274 1964 rno
297 1905 344 1965 94
394 1948 401 1964 .
1142 1905 1288 1968 basleti.

184 1986 329 2048 Mannum
343 1986 418 2046 lotio
434 1987 503 2048 autc
519 1987 704 2049 sacrificium
720 1988 846 2063 missae,
861 1996 909 2051 est
930 1991 1053 2071 symbo·
1101 1988 1277 2065 Baptismus
1292 1992 1393 2049 autem
1409 1984 1570 2064 sanguinis
1586 1982 1783 2047 6494464434.

224 2068 287 2129 466
304 2068 446 2143 664446449
460 2069 566 2145 animi,
580 2087 638 2148 qua
652 2071 771 2149 pollere
783 2072 900 2134 debent
911 2076 1055 2137 socerdo-
1100 2069 1273 2150 Martyrium
1291 2077 1321 2130 ct
1336 2067 1538 2148 configuratio
1553 2066 1660 2127 mortis
1684 2064 1825 2140 Domini;
1853 2065 1974 2126 remittit

182 2217 185 2224 ¹
221 2147 355 2212 499556.
581 2220 586 2227 ⁸
1142 2148 1973 2227 omnempoenampeecatodebiram,itauacantium

181 2227 324 2291 Mannum
341 2229 470 2294 elevatio
487 2238 534 2293 est
550 2250 609 2295 una
639 2250 676 2295 err
706 2235 911 2297 caeremoniis
941 2237 1056 2299 missae
1142 2235 1322 2310 perueniant
1338 2231 1374 2292 ad
1391 2247 1535 2293 coronam
1553 2236 1716 2309 martyres;
1732 2230 1820 2289 unde
1837 2228 1972 2289 Ecclesia

222 2312 372 2376 5594469
387 2315 478 2379 94496
494 2316 533 2377 69
549 2332 693 2378 696666
708 2318 879 2380 elevatione
893 2319 963 2381 444.
981 2318 1053 2383 435.
1143 2331 1308 2393 numquam
1325 2318 1389 2375 orat
1406 2329 1460 2391 pro
1476 2312 1637 2373 animabus
1654 2312 1791 2383 illorum}
1809 2317 1843 2371 ei
1858 2326 1896 2370 ⁰1
1913 2327 1973 2387 949

226 2392 317 2455 499.,
997 2416 1001 2422 ·
1143 2398 1286 2458 habiliori
1304 2396 1455 2456 sententia
1473 2410 1509 2455 err
1521 2408 1616 2471 96949
1631 2400 1759 2464 9694949
1782 2392 1907 2453 9664944
1920 2392 1974 2469 pri·

181 2475 324 2536 Manibus
337 2476 404 2538 suis
418 2475 555 2555 scipsum
572 2493 664 2541 nemo
678 2485 799 2558 portare
823 2487 937 2559 potest,
968 2480 1053 2545 cbrt·
1140 2494 1220 2549 titani
1234 2478 1371 2557 46447444.
1389 2483 1422 2537 ei
1437 2477 1591 2554 eu⁰¹1¹⁰d⁰
1608 2473 1678 2536 796·
1699 2472 1773 2534 739·
1790 2473 1867 2535 740·

223 2563 406 2619 9444996496
423 2559 510 2621 99469
522 2562 662 2639 9946966
678 2563 807 2641 69449444
821 2566 852 2624 46
875 2580 1053 2627 sacramen·
1100 2560 1273 2639 Martyrium
1291 2558 1347 2619 rirn
1362 2558 1551 2637 justillcandi
1568 2557 1661 2617 habet
1676 2571 1736 2617 non
1755 2572 1793 2617 ea
1809 2554 1927 2629 so,sed
1939 2570 1972 2616 cr

223 2645 252 2699 to
270 2640 479 2702 Eucharistiae
495 2641 567 2703 339.
585 2642 658 2704 499.
808 2642 813 2656 ’
1141 2649 1230 2719 69646
1246 2648 1276 2703 94
1292 2640 1497 2718 promissione
1510 2637 1619 2699 Christi
1637 2636 1709 2719 468.
1727 2636 1801 2697 449.

182 2720 446 2864 99343ὗ9649ι4934ὁ4ὶ6
459 2722 690 2789 9969999496.
703 2724 774 2787 358.
788 2724 861 2789 359.
884 2727 958 2793 569.
980 2728 1054 2795 344.
1100 2725 1272 2800 Martyrium
1289 2729 1319 2785 ci
1334 2727 1524 2785 sacramenta
1540 2720 1662 2782 dirersu
1684 2720 1778 2781 modo
1802 2716 1971 2797 iustificam

288 2819 332 2863 ,6
433 2849 441 2866 .
1143 2805 1215 2869 498.

182 2884 274 2945 Maris
289 2884 372 2946 rubri
395 2885 542 2947 transitus
571 2902 633 2949 non
659 2894 724 2951 erat
748 2896 976 2953 sacramentum
1001 2890 1053 2954 35.
1100 2888 1276 2967 Martyrium
1293 2886 1364 2947 lieet
1380 2882 1531 2962 baptisma
1547 2882 1702 2962 quoddam
1728 2882 1762 2943 llt
1791 2888 1971 2961 nontamen

225 2965 295 3026 444.
309 2964 380 3026 448.
398 2972 427 3026 94
447 2982 514 3045 seq.
545 2984 648 3044 neque
678 2970 812 3031 hahebat
839 2974 971 3033 eandem
994 2975 1054 3033 rim
1138 2976 1186 3033 esi
1201 2974 1427 3031 sacramentum
1443 2966 1523 3029 ibic.

222 3064 293 3106 cunr
325 3052 429 3106 nostro
454 3047 610 3121 Baptismn
623 3050 693 3112 449.
710 3052 786 3113 Vide
815 3051 905 3113 etiam
931 3054 984 3121 25.
1000 3055 1054 3118 34.
1099 3052 1179 3114 Murs
1195 3051 1361 3113 imminens
1378 3064 1433 3126 per
1447 3047 1622 3127 martyrium
1639 3060 1701 3105 nort
1714 3046 1818 3107 solum
1847 3062 1913 3106 666
1928 3046 1974 3105 46·

223 3127 275 3189 38.
288 3128 343 3188 4644
360 3134 458 3188 tamen
476 3127 570 3206 ligura
587 3130 735 3206 Baptismi
751 3134 803 3196 94.
1141 3132 1237 3213 prdit,
1255 3134 1311 3195 sed
1327 3132 1417 3194 eliam
1434 3129 1543 3193 excitat
1557 3134 1760 3210 6999949466
1788 3128 1974 3192 4996469449·

183 3211 273 3272 419446
290 3209 467 3288 4496694969
486 3212 600 3286 putavit
614 3213 767 3279 Christum
784 3217 981 3281 hortulanum
1005 3221 1056 3283 99·
1141 3233 1212 3279 696
1229 3215 1303 3277 944.

223 3306 258 3351 80
274 3289 346 3350 394·
1100 3299 1178 3362 4649
1195 3297 1371 3378 martyrium
1389 3294 1555 3372 requiritur
1569 3292 1647 3353 lidos
1676 3297 1707 3352 et
1722 3289 1855 3354 dileetio
1870 3292 1974 3352 saltem

182 3371 292 3432 Mariae
320 3371 518 3453 Magdalenae
560 3379 703 3441 contritio
724 3387 763 3450 ,et
791 3382 953 3446 conversio
982 3383 1053 3447 468.
1143 3379 1297 3452 inchoata,
1318 3374 1548 3457 etpoenitenlia
1565 3374 1676 3434 saltem
1698 3372 1896 3452 imperfecta,
1912 3375 1973 3434 9469

223 3453 295 3514 (55¹-
507 3472 511 3479 ·
660 3460 662 3463 ’
698 3477 701 3483 ’
1142 3460 1254 3524 allecta
1270 3461 1306 3521 ad
1324 3455 1568 3536 69999466496.
1586 3455 1658 3516 464.

182 3535 294 3596 4494469
310 3535 507 3612 Magdalenae
520 3538 673 3602 absolutio
695 3543 765 3607 443.
783 3545 855 3608 444.
882 3545 954 3608 446.
980 3545 1053 3610 448.
1100 3543 1275 3621 Martyrium
1302 3539 1463 3605 iniantium
1492 3545 1523 3602 ct
1550 3542 1726 3600 sanctorum
1757 3534 1972 3598 innocentium

223 3616 296 3678 434.
310 3617 382 3678 489.
396 3617 467 3679 646.
480 3619 553 3682 644.
566 3620 638 3685 644.
651 3624 724 3689 656.
747 3633 777 3689 94
790 3628 968 3704 6499994446
981 3629 1054 3692 954.
1143 3625 1214 3686 456.

225 3698 298 3758 433.
314 3699 385 3760 434.
399 3698 471 3761 465.
941 3711 944 3716 ’
1101 3707 1223 3768 Materia
1239 3710 1287 3767 est
1301 3702 1527 3774 sublectionem
1543 3698 1748 3762 accidentium
1765 3697 1842 3760 349.
1860 3699 1933 3759 344.

183 3780 801 3863 MariaMagdalenacobsequiumChristo
813 3791 1058 3869 praestitumiuit
1101 3788 1224 3851 Materia
1238 3790 1511 3859 sacramentorum,
1527 3795 1622 3862 quare
1637 3787 1763 3844 vocetur
1785 3781 1970 3843 elementum

226 3862 352 3922 honoris
368 3869 399 3923 el
414 3865 551 3926 utilitatis
566 3867 639 3928 484.
712 3873 718 3893 ¹
1144 3869 1195 3932 34.
1209 3868 1260 3930 39.
1274 3866 1380 3930 64438.
1396 3864 1446 3930 59.

183 3936 299 4035 Mariae
314 3943 528 4021 magdalenae,
544 3965 640 4026 quare
668 3952 825 4030 prohibuit
848 3955 988 4020 christus
1017 3971 1058 4018 69
1102 3951 1224 4014 Materia
1240 3955 1500 4010 sacramentorum
1514 3950 1562 4007 est
1577 3949 1671 4006 tolum
1688 3944 1882 4006 clementum
1907 3959 1970 4004 curn

226 4036 365 4102 sorpsum
378 4031 520 4104 tangeret
535 4036 604 4106 post
617 4037 891 4109 resurrectionem,
908 4044 938 4100 94
962 4039 1056 4100 66449
1143 4049 1197 4094 969
1213 4031 1439 4110 significatione
1455 4037 1485 4090 et
1501 4033 1595 4088 toturn
1625 4025 1752 4088 verbum
1782 4042 1859 4089 966
1872 4042 1924 4088 sua
1935 4027 1972 4086 si·

227 4105 266 4165 de
283 4106 460 4185 Magdalena
474 4108 546 4170 488.
563 4110 634 4172 489.
651 4114 724 4178 438.
1141 4113 1340 4194 6649999669
1359 4117 1406 4174 994
1422 4111 1515 4172 iorma
1533 4107 1584 4170 59.
1599 4113 1628 4170 94
1640 4123 1708 4188 sep.

185 4185 310 4249 Maritus
326 4189 376 4264 qui
393 4188 433 4250 sit
447 4191 631 4256 adulterium
648 4198 751 4261 uxoris
779 4200 862 4262 illam
888 4200 1055 4275 dimittere,
1103 4195 1225 4258 Materia
1243 4195 1380 4257 9449469
1396 4197 1655 4255 sacramentorum
1674 4205 1734 4250 non
1752 4196 1888 4266 possunt
1914 4207 1974 4250 rnu-

227 4269 252 4330 si
271 4274 340 4345 posi
351 4270 509 4348 cognitum
523 4273 706 4339 adulterium
719 4296 790 4341 eum
807 4299 841 4343 99
858 4298 923 4344 496
941 4283 1057 4344 habue—
1100 4307 1104 4314 ·
1148 4279 1200 4338 lari
1217 4276 1255 4338 ab
1267 4275 1420 4346 Ecclesia,
1435 4275 1504 4351 quia
1520 4277 1592 4336 sunl
1607 4271 1647 4332 de
1663 4271 1797 4332 essentia
1816 4269 1871 4330 59.

225 4349 276 4421 rit,
293 4356 464 4413 autcaussa
481 4352 581 4425 luerit,
600 4359 857 4435 uilornicoretur,
884 4371 935 4425 aut
963 4364 1056 4426 iorni·
1104 4358 1226 4421 Materia
1244 4359 1366 4436 proprie
1382 4356 1460 4417 dieta
1475 4368 1559 4418 more
1575 4351 1834 4430 philosophorum
1851 4353 1882 4412 iu
1894 4353 1976 4412 nullo

226 4431 307 4492 99449
322 4433 463 4511 conjugis
477 4434 652 4499 4694449469
667 4442 809 4516 crimine,
826 4445 971 4509 videlicet
999 4462 1056 4524 per
1146 4447 1339 4504 sacramento
1353 4437 1518 4500 invenitur:
1536 4434 1689 4496 invenitur
1700 4439 1801 4495 tamen
1820 4449 1874 4494 res
1886 4451 1976 4511 quac·

227 4513 286 4572 uim
302 4516 351 4578 rel
367 4515 568 4603 4669496996
581 4523 720 4598 6649669
734 4541 806 4588 9999
834 4544 926 4589 9666
956 4528 1054 4590 44466
1147 4523 1229 4597 696,
1243 4538 1324 4600 quae
1339 4521 1434 4582 instar
1449 4518 1594 4580 materiae
1609 4516 1670 4576 diei
1694 4519 1796 4592 potest
1825 4513 1902 4576 648.
1931 4517 1979 4576 uhi

225 4591 300 4686 39⁷·
1146 4604 1315 4682 explicatur
1340 4601 1428 4682 quasi
1453 4599 1599 4676 materiae
1635 4599 1775 4659 actiones
1814 4599 1977 4674 poeniteo

188 4675 353 4769 Marituasi
369 4676 410 4739 sit
435 4679 526 4743 eliam
554 4680 621 4760 ipse
650 4684 771 4750 adulter
798 4688 918 4752 49941469
946 4691 1059 4769 6949444
1147 4684 1199 4746 tis.

229 4772 392 4834 ignoscere
404 4761 490 4822 uxori
502 4764 659 4828 adulterae
673 4767 746 4830 844.
1105 4767 1224 4844 Duplex
1240 4765 1379 4844 acceptio
1396 4764 1541 4825 materiae
1558 4763 1587 4822 in
1602 4759 1802 4822 sacramentis
1818 4759 1898 4820 648.

185 4838 282 4898 Mariti
295 4840 386 4901 etiam
398 4843 534 4905 sinesua
546 4847 637 4924 culpa
655 4852 844 4913 tenenturad
875 4858 1058 4934 perpetuum
1106 4849 1249 4910 Materiae
1262 4855 1291 4910 et
1306 4849 1421 4908 lormae
1451 4847 1573 4906 nomina
1603 4844 1634 4903 in
1664 4842 1869 4903 sacramentis
1898 4842 1980 4920 largo

229 4920 416 4984 coelibatum
432 4930 503 5008 post
517 4926 678 5004 diuortium
696 4933 782 4994 uxori
794 4932 869 4996 844.
1148 4930 1239 4991 6969
1255 4927 1447 5012 9994649669,
1461 4929 1625 4988 94469646
1639 4931 1711 4984 sunt
1722 4939 1737 4984 a
1750 4923 1981 5001 posterioribus

190 5001 329 5081 Millisis
341 5004 436 5082 979474
450 5007 549 5083 filialis
563 5009 634 5071 799.
966 5073 970 5079 ,
1147 5011 1327 5073 doctoribus
1342 5011 1378 5072 ud
1393 5025 1458 5071 rem
1474 5008 1595 5071 facilius
1608 5005 1823 5085 explicandam
1850 5004 1908 5066 54.
1933 5007 1980 5068 54.

190 5083 335 5162 Martyres
348 5087 451 5158 laturi,
468 5105 527 5164 qua
543 5107 576 5152 re
589 5092 724 5154 debeant
738 5096 847 5158 armari
859 5097 931 5159 444.
944 5095 1019 5160 469.
1146 5093 1218 5156 944.

190 5165 335 5243 Martyres
347 5166 690 5236 dicunturrnediatores
701 5175 772 5237 549.
789 5175 862 5241 544.
1103 5175 1247 5236 Materiae
1271 5171 1532 5236 sacramentorum
1559 5167 1659 5246 aptius
1691 5167 1837 5231 tribuitur
1860 5184 1976 5230 nomen

194 5245 339 5324 Martyres
356 5248 386 5308 in
402 5264 503 5325 agona
518 5256 652 5332 martyrii
667 5259 838 5331 constituti,
867 5259 976 5322 limare
1001 5275 1056 5337 69·
1144 5259 1339 5337 sacramenti,
1356 5271 1448 5332 quarn
1464 5255 1578 5315 inrmae
1596 5250 1669 5312 599.

230 5327 351 5390 hennae
367 5335 438 5390 9649
454 5333 563 5395 996499
578 5337 691 5398 ruentis
713 5342 901 5417 propositae,
933 5342 1058 5405 vincere
1104 5339 1226 5400 linteria
1255 5337 1350 5412 prima
1378 5351 1438 5398 non
1474 5339 1614 5396 romanet
1640 5340 1709 5411 post
1734 5331 1974 5394 corruersionenr

231 5408 311 5469 soliti
328 5418 415 5470 erant
430 5426 534 5474 earum
549 5431 719 5494 poenarum
735 5423 963 5485 4469496696.
1147 5421 1237 5498 66649
1254 5420 1284 5482 46
1300 5435 1413 5496 964669
1430 5417 1541 5479 Christi
1558 5414 1630 5478 364.

189 5484 334 5563 millies
360 5507 454 5569 44969
481 5510 538 5574 694
566 5504 666 5564 rotun
695 5501 873 5567 dilectionis
895 5503 1059 5586 justificari
1105 5501 1227 5563 Materia
1244 5501 1274 5562 46
1291 5501 1470 5562 alteratione
1497 5501 1585 5576 panis
1611 5495 1825 5558 Eucharistiae
1849 5513 1913 5557 696
1932 5513 1973 5557 49·

231 5571 447 5648 pessumdat.
586 5602 591 5606 ·
909 5623 912 5630 -
1106 5591 1109 5598 ’
1146 5583 1290 5664 quiritur;
1304 5583 1359 5646 996
1376 5583 1406 5644 46
1424 5579 1622 5660 96446644969
1649 5577 1793 5658 ejusdcm
1823 5581 1918 5658 66649
1934 5596 1975 5640 49·
