4084 6275
809 378 906 439 cltett
922 380 1077 449 abemus
1704 398 1756 455 'lla

20 552 26 601 2
64 514 163 597 quoad
177 528 319 595 paenam,
335 513 400 578 ulla
413 514 506 579 modo
519 514 691 590 admitterer
716 512 807 595 caius
830 532 918 597 argu·
963 516 1013 581 bis
1029 518 1183 596 donante,
1199 526 1233 587 ut
1243 522 1413 591 babeamus
1426 528 1510 592 unde
1524 544 1561 592 cx
1574 530 1719 611 propriis,
1735 538 1767 595 et
1786 532 1824 595 ad

20 623 26 685 ι
64 605 167 663 menta
182 597 272 675 paulo
286 595 364 674 inira
377 598 594 663 dissolvamus.
828 627 832 635 ·
960 601 1175 682 aequalitatem
1197 622 1252 685 pru
1273 622 1373 687 poena
1393 606 1552 691 temporali
1575 614 1751 677 satisfacere
1772 632 1821 678 ra·

104 680 355 745 llartinusetiam
368 680 919 759 demolituslocosaepiusnotato,ac
962 683 1094 749 laamas.
1335 710 1344 723 ι
1762 688 1765 700 ’

64 765 231 844 praecipue
247 780 316 842 pap.
335 764 426 827 abst.
450 764 482 827 id
507 764 674 844 praecipue
698 764 728 826 in
754 762 918 827 tridentino
1004 766 1069 829 Hac
1085 768 1289 847 explicatione
1303 775 1482 851 praemisse,
1498 777 1656 856 probanda
1681 784 1730 843 est
1748 780 1826 843 reri·

59 847 193 913 concilio
217 847 427 924 reprehendit.
453 848 536 927 quod
557 850 659 927 erigat
680 846 918 909 satislaatioocm
960 851 1007 909 tas
1021 848 1154 913 Primum
1170 853 1354 919 testimoniis
1368 856 1605 937 scripturarum.
1622 862 1749 939 Deinde,
1763 869 1821 925 tra·

62 932 96 992 ia
111 928 372 1006 reconciliatione,
387 946 466 1007 uuae
490 928 524 991 itt
544 936 613 1007 post
634 929 836 1008 baptismum:
856 930 918 997 lta,
960 929 1077 995 ditione
1091 936 1202 999 veteris
1214 935 1385 1003 ccclesiae.

63 1014 175 1090 iacuit,
192 1012 365 1076 concilium
376 1013 570 1076 sententiam
581 1018 678 1075 auom
691 1014 844 1090 capticm:
857 1013 919 1077 boa

65 1099 207 1174 natante
221 1096 422 1171 baptismam
440 1095 657 1175 detinuerunt,
685 1096 764 1158 dicii
787 1098 826 1171 in
845 1113 920 1173 prc-

63 1183 145 1241 tiam
159 1196 180 1238 a
194 1178 256 1240 lico
270 1179 456 1254 accipietne
474 1177 615 1256 propriis
636 1178 919 1252 satisfactionibus,
1133 1226 1134 1229 ,
1180 1208 1184 1221 ¹
1286 1224 1407 1291 CAPUT
1420 1228 1487 1295 vm

21 1299 22 1338 ι
61 1268 194 1342 propter
207 1262 359 1325 metitum
381 1268 412 1334 et
436 1260 688 1336 amiaiccta'encac
713 1259 841 1323 Christi.-
864 1262 923 1341 pai
1491 1276 1498 1293 ·
1546 1272 1547 1279 ’
1674 1318 1676 1323 ,

64 1361 139 1406 cero
152 1351 224 1423 post
238 1344 440 1421 baptismum
452 1342 703 1421 inpeccabilis
718 1344 922 1417 aa'tda'ac'ncm
1324 1350 1347 1387 θ

65 1427 268 1489 clementiam
287 1441 357 1488 non
377 1425 535 1488 dimittere
557 1431 690 1507 peccatu
710 1426 832 1505 absone
850 1427 922 1489 nita
1098 1480 1104 1494 .
1190 1482 1196 1496 ,
1539 1492 1545 1505 ,
1625 1492 1632 1506 ,

61 1510 202 1588 mm
210 1509 356 1585 ipsoram
367 1509 598 1585 sctissucticnc.
612 1522 713 1591 quam
730 1524 791 1586 W,
809 1526 922 1588 pecca,
965 1476 1018 1542 bae
1033 1477 1211 1559 Scnptnras
1222 1482 1389 1561 probatur,
1405 1486 1469 1551 lieo
1482 1488 1632 1571 satnficn
1654 1509 1746 1573 posce
1764 1510 1825 1575 pro

65 1594 106 1655 tis
121 1591 186 1669 ipsi
199 1590 363 1653 emutucnt.
375 1590 440 1653 lloc
454 1590 643 1657 icctorbcnc
652 1596 739 1653 notet
750 1597 806 1654 etc.
1106 1600 1220 1664 poena
1234 1590 1416 1669 temporati,
1432 1594 1530 1673 calpa
1540 1596 1686 1659 dimmac.

109 1673 456 1752 ltoslgiturconcilium
481 1674 679 1751 tridentinum
704 1672 831 1737 sesab.
853 1689 922 1751 cap.
1174 1714 1179 1725 ·

70 1758 121 1819 ti.
137 1764 168 1819 et
182 1772 262 1819 sess.
278 1754 329 1818 tt.
345 1772 456 1819 canon.
473 1755 558 1819 lbet
572 1754 730 1822 Ecclesiae
745 1755 838 1819 totius
851 1772 922 1819 seu·

68 1841 193 1909 tentiam
208 1840 520 1917 sequentesprobarc
533 1840 817 1918 aggrediemurper
830 1854 923 1917 opera
1006 1831 1139 1903 Primum
1154 1834 1246 1915 initur
1261 1834 1436 1916 Scripturae
1452 1842 1660 1907 testimenium
1683 1860 1753 1907 esse
1774 1860 1829 1924 po·

68 1923 120 1987 illa
135 1920 328 2000 poenalic,de
340 1922 612 1999 quibusltactenus
626 1921 742 2000 loqooti
754 1936 927 1997 sumasne·
966 1921 1040 2010 test,¹
1053 1918 1134 1994 quod
1151 1918 1279 1983 babetur
1292 1906 1391 1985 Isaiae
1406 1941 1474 2004 cap.
1491 1927 1520 1987 l.
1535 1927 1587 1988 ubi
1601 1928 1747 1990 liominus
1758 1942 1830 2007 pro·

67 2022 103 2067 re
117 2022 153 2067 ac
167 2006 290 2083 proprie
304 2003 435 2068 Domino
449 2004 590 2067 satisfieri
610 2021 666 2082 pro
686 2012 770 2066 reatu
793 2020 928 2082 poenae,
967 2000 1057 2061 mittat
1071 2000 1421 2081 remissionemplecam
1451 2025 1487 2088 aa
1504 2010 1669 2087 perlectam
1686 2016 1829 2088 peccato·

68 2088 123 2167 qui
139 2094 208 2165 posi
222 2088 342 2165 culpam
358 2086 515 2151 dimissam
531 2093 669 2149 remanet
683 2088 864 2164 arnmodus.
967 2098 1033 2145 rum
1049 2082 1136 2161 quasi
1151 2086 1321 2162 praemium
1337 2089 1502 2165 coeddam,
1518 2092 1557 2152 iis
1574 2094 1625 2167 aci
1640 2109 1699 2154 cao
1714 2098 1828 2155 tactum

109 2171 188 2233 Illud
205 2177 304 2232 tamen
320 2176 408 2233 antea
420 2171 674 2248 praemittendum
687 2169 927 2249 putamus,qacd
966 2165 1095 2229 laverint
1108 2182 1144 2227 ac
1159 2170 1371 2233 mundaverint
1384 2186 1419 2235 se
1442 2189 1497 2249 per
1521 2176 1758 2248 contritionem„
1772 2176 1829 2237 sed

67 2259 101 2315 ct
115 2252 203 2317 initio
217 2252 285 2315 libri
301 2252 395 2331 bojas
408 2253 573 2331 attigimus,
590 2269 647 2315 nos
661 2253 720 2315 trac
734 2252 802 2315 loco
817 2252 857 2315 de
876 2252 928 2313 Sa·
968 2248 1059 2310 ctiam
1075 2249 1105 2308 ιο
1122 2249 1210 2311 bonis
1226 2252 1373 2329 operibus
1389 2254 1618 2320 misericordiae
1633 2274 1668 2321 se
1684 2274 1829 2321 exercue-

70 2336 244 2398 tislactionc
260 2335 310 2396 illa
325 2334 416 2397 rerba
428 2336 622 2411 taceremne
635 2335 682 2411 (ui
693 2336 787 2397 nostri
799 2336 930 2413 locuun-
971 2332 1042 2391 tlol·
1058 2329 1119 2393 Sed
1135 2333 1174 2393 do
1191 2334 1249 2397 boc
1264 2334 1332 2397 looo
1350 2336 1437 2413 plura
1453 2338 1591 2403 dicemus
1602 2340 1726 2419 capte.
1740 2342 1772 2403 ic
1785 2357 1835 2404 so·

69 2420 132 2497 tarr)
147 2434 185 2481 ex
199 2420 353 2502 corrdigno
368 2418 493 2496 quidem
509 2434 641 2495 poenam
658 2418 856 2495 temporalem
878 2434 929 2480 ex·
971 2413 1089 2490 latinae
1105 2415 1184 2477 tertii
1199 2418 1369 2494 argumenti
1383 2418 1511 2484 ioannis
1527 2420 1653 2487 dalrici.

68 2501 146 2580 piel,
162 2517 224 2565 oon
240 2505 341 2562 tamen
355 2516 393 2562 er
407 2500 508 2580 rigore
530 2500 679 2580 justitiae.
705 2500 876 2563 Satislactio
897 2515 928 2563 e·
1011 2496 1144 2559 itteram
1160 2498 1368 2563 testimonium
1383 2503 1627 2569 babeturlianiei
1644 2506 1676 2569 b.
1699 2506 1835 2569 Peccata

70 2586 135 2645 nim
151 2600 188 2646 cr
202 2584 303 2660 rigore
316 2583 466 2662 justitiae,
483 2583 545 2645 duo
560 2584 698 2661 requirit:
711 2582 930 2646 utsatisliater
973 2583 1033 2641 tua
1047 2579 1254 2659 eleemosynis
1267 2583 1403 2647 redime.
1420 2584 1457 2647 m
1472 2586 1614 2649 Prorerb.
1643 2588 1692 2651 lb.
1716 2588 1838 2651 limaci·

70 2667 219 2745 propriis;
234 2671 266 2727 et
277 2665 315 2728 ad
330 2665 556 2744 aequalitatem,
573 2666 655 2726 nulla
679 2665 822 2727 videlicet
846 2681 932 2742 prae·
973 2662 1087 2725 cardia
1100 2668 1130 2723 et
1143 2664 1276 2726 uenture
1290 2666 1464 2733 redimitam
1476 2670 1647 2749 laicanae.
1668 2672 1731 2737 ,llic
1752 2671 1836 2733 enirn

70 2750 228 2818 occiente,
244 2754 296 2811 aut
311 2748 521 2811 intercedente
535 2749 629 2826 gratia
644 2746 724 2826 ejus,
740 2749 790 2811 coi
801 2749 932 2811 debetur
972 2744 1124 2807 babemus
1139 2760 1244 2807 rocem
1260 2748 1492 2823 redemptionis,
1510 2768 1588 2829 quae
1602 2753 1774 2834 aequivalet
1786 2770 1836 2816 ro·

72 2828 319 2895 Satislactiallos
331 2837 432 2894 autem
448 2832 673 2909 nequeatiquid
685 2830 931 2908 babemus,quod
973 2827 1002 2888 ci
1017 2826 1246 2901 satistactionis,
1263 2846 1354 2907 quam
1369 2831 1524 2896 Lutlaercs
1547 2835 1578 2895 in
1602 2836 1716 2898 divinis
1740 2836 1839 2899 literis

72 2915 129 2975 bei
146 2929 208 2973 nan
224 2913 275 2980 sit,
292 2928 394 2991 neque
410 2929 574 2991 possumus
589 2913 652 2973 ulto
665 2929 781 2991 genere
807 2912 932 2975 nonoris
974 2907 1104 2972 inveniri
1120 2910 1263 2989 negabat.
1280 2910 1367 2975 Certe
1383 2914 1464 2977 enim
1480 2932 1542 2979 non
1570 2917 1670 2981 minus
1696 2920 1734 2981 ad
1749 2918 1840 2998 Justi·

73 2996 248 3072 adaequare
263 2994 417 3073 injuriam.
433 3012 525 3073 auam
550 2996 613 3057 bec
637 2996 777 3059 lecimus:
802 3013 871 3059 cum
887 2997 931 3057 ic·
975 2992 1045 3053 tiam
1061 2993 1194 3071 pertinet
1208 2993 1391 3073 redemptio,
1403 3014 1498 3075 *coam
1513 2999 1691 3063 satislactio:
1705 3008 1736 3063 et
1747 3002 1775 3062 si
1787 3001 1840 3077 ab·

68 3078 173 3156 juciae
189 3092 332 3140 mensura
346 3078 524 3140 aestimetur
539 3094 576 3140 er
597 3079 742 3156 dignitate
764 3079 830 3149 liei,
853 3095 933 3158 quae
975 3072 1102 3140 surdum
1118 3082 1202 3140 esset
1216 3074 1449 3148 dicere,noslris
1464 3082 1768 3160 operibnssatistleri
1785 3098 1842 3164 pro

71 3160 191 3222 inlicita
207 3166 267 3237 est;
282 3175 424 3228 mensura
439 3161 577 3232 honoris,
600 3176 692 3241 quem
713 3163 757 3223 itti
784 3163 933 3240 impendi·
978 3159 1126 3236 peccarim
1142 3159 1237 3221 mulio
1252 3168 1336 3224 esset
1350 3161 1515 3226 absurdius
1532 3163 1649 3236 dicere,
1675 3167 1788 3242 nostris
1810 3183 1843 3228 o-

72 3260 155 3316 mas,
172 3243 349 3304 aestimetur
364 3260 401 3304 er
415 3243 561 3324 dignitate
576 3250 691 3317 nostra,
708 3260 786 3322 quae
807 3247 855 3308 est
868 3244 934 3305 tini·
978 3241 1104 3318 peribus
1119 3241 1228 3304 redimi
1245 3248 1382 3320 peccata:
1401 3247 1659 3323 quemadmodum
1675 3249 1734 3327 ipsi
1751 3249 1843 3310 etiam

73 3334 102 3388 ta
119 3342 155 3387 ac
170 3326 347 3403 perexigua.
363 3324 567 3390 Nihilominus
577 3331 677 3388 tamen
689 3327 856 3389 accedente
868 3343 934 3405 pra·
978 3322 1123 3385 baeretici
1139 3323 1261 3400 gracias
1277 3325 1387 3399 lerunt,
1404 3328 1431 3390 si
1447 3329 1506 3391 dici
1532 3331 1662 3393 rotimus
1684 3334 1784 3412 atiqca
1808 3345 1845 3392 ex

74 3410 116 3470 tia
133 3408 198 3482 liei,
225 3409 521 3487 caquc'moltipitci,
548 3424 620 3470 rere
645 3425 810 3488 possumus
832 3410 936 3486 aliquo
980 3411 1065 3483 parte
1080 3404 1302 3484 redemptores,
1319 3425 1409 3486 quam
1424 3411 1644 3476 satislactcres.
1663 3408 1736 3476 Cum
1755 3413 1847 3492 igitur

73 3491 168 3553 modo
182 3506 221 3552 ex
235 3490 378 3568 propriis.
395 3493 478 3560 etad
492 3491 718 3568 aequalitatem,
744 3510 780 3554 uc
802 3507 857 3570 per
878 3493 937 3554 troc
980 3487 1135 3564 Scriptura
1153 3503 1212 3548 oon
1230 3505 1291 3550 unc
1306 3491 1339 3552 in
1361 3492 1428 3554 toea
1452 3493 1577 3556 disertis
1603 3496 1707 3558 verbis
1733 3496 1845 3572 tradat,

72 3576 160 3654 juste
175 3579 206 3636 et
219 3588 258 3636 cr
271 3573 426 3652 condigno
440 3575 632 3637 satisfacere
980 3571 1094 3632 nostris
1108 3569 1255 3648 operibus
1270 3573 1379 3634 redimi
1393 3581 1531 3653 peccatu,
1547 3577 1685 3655 prolecto
1711 3593 1771 3640 non
1788 3577 1843 3640 ab·

92 3709 101 3724 ,
118 3654 252 3719 Primum
267 3657 350 3718 enirn
365 3657 484 3720 cecedit
501 3660 597 3736 gratia
619 3655 859 3737 justificationis,
882 3671 939 3734 per
978 3653 1084 3714 barret
1098 3651 1136 3716 ab
1152 3669 1209 3714 usu
1225 3653 1401 3733 scripturae
1414 3658 1494 3735 quod
1511 3675 1568 3720 nos
1580 3659 1843 3732 dicimus,nostris

77 3756 168 3815 cuam
185 3737 402 3802 allicimurlllii
418 3739 484 3812 lici,
501 3737 939 3812 membraChristi,babitacu·
980 3735 1127 3816 operibus
1153 3735 1293 3798 satistlcri
1320 3754 1374 3816 pro
1400 3741 1547 3817 peccatis.
1578 3741 1844 3815 Quemadmodum

77 3822 107 3882 la
125 3821 256 3898 Spiritus
269 3825 380 3884 sancti:
394 3829 426 3886 ct
440 3824 499 3883 trac
513 3824 641 3895 ratione,
657 3837 749 3901 opera
769 3828 884 3894 nostra,
907 3828 940 3882 ut
979 3824 1081 3880 autam
1104 3818 1259 3882 refellatur
1280 3818 1396 3888 dalrici
1419 3824 1570 3901 expositio
1595 3841 1664 3902 cap.
1687 3824 1717 3887 3.
1743 3831 1846 3888 osten·

78 3903 940 3983 aspiritudbristiinnobisbabitanteprocedunt,quan·
981 3902 1096 3964 dimus.
1544 3953 1550 3976 ,
1626 3911 1648 3957 ς

79 3988 150 4048 ιιοοι
168 3986 281 4055 babent
294 3985 526 4055 iobnitatemac
540 4004 595 4066 pcr
610 3989 668 4050 troc
682 3988 773 4051 etiam
787 3987 940 4066 quandam
1023 3984 1082 4046 Sed
1095 3982 1223 4047 tortasse
1238 3983 1365 4064 objiciet
1378 3985 1502 4066 aliquis,
1519 4003 1579 4050 con
1596 3987 1711 4052 dixisse
1735 3989 1845 4052 banie-

79 4070 297 4148 acquatitetem
311 4085 382 4132 cum
396 4068 520 4151 iniuria,
532 4087 591 4150 qua
606 4069 704 4134 Deum
726 4071 884 4150 peccando
898 4069 941 4132 al·
982 4067 1057 4137 lem,
1072 4065 1191 4130 Poenas
1207 4066 1395 4134 tibidebitcs
1411 4069 1618 4152 elecmosynis
1631 4073 1761 4150 redime;
1776 4071 1846 4149 sed,

80 4151 265 4214 leceramus.
501 4170 507 4203 .·
727 4216 730 4220 s
982 4149 1848 4235 Peccatataceieemcspniaredinae,praicdetenuatum

129 4235 255 4298 Accedit
268 4252 375 4299 rursus
389 4235 447 4297 clia
462 4234 569 4314 pratia,
585 4237 657 4299 dum
668 4234 757 4300 ,ocus
772 4234 824 4314 qui
839 4241 943 4298 nostra
982 4248 1055 4297 esse
1070 4234 1109 4294 de
1125 4233 1335 4310 redemptione
1351 4237 1474 4313 culpae;
1489 4253 1580 4315 quam
1607 4253 1664 4300 nos
1687 4239 1749 4316 ipsi
1775 4238 1848 4300 late·

82 4317 187 4378 omnia
201 4317 260 4378 sibi
272 4318 342 4390 jure
356 4318 518 4382 vendicare
533 4325 651 4398 posset,
666 4335 727 4380 non
738 4319 852 4391 cronia,
862 4332 941 4394 quae
983 4332 1051 4378 mur
1066 4331 1126 4377 noc
1142 4329 1213 4378 esse
1228 4331 1328 4378 reram
1356 4323 1387 4380 et
1410 4319 1563 4397 propriam
1590 4319 1849 4400 redemptionem.

82 4399 184 4461 lacere
200 4415 376 4476 possumus.
391 4401 532 4481 imperet,
551 4403 606 4465 sed
631 4409 713 4464 certa
738 4401 887 4480 quaedam
909 4417 942 4463 o·
974 4427 979 4433 ·
1026 4399 1221 4477 licspondeo:
1238 4397 1272 4460 ln
1289 4400 1387 4462 sacris
1401 4399 1499 4464 literis
1513 4417 1625 4464 nomen
1651 4403 1768 4482 peccati
1784 4419 1852 4465 sae·

85 4498 159 4558 pera
174 4484 336 4546 dumtaxat:
352 4485 410 4546 alia
436 4501 506 4548 reru
531 4484 692 4560 permulta,
718 4500 780 4546 non
801 4484 941 4562 imperat,
985 4496 1156 4558 penumero
1171 4480 1268 4560 accipi
1285 4497 1341 4559 pro
1357 4497 1472 4560 paena,
1486 4485 1551 4546 sire
1572 4500 1692 4564 poenae
1706 4491 1803 4552 reatu.
1820 4493 1855 4548 ot

84 4565 144 4628 sed
156 4567 277 4642 suadet,
291 4574 383 4644 atque
397 4568 434 4629 ad
449 4582 485 4629 ea
499 4565 637 4630 facienda
653 4567 789 4630 hortatur
802 4571 836 4628 at
846 4566 942 4628 libb.
985 4562 1063 4628 don.
1079 4561 1131 4627 la.
1148 4562 1213 4628 Nisi
1225 4565 1389 4629 redamare
1402 4581 1555 4644 pueram,
1572 4583 1626 4630 cro
1642 4569 1850 4647 peccattrens

85 4649 128 4710 de
143 4649 301 4712 monacbis
314 4650 441 4727 copiose
455 4647 706 4712 ostendimusbr
718 4665 778 4728 qua
792 4647 846 4712 lici
856 4648 944 4712 beni·
976 4647 1023 4725 ‘in
1036 4653 1065 4709 te
1078 4646 1170 4710 omni
1183 4649 1504 4726 tcmpcrcttccreraa.
1521 4648 1553 4712 5.
1564 4649 1716 4714 ¹Reddens
1727 4651 1849 4731 iniqui·

85 4730 202 4808 gnitate
216 4731 291 4794 illud
306 4733 517 4811 consequitur,
533 4738 566 4794 ut
580 4732 748 4794 babeamus
768 4748 860 4810 opera
874 4748 944 4810 pro·
986 4734 1085 4792 intem
1095 4735 1228 4807 pctmen'a
1240 4731 1279 4792 ιο
1291 4728 1387 4807 blico.
1403 4731 1434 4794 3.
1450 4727 1577 4810 Regum.
1596 4733 1848 4812 aminneam,

84 4813 152 4892 pria
167 4820 197 4874 et
211 4813 358 4891 indebita,
387 4818 500 4892 quibus
515 4831 570 4893 pra
585 4815 693 4886 iniuria
710 4815 943 4893 sptislaciamus:
988 4818 1018 4874 el
1030 4809 1117 4888 filino
1130 4827 1220 4876 merca
1236 4811 1390 4878 Salomon
1400 4820 1597 4893 peccatores·
1624 4815 1660 4876 lit
1685 4815 1744 4878 lroc
1759 4817 1849 4878 modo

84 4912 271 4973 quamcuam
283 4913 318 4960 ea
331 4894 945 4978 estbenissnitcsliei,utetiamauaemc-
988 4895 1086 4972 accipi
1103 4899 1204 4970 polest
1219 4895 1293 4962 illud
1310 4896 1493 4960 adduximus
1509 4912 1545 4960 ex
1563 4897 1745 4962 Proverbiis:
1762 4897 1851 4961 llice·

84 4994 160 5040 nera
177 4979 275 5055 ipsius
295 4988 377 5052 sunt,
401 4991 502 5046 nostra
529 4996 601 5044 esse
624 4982 729 5042 merita
751 4981 891 5058 patietur,
914 4986 945 5042 et
987 4978 1134 5056 nccrda'c
1149 4979 1689 5061 etucntcteredima'turiniquitas.

84 5076 166 5136 auae
181 5062 219 5122 de
234 5078 325 5125 acanu
340 5064 408 5142 ejus
422 5063 675 5142 accepimus,sibi
689 5063 796 5126 doceri
810 5063 946 5127 libenter
1030 5060 1129 5124 Locus
1142 5069 1242 5122 autem
1259 5060 1393 5124 banielis
1408 5061 1530 5126 duobus
1545 5063 1644 5124 mudis
1669 5063 1778 5142 erponi
1801 5078 1849 5124 sc·

85 5142 235 5209 admittat.
989 5143 1044 5206 let.
1062 5142 1126 5208 Uno
1143 5146 1232 5208 modo
1248 5151 1281 5206 ut
1296 5159 1349 5221 per
1365 5152 1523 5222 peccatum
1540 5144 1728 5224 intelligatur
1749 5147 1850 5223 culpa,

128 5226 253 5289 Accedit
267 5226 424 5290 Praeterea
438 5227 497 5291 alia
512 5228 692 5308 gratialiam
704 5227 788 5292 Deus
802 5244 872 5290 cum
887 5242 945 5290 nos
989 5226 1055 5288 sire
1071 5227 1227 5288 inimicitia
1243 5241 1313 5289 cum
1329 5227 1403 5289 lieo:
1426 5233 1457 5288 et
1482 5233 1554 5290 tuac
1580 5227 1769 5308 significatur
1791 5229 1853 5290 iltis

85 5307 126 5368 ad
141 5309 304 5373 amicitiam
319 5326 405 5378 suam
420 5326 476 5388 per
486 5313 765 5374 reconciliationem
779 5312 887 5374 iterum
899 5327 946 5371 re·
994 5308 1105 5381 serbis,
1124 5325 1217 5388 posse
1232 5309 1387 5372 hominem
1409 5311 1619 5389 poenitentem
1641 5326 1697 5388 per
1719 5311 1853 5373 elcemo-

86 5391 174 5465 cipit;
190 5409 205 5451 a
222 5409 332 5469 poena,
348 5392 438 5473 cujus
452 5392 609 5456 debitores
630 5411 763 5466 eramus,
785 5393 945 5458 aeternita·
993 5407 1085 5472 serras
1100 5392 1221 5469 placare
1237 5391 1331 5457 Deum
1347 5407 1387 5456 ex
1401 5407 1549 5472 congruo,
1565 5399 1656 5472 atque
1670 5393 1709 5456 ab
1733 5407 1770 5454 co
1784 5411 1852 5474 gra·

89 5479 152 5534 tem
168 5474 315 5556 aeternae
329 5476 368 5538 de
382 5483 504 5540 cclerna
520 5478 718 5554 temporalem
734 5477 817 5540 iacit.
832 5476 875 5540 lta
890 5476 946 5555 igi·
994 5476 1063 5535 tiam
1080 5474 1338 5542 reconciliationis
1353 5477 1529 5554 impetrare.
1545 5473 1588 5538 lin
1602 5491 1661 5552 qua
1673 5475 1853 5554 interpreta-

86 5562 138 5616 tur
151 5556 364 5638 intelligimus,
379 5574 435 5637 per
449 5564 551 5622 nostra
565 5573 661 5636 opera
673 5558 803 5622 Domino
817 5557 946 5622 satislie·
992 5557 1075 5620 tione
1088 5557 1118 5618 id
1134 5557 1283 5635 sequitur,
1301 5563 1334 5619 ut
1347 5557 1373 5620 sl
1389 5573 1481 5636 operu
1497 5558 1632 5622 bominis
1653 5558 1789 5621 nondum
1802 5558 1853 5638 ju-

87 5636 127 5707 ri.
145 5654 205 5708 non
221 5655 258 5705 ea
273 5641 373 5721 ripere
385 5642 533 5721 justitiae,
548 5643 603 5708 sed
618 5642 713 5718 pratia
728 5642 826 5720 ipsius
847 5657 946 5720 eaque
990 5639 1127 5711 stitlcari,
1145 5647 1244 5702 tamen
1261 5655 1330 5702 cum
1345 5640 1459 5704 auritio
1470 5640 1527 5704 liei
1542 5639 1670 5719 speciali
1688 5639 1763 5704 lacta
1786 5646 1851 5704 tan·

87 5721 251 5803 multiplici
267 5726 472 5803 praecedente
498 5731 529 5788 et
542 5726 717 5803 caminate,
732 5730 824 5806 atque
838 5723 868 5788 id
891 5740 947 5799 no·¹
989 5723 1171 5792 tomraleut
1183 5723 1219 5788 ad
1235 5723 1528 5801 reconciliationem,
1558 5730 1592 5788 ut
1605 5737 1642 5790 cx
1657 5739 1793 5805 congruo
1805 5724 1850 5787 di·
