4084 6275
284 305 338 364 lte
1008 306 1052 364 till
1069 303 1170 364 Missa

216 439 282 515 urie
298 439 412 502 dictum
427 453 498 502 esse
524 437 629 513 debet,
658 439 740 517 quod
769 437 807 500 ab
832 437 894 503 illis
905 444 1031 505 dantum
1043 446 1074 504 et
1117 443 1159 500 tet
1174 454 1211 502 ex
1225 438 1289 502 illis
1304 436 1499 516 verbisquae
1515 435 1667 500 habeatur
1681 437 1712 502 in
1728 436 1792 504 liae
1805 441 1926 521 eapitis
1942 443 1996 506 32.

213 537 275 584 non
291 524 330 584 ab
345 522 489 584 omnibus
504 520 660 585 olieralur.
1115 520 1408 599 Marriierlelacuil,
1420 519 1609 598 sipailiraas
1624 518 1802 586 Malachiae
1815 541 1881 602 per
1896 525 1994 595 llaec,

253 604 393 683 Denique
406 603 530 666 accedat
545 620 718 668 consensus
733 600 869 666 celerum
884 603 1072 684 Petrumqui
1115 605 1374 684 puoaiampricr
1388 603 1521 681 quidem
1539 602 1685 685 coporos
1702 606 1842 669 cessabit
1871 606 1996 687 offerre

211 682 313 750 locum
338 689 421 750 huuc
436 685 601 749 Malachiae
623 688 662 751 de
687 687 837 750 sucrillcio
862 687 1073 752 Eucharistiae
1115 685 1192 763 Dea·
1215 689 1427 750 cernicatam
1438 685 1505 747 loco
1520 682 1719 762 sacrificium
1739 687 1880 768 offatim
1893 693 1941 762 et,
1965 700 1995 752 et

210 768 334 848 semper
345 769 573 843 intellexerunt,
590 787 652 832 nou
667 771 706 832 de
722 769 868 847 operibus
883 771 1071 849 bonis,quae
1115 769 1175 832 hoe
1190 785 1323 848 pwrrm,
1350 785 1471 832 homeri
1500 773 1609 830 autera
1631 768 1700 848 mars
1726 770 1945 850 plcririoalur
1958 777 1994 836 ia

209 851 249 913 ab
261 851 408 914 omnibus
422 849 488 912 lieri
505 855 646 930 possunt.
668 849 808 916 lustinus
824 859 938 932 martyr
962 853 992 914 iu
1006 854 1070 916 dia·
1113 852 1274 929 amiatae.
1289 851 1328 914 Mt
1341 868 1379 914 ex
1394 852 1467 921 illis,
1492 854 1570 927 auae
1598 850 1751 914 habentur
1765 871 1839 932 cap.
1869 855 1930 917 31.
1954 858 1994 918 lta

207 933 279 1013 logo
294 951 364 996 auur
380 933 547 1010 Triphcne,
564 935 688 998 disertis
717 934 818 998 uerbis
844 935 1010 1014 (Memnilio
1027 943 1070 997 ct·
1112 950 1214 1012 permis
1229 935 1432 997 oblationum
1444 932 1656 1012 reprobatum
1677 941 1735 996 est:
1750 935 1946 1001 oblationes
1959 957 1991 1002 e·

204 1013 265 1078 iem
278 1017 370 1096 teste)
384 1016 467 1078 bunc
479 1018 580 1079 locum
595 1017 720 1097 exponit
734 1018 772 1080 de
787 1017 937 1080 sucrilloic
953 1017 1070 1080 Eucha·
1113 1016 1184 1079 aim
1198 1023 1228 1079 et
1242 1018 1322 1089 illic,
1338 1017 1516 1079 oblationes
1531 1022 1640 1078 cotem
1654 1026 1684 1079 et
1698 1017 1753 1080 hie
1763 1017 1944 1096 eaemfieio
1958 1025 1995 1084 ira

205 1100 321 1170 risliae,
337 1100 418 1175 cuod
437 1099 466 1158 in
483 1103 587 1176 speeie
604 1100 693 1180 panis
719 1107 749 1162 et
764 1101 824 1160 vini
841 1106 902 1162 tclc
919 1101 995 1162 orbe
1011 1107 1070 1164 ter·
1111 1100 1245 1179 popam,
1260 1100 1423 1176 sacrificio
1438 1103 1467 1164 el
1480 1099 1519 1161 lu
1532 1098 1687 1162 Ecclesia.
1705 1099 1758 1162 Ubi
1773 1101 1934 1165 irenaeus
1949 1107 1987 1164 dr·

206 1197 309 1242 rarum
325 1183 388 1242 lieo
401 1178 536 1244 ollertur:
560 1183 747 1255 Drousias,
763 1184 862 1260 iacuit
876 1230 883 1256 ,
899 1185 1068 1261 patritam,
1113 1183 1166 1253 cit,
1188 1182 1375 1248 saerilleium
1391 1189 1526 1245 nostrum
1544 1182 1713 1247 succedere
1735 1184 1791 1258 illi,
1816 1187 1907 1263 quod
1925 1203 1992 1248 ees·

205 1279 291 1342 quae
305 1270 344 1326 irc
358 1264 448 1326 omrai
461 1265 531 1326 loco
547 1265 738 1346 alienaretur,
754 1264 933 1342 scuritas,
950 1267 1009 1328 hoe
1025 1275 1071 1331 est
1112 1264 1189 1326 sarit
1203 1267 1284 1343 apud
1299 1265 1467 1327 Hebraeos:
1484 1273 1514 1327 et
1530 1264 1625 1324 herrm
1649 1280 1710 1328 non
1734 1274 1931 1346 reprobasse
1946 1287 1992 1330 sa·

201 1363 292 1424 panc
307 1347 545 1420 Eucharistiae,
562 1357 592 1411 el
604 1350 721 1428 pacato
735 1349 884 1412 similiter
911 1349 1069 1412 Machart-
1112 1345 1226 1410 eribcio
1241 1347 1452 1421 absolutescd
1467 1362 1567 1426 genus
1580 1347 1733 1424 quoddam
1745 1349 1988 1418 saorilloiorom.

203 1431 296 1493 eliae.
307 1431 381 1510 jam
403 1435 472 1492 tuna
499 1432 651 1511 loquelas
681 1431 870 1506 Malachiae,
895 1432 1067 1510 praedixit
1112 1429 1255 1493 nimirum
1265 1430 1470 1510 judaicorum.
1488 1429 1580 1491 Porro
1595 1429 1675 1507 apud
1687 1428 1823 1494 ludaeos
1840 1449 1908 1494 uon
1923 1452 1991 1496 cos·

116 1561 133 1580 .
204 1528 264 1574 roos
280 1514 413 1592 qaidarn
427 1513 609 1592 ploriliaare
619 1529 741 1578 acmen
768 1514 849 1594 ejas,
878 1530 933 1577 cos
958 1522 1069 1580 aalma
1111 1521 1218 1575 serunt
1231 1515 1446 1593 eleemosynae
1472 1519 1503 1574 et
1517 1511 1683 1586 carbones,
1696 1517 1727 1575 et
1740 1515 1800 1575 alia
1813 1515 1990 1595 improprie

203 1591 428 1672 prophanare.
1113 1595 1385 1659 diclasacriiloia:
1416 1594 1647 1658 sedeessarunt
1676 1610 1763 1658 verae
1792 1614 1829 1658 aa
1860 1601 1990 1677 propria

245 1677 419 1738 Memnilius
435 1675 540 1741 nititur
551 1679 635 1742 huhc
651 1681 751 1742 loouru
767 1677 934 1758 depravare
952 1725 960 1746 ,
978 1696 1014 1740 ea
1030 1697 1068 1743 eo
1111 1677 1209 1742 dictae
1231 1678 1467 1750 immolationes,
1484 1693 1563 1756 quae
1588 1681 1649 1738 nort
1666 1678 1723 1740 nisi
1740 1679 1774 1740 iu
1788 1681 1989 1744 llierusaleur

203 1761 285 1836 quod
298 1759 437 1822 lustinus
450 1759 563 1822 ibidem
577 1763 672 1834 addit,
701 1761 922 1824 Eucharistiam
944 1760 1007 1823 lieri
1035 1764 1068 1826 iu
1109 1758 1175 1823 lieri
1193 1767 1344 1839 poteranl3
1361 1777 1433 1838 ergo
1447 1759 1581 1838 loquitur
1598 1757 1802 1824 Irenaeus'de
1828 1766 1989 1827 sacrilirio

203 1842 384 1912 urerooriaor
396 1842 549 1920 passionis
563 1844 687 1916 Christi,
703 1851 734 1907 el
749 1845 780 1906 ln
792 1845 956 1923 gratiarum
973 1846 1065 1909 actio·
1102 1845 1234 1921 proprie
1247 1844 1340 1918 dicto,
1354 1851 1385 1904 et
1402 1844 1460 1905 tolo
1481 1842 1545 1903 vult
1560 1857 1630 1903 esse
1658 1843 1844 1905 sacrificium
1866 1847 1990 1908 Eucha-

202 1939 274 1986 nem
286 1925 366 1996 rhea,
380 1922 432 2000 qui
448 1928 597 1989 mundum
613 1943 667 2005 pro
684 1927 774 1990 nohis
796 1927 946 2000 condidit,
964 1935 995 1989 al
1009 1945 1068 1991 nos
1110 1925 1226 1988 ristiee.
1244 1925 1383 2005 benique
1399 1926 1449 1988 illa
1464 1925 1555 1986 verbo
1571 1923 1774 2000 eruditiori
1790 1928 1990 1992 Testarrrerrti

202 2023 217 2066 a
236 2007 371 2084 peccatis
387 2007 542 2072 liberarit.
554 2010 633 2072 ilinc
648 2011 730 2073 euim
746 2009 814 2087 ipse
827 2011 956 2088 colligit,
972 2012 1068 2073 sacri·
1109 2024 1231 2072 accam
1252 2011 1362 2073 docuit
1378 2007 1692 2077 oblationem,aoune
1708 2010 1888 2073 clarissime
1906 2018 1987 2088 quod
2027 2080 2028 2103 χ

203 2088 320 2162 ficium,
337 2091 376 2151 de
391 2105 453 2165 ouo
465 2092 629 2154 Malachias
651 2095 822 2156 secundom
851 2091 1005 2155 lustinum
1023 2094 1066 2157 ln·
1109 2091 1264 2165 volumus,
1278 2091 1462 2154 ostendunt?
1477 2090 1631 2150 nonenim
1648 2090 1847 2172 eleemosyna
1865 2105 1919 2156 est
1935 2113 1988 2156 ao-

202 2174 315 2258 quilur‚
329 2188 400 2235 esso
411 2173 596 2237 saorllieium
608 2175 1065 2253 spirituale,idest,mearcriam
1109 2190 1145 2234 ra
1161 2174 1350 2247 oblationes
1365 2174 1487 2254 propria
1500 2172 1686 2253 Testamenti
1702 2175 1785 2252 uari,
1801 2192 1879 2238 oum
1896 2183 1988 2240 eliam

201 2253 505 2330 passlcnlsltomiai,
522 2263 553 2320 et
567 2258 730 2336 gratiarum
757 2259 909 2320 actionem
930 2258 992 2320 [leo
1009 2275 1066 2338 pro
1109 2257 1189 2337 epod
1204 2257 1338 2320 ludaeos
1352 2257 1402 2334 sil,
1420 2262 1451 2317 el
1463 2255 1600 2317 luerilin
1616 2272 1705 2325 usu.=

200 2337 353 2400 beneficio
369 2339 532 2402 erectionis
548 2348 578 2402 et
593 2340 825 2418 redemptionis.
919 2343 931 2372 ⁹
1150 2339 1354 2420 Tertullianus
1369 2339 1424 2400 lib.
1441 2337 1472 2400 3.
1489 2343 1592 2401 eontra
1606 2337 1791 2401 Marcionem
1818 2340 1989 2421 declarans

243 2423 302 2483 Sed
318 2421 429 2484 trustra
444 2422 571 2484 laborat.
582 2423 652 2485 llam
666 2422 805 2485 lustinus
820 2422 882 2485 illis
897 2422 999 2485 verbis
1013 2440 1066 2486 ea·-
1108 2421 1295 2485 sacrificium
1318 2439 1333 2482 a
1350 2421 1497 2484 Malacbia
1515 2419 1716 2497 praediolum:
1731 2421 1772 2484 Io
1787 2427 1888 2486 omrai
1902 2425 1981 2498 loco,

199 2503 293 2580 plicat
307 2520 447 2566 caussam
464 2504 586 2566 linaleur
609 2506 752 2568 saerillcii
776 2523 791 2566 a
815 2504 959 2582 Malachia
978 2523 1064 2583 prae·
1109 2505 1222 2582 incolt,
1238 2503 1372 2585 offertor
1391 2501 1591 2580 sacrificium
1603 2504 1867 2580 armeniacae
1883 2512 1985 2570 soom-

200 2587 285 2659 dicli,
303 2587 365 2648 adn
382 2588 483 2664 ipsum
495 2587 884 2652 sacritlcium.Sacrillcium
897 2589 979 2650 enim
992 2604 1064 2652 esse
1106 2585 1220 2665 Mem
1232 2603 1367 2666 pararat.
1383 2587 1508 2666 pieriae
1521 2585 1642 2648 scilieet
1668 2586 1785 2649 relatio
1806 2589 1985 2654 eldeardi·

200 2667 276 2730 dicit
303 2670 491 2732 oblationem
522 2671 731 2734 Eucharistiae
766 2687 805 2732 cx
828 2687 906 2748 pane
935 2677 963 2732 et
993 2672 1066 2734 rinc
1108 2671 1365 2750 elimellaesel
1385 2670 1511 2751 hemah
1542 2683 1628 2746 qaae
1652 2670 1776 2739 amaia,
1801 2674 1985 2737 comiato

199 2753 372 2828 conlectam
387 2769 529 2816 caussam
542 2759 643 2815 autem
659 2752 800 2816 sacrificii
823 2769 893 2814 esse
909 2753 984 2816 dicit
1002 2771 1064 2814 rae·
1106 2752 1791 2832 qouquereprelrcadaarar,etsiprrccalom
1802 2753 1981 2830 frantiam,

198 2834 331 2908 moriam
344 2835 498 2912 passionis
514 2834 646 2900 Domini.
664 2843 695 2898 cl
707 2835 859 2896 actionem
886 2837 1061 2914 gratiarum.
1107 2840 1138 2896 et
1157 2836 1380 2900 Meahsiorrrm
1391 2839 1610 2907 eamcareata,
1623 2838 1653 2895 et
1664 2835 1840 2899 munditiis
1853 2840 1983 2915 saorth·

198 2914 234 2976 El
247 2917 360 2979 sanast
376 2917 484 2978 liceret
498 2919 557 2980 boa
571 2919 664 2979 modo
678 2913 824 2994 cauillari,
848 2918 978 2995 probare
991 2935 1064 2997 pos·
1108 2917 1234 2980 omrem
1249 2923 1325 2981 elce

199 3015 317 3070 semus,
334 3000 415 3060 nulla
429 3015 562 3077 unquam
580 3000 686 3071 luisse,
704 3016 743 3060 ne
759 3001 838 3077 apud
850 2999 984 3062 ludaeos
996 3002 1062 3079 qui·
1149 3000 1238 3064 Mune
1253 3001 1355 3063 locum
1372 3000 1409 3061 ad
1425 3015 1460 3061 se
1473 2998 1553 3074 rapit
1566 2995 1753 3072 Meurnitius,
1782 2999 1824 3063 ob
1842 3001 1916 3064 illas
1932 3021 1980 3066 ro·
2027 3062 2028 3077 ,

199 3082 282 3155 dem,
300 3079 448 3144 sacrificia
463 3082 585 3161 proprie
601 3084 692 3146 dicta:
717 3081 823 3145 Omnia
845 3082 925 3144 enim
947 3083 1065 3146 tiebant
1108 3097 1173 3145 aes:
1193 3082 1323 3147 Gloriam
1344 3083 1471 3156 relatio,
1489 3082 1563 3144 laos
1589 3087 1618 3145 et
1640 3080 1765 3163 hymel.
1782 3083 1845 3146 Sed
1861 3084 1984 3149 Tertul-

197 3164 229 3225 iu
246 3165 560 3242 repraesentationem
577 3164 730 3244 passionis
759 3165 879 3227 Domini
903 3174 933 3227 el
953 3167 1063 3245 gratia·
1106 3163 1209 3229 lienus
1224 3166 1375 3231 describit
1388 3166 1568 3236 broillemat
1582 3179 1667 3226 more
1682 3168 1849 3244 suo,paulo
1864 3169 1982 3231 obsco·

198 3264 265 3308 ram
278 3248 429 3309 actionem
447 3292 456 3320 ,
480 3248 675 3311 autsimileur
699 3249 830 3325 aliquam
847 3264 1003 3310 caussam.
1033 3270 1037 3275 ’
1108 3247 1185 3321 rius,
1203 3256 1298 3312 lotam
1314 3252 1404 3311 ritum
1420 3246 1562 3311 sacrificii
1578 3248 1704 3323 missam
1720 3248 1877 3328 siquidem
1895 3255 1927 3313 in
1944 3269 1984 3314 eo

239 3330 457 3408 irenaeuslib.
473 3328 504 3391 1.
521 3348 590 3409 cap,
609 3330 660 3392 32.
677 3330 770 3395 Muta.
789 3330 913 3408 inquit,
945 3333 1003 3411 qai
1017 3339 1063 3395 eat
1109 3330 1271 3405 sacrificio,
1285 3338 1315 3395 cl
1328 3338 1398 3393 ante
1413 3338 1443 3391 cl
1459 3336 1528 3407 post
1542 3330 1804 3394 consecrationem
1834 3340 1867 3395 et
1896 3335 1984 3397 obla·

198 3428 241 3475 aaa
255 3416 420 3482 mentera,
435 3427 558 3491 portem
571 3415 695 3491 accepit
718 3421 746 3475 ol
760 3414 885 3491 pretias
913 3416 987 3491 epil,
1015 3416 1064 3477 di·
1110 3413 1227 3476 liouem
1241 3414 1400 3494 sacrilloii,
1413 3414 1551 3475 laudatur
1576 3412 1659 3475 Deus
1674 3419 1704 3474 el
1716 3421 1829 3478 oratur.
1846 3423 1878 3477 et
1891 3418 1980 3495 hym·

198 3510 285 3557 oeae:
300 3494 366 3557 Hoc
387 3501 432 3556 est
446 3510 563 3573 corpas
577 3511 698 3567 meam,
715 3503 744 3558 el
758 3496 1063 3574 coltoemsimitr'ter,
1109 3495 1141 3556 ni
1156 3505 1369 3562 canuntur,ul
1390 3504 1495 3558 uotum
1510 3500 1569 3557 est.
1584 3494 1792 3559 llocataulem
1816 3497 1980 3561 Tertullia-

197 3578 610 3656 quiesteaeeacreatrrro,
627 3579 968 3659 quaeestsocrrrrdum
978 3594 1064 3657 reos,
1110 3594 1168 3639 nos
1182 3578 1443 3652 benedictionem,
1456 3579 1554 3656 ipsam
1570 3579 1835 3642 consecrationem
1856 3581 1981 3645 liucba·
2027 3647 2028 3662 ,

196 3675 293 3721 srram
300 3660 665 3739 scirpalacmccalcssos
676 3666 765 3731 estet
775 3663 853 3723 coci
863 3660 1063 3739 Testamenti,
1108 3660 1225 3738 ristiae3
1236 3661 1326 3726 ,unde
1341 3678 1411 3724 mcx
1427 3660 1599 3740 subjungilz
1625 3659 1847 3725 Mceheiorrrm
1865 3680 1979 3727 sacro·

196 3756 316 3805 acuam
330 3744 441 3805 docuit
454 3742 662 3807 oblationem.
681 3742 785 3819 anm
810 3744 955 3807 Ecclesia
970 3744 1011 3807 ab
1027 3762 1063 3808 c·
1107 3749 1218 3805 maala
1232 3750 1262 3807 et
1281 3744 1477 3807 raurrdilierrr
1490 3741 1738 3821 sacrificiorum
1766 3743 1913 3825 Denique
1934 3750 1979 3810 al·

196 3825 328 3901 postolis
342 3826 516 3903 accipietis,
533 3824 623 3905 offert
644 3824 707 3888 Deo
721 3827 760 3889 r'rr
769 3829 922 3889 emiuerso
936 3830 1063 3891 mundo
1108 3826 1398 3888 ludillertullianus
1413 3827 1451 3887 ad
1467 3826 1565 3905 ipsanr
1581 3824 1707 3903 primam
1723 3827 1818 3905 huius
1831 3830 1978 3893 sacrificii

197 3908 301 3987 cimai
315 3909 474 3970 alimenta
486 3908 581 3971 achis
595 3909 915 3986 praestcrprr'mrttcs
926 3925 1063 3973 sacram
1107 3908 1306 3969 obtaticuem.
1322 3909 1470 3971 hominus
1486 3908 1568 3970 euim
1584 3908 1615 3969 in
1637 3908 1741 3971 ultima
1764 3925 1862 3973 coena
1877 3914 1979 3989 primo

196 4006 384 4052 miraeum:
401 3992 440 4053 de
456 4007 520 4069 prro
537 3996 566 4053 et
579 3991 617 4053 r'rr
632 3992 805 4054 duodecim
815 3991 981 4069 prophetis
996 3993 1060 4055 Mo·
1107 3992 1218 4066 pretias
1233 3992 1305 4067 egit.
1322 3992 1435 4053 deinde
1449 3990 1617 4053 benedixit.
1645 3992 1811 4053 eltrudem
1827 3993 1979 4072 hymnum

197 4072 321 4135 lachim
336 4074 382 4133 sio
397 4072 690 4152 praesipaiiieauit:
712 4072 782 4135 liora
793 4078 838 4135 est
851 4072 933 4135 milri
946 4075 1060 4138 oolam·
1107 4074 1232 4133 cecinit:
1250 4091 1318 4133 uara
1336 4074 1449 4151 hymno
1464 4074 1545 4135 dioto
1561 4072 1634 4135 exiit
1656 4076 1687 4134 in
1712 4080 1850 4137 montem
1881 4078 1977 4139 olira·

197 4160 245 4216 tua
260 4156 298 4217 irr
309 4154 397 4216 uobis
410 4160 469 4217 olo.
488 4156 605 4218 Similia
626 4156 720 4218 babet
733 4174 803 4233 cup.
817 4152 868 4217 33.
886 4162 916 4217 el
927 4155 978 4219 al.
1106 4170 1186 4225 rum,
1205 4159 1234 4216 ul
1251 4151 1282 4217 ia
1299 4158 1460 4235 crrrngelio
1474 4155 1618 4235 legimus.
1635 4156 1719 4229 Quae
1730 4159 1832 4218 omnia
1849 4161 1976 4222 lotidem

240 4236 327 4298 Hono
339 4236 429 4299 eliam
453 4239 553 4300 locum
569 4238 743 4301 Memnitius
764 4239 801 4299 ed
824 4255 910 4299 suam
937 4244 1063 4301 senten·
1107 4236 1172 4298 lero
1188 4238 1291 4300 uerbis
1306 4239 1511 4301 Tertullianus
1522 4242 1760 4316 expressit,cum
1775 4241 1828 4301 ait:
1846 4240 1976 4305 Gloriae

196 4320 267 4379 liam
284 4321 467 4397 detorquere
483 4327 610 4383 coriatus
625 4327 684 4395 est,
699 4320 755 4382 sed
773 4321 963 4397 usqueadeo
975 4321 1063 4385 debi·
1114 4320 1242 4394 relatio,
1259 4320 1451 4391 heaediclio,
1467 4323 1541 4383 laos
1555 4329 1585 4383 el
1599 4322 1725 4402 lrymrrl.

197 4403 277 4471 liter,
298 4405 393 4483 utrix
408 4404 469 4465 ulla
485 4402 690 4481 responsione
715 4405 755 4465 sil
778 4419 868 4481 opus.
887 4404 966 4464 llicit
979 4405 1064 4467 eninr
1150 4403 1267 4463 Profert
1282 4405 1455 4466 licurrritius
1467 4406 1528 4465 duo
1543 4403 1600 4463 alia
1627 4406 1694 4465 loca
1719 4419 1757 4467 ox
1770 4402 1974 4470 Tertulliano.

197 4483 359 4547 irenaeum
371 4485 456 4565 loqui
472 4488 511 4549 de
525 4487 681 4549 oblatione
697 4486 1063 4566 eleemosynarumuuoe
1109 4483 1209 4546 linum
1226 4503 1262 4546 ax
1279 4487 1357 4547 libra
1369 4495 1474 4549 contra
1488 4486 1643 4555 ludaeos,
1666 4486 1720 4549 ubi
1736 4487 1812 4548 dicit
1824 4489 1866 4550 de
1881 4492 1976 4552 sauri·

198 4574 276 4629 mter
291 4570 441 4631 irationem
455 4583 569 4630 coenae
585 4568 702 4631 llcraini
719 4566 785 4630 lieri
811 4568 942 4631 solebat:
969 4576 1063 4646 atque
1106 4568 1185 4627 lteris
1201 4568 1413 4645 spiritualibus
1443 4570 1603 4644 incautum
1618 4584 1690 4631 esse
1704 4569 1897 4646 Malachiam,
1913 4590 1976 4635 ucrr

197 4650 252 4710 lias
268 4651 483 4730 eleemosynas
498 4651 681 4713 sacrificium
698 4649 888 4728 appellasse,
902 4652 983 4728 quod
996 4650 1061 4714 Ileo
1106 4650 1144 4711 de
1161 4649 1304 4712 terrenis.
1319 4652 1452 4713 illerum
1467 4652 1522 4713 lib.
1539 4650 1571 4712 1.
1585 4657 1689 4713 eontra
1703 4650 1904 4724 Marcionem,
1920 4657 1973 4717 ubi

198 4730 300 4793 ollerrt
316 4733 376 4793 dici
394 4736 504 4813 possit,
521 4735 551 4795 id
567 4734 649 4810 cuod
663 4741 790 4811 propter
804 4732 901 4795 Deum
919 4735 1063 4811 pauperi·
1105 4731 1240 4811 legimus
1255 4733 1427 4811 simplicem
1443 4733 1614 4796 orationem
1627 4733 1666 4795 de
1688 4737 1878 4797 conscientia
1893 4756 1973 4817 pura

195 4814 254 4875 hus
270 4812 407 4883 citerior.
419 4816 501 4895 juxta
524 4816 613 4881 illud:
631 4814 692 4891 Qut
704 4817 876 4878 miserator
888 4818 1059 4895 pauperis,
1105 4830 1178 4878 esse
1193 4814 1390 4891 sacrificium,
1407 4821 1522 4895 dequo
1537 4816 1865 4961 loquiturfilalaehias.

192 4898 382 4973 t'oeaeralrrr
395 4900 470 4961 heo.
487 4898 524 4961 Iit
539 4900 627 4960 illud:
644 4898 776 4961 Maurici
791 4902 821 4959 el
835 4898 1063 4963 dedistismihi
1147 4898 1206 4960 Sed
1224 4898 1313 4959 laeile
1325 4905 1373 4961 est
1386 4898 1682 4978 respondere.Tertu
1710 4900 1797 4963 ianus
1813 4904 1896 4963 euim
1913 4919 1977 4965 non

192 4981 490 5059 manducaremus
503 4983 563 5043 duo
575 4982 642 5043 loca
655 4980 922 5059 laoaaeusallegal
935 4997 991 5058 cap
1006 4980 1059 5044 tt.
1108 4986 1197 5042 rocol
1212 4979 1435 5045 Eucharistiam
1450 4981 1635 5044 sucrificium
1650 4981 1896 5061 spirituale‚qoia
1913 5003 1975 5047 riou

238 5063 299 5135 Sed
316 5079 378 5125 riou
407 5064 535 5127 advertit
556 5062 731 5125 Memnilius
759 5062 921 5125 Irenaeum
937 5080 952 5122 a
969 5064 1064 5126 simili
1110 5063 1152 5124 sil
1165 5078 1237 5125 rere
1266 5080 1302 5124 ao
1315 5065 1438 5142 proprie
1453 5064 1569 5127 dietum
1592 5062 1800 5127 sacrilioium:
1826 5069 1884 5129 sed
1909 5073 1975 5130 lum

194 5144 309 5208 ducere
321 5152 550 5226 argumentum.
567 5146 639 5209 Mam
652 5162 725 5208 cum
742 5144 836 5209 vellet
864 5146 1057 5222 ostendere,
1108 5145 1177 5223 quia
1193 5163 1209 5206 a
1226 5145 1342 5223 Spiritu
1356 5153 1463 5212 sancto
1478 5156 1539 5218 est,
1553 5162 1614 5207 non
1630 5146 1669 5208 ab
1685 5148 1818 5211 humano
1844 5155 1878 5211 el
1907 5167 1979 5211 aaa.

190 5228 379 5309 ¹sacrilioiuru
396 5229 458 5293 llec
474 5228 625 5299 exhiberi,
639 5246 701 5291 non
717 5229 800 5306 quia
812 5229 880 5307 ipse
896 5227 1034 5307 indigeat
1050 5274 1059 5301 ,
1106 5227 1169 5290 nuli
1183 5243 1278 5290 sensu
1290 5229 1507 5305 excogitatum
1524 5236 1586 5291 tum
1601 5230 1693 5291 etiarn
1714 5234 1785 5307 ouirr
1815 5248 1974 5295 concon-

193 5310 248 5369 sed
265 5312 335 5389 quia
352 5312 442 5374 uobis
458 5311 531 5374 utile
548 5319 595 5374 ast
610 5311 824 5390 gratitudinem
839 5326 909 5389 erpa
926 5310 1012 5373 illurn
1028 5328 1061 5373 o·
1108 5316 1168 5371 slat
1182 5310 1301 5371 victima
1316 5317 1448 5385 terrena,
1466 5313 1521 5374 sed
1535 5312 1739 5382 eoelestiaee
1752 5314 1869 5375 carnali
1880 5318 1974 5379 modo

193 5395 349 5459 stendere:
366 5396 465 5457 adlert
480 5396 511 5457 in
526 5395 701 5473 exemplum
723 5394 963 5471 eleemosynam,
980 5410 1061 5473 quae
1106 5409 1161 5471 per
1173 5394 1309 5472 gladium
1322 5400 1352 5455 et
1366 5394 1469 5471 ignem
1482 5401 1513 5457 et
1523 5394 1684 5474 sanguinis
1699 5394 1897 5472 effusionem,
1914 5400 1970 5462 sed

196 5476 259 5536 lleo
273 5476 340 5540 lieri
352 5478 475 5547 dieitur,
493 5493 561 5539 cum
578 5485 677 5539 tamea
693 5492 753 5537 non
770 5476 810 5538 sit
825 5476 908 5537 utilis
923 5476 1061 5548 ileo,sed
1108 5475 1201 5537 modo
1229 5476 1381 5553 spirituali
1393 5485 1460 5556 ”per
1479 5478 1641 5538 uerborum
1662 5478 1911 5542 benedictionem
1940 5490 1973 5543 et

196 5556 298 5620 nobis.
314 5560 401 5633 Quod
416 5564 516 5622 autam
538 5560 685 5623 Irenaeus
706 5559 857 5637 intelligat
883 5558 1066 5624 Malachiam
1109 5564 1373 5622 consecrationem
1387 5559 1713 5637 sacrificatum-limus
1737 5561 1768 5622 id
1783 5562 1893 5625 durum
1915 5568 1970 5627 ulli

197 5640 237 5705 de
251 5642 401 5707 sacrificio
416 5644 539 5722 proprie
551 5644 709 5729 diolchon
726 5642 765 5705 de
780 5642 998 5720 eleemosynis,
1011 5657 1064 5721 pa·
1109 5640 1271 5716 ridebitur,
1287 5641 1340 5719 oui
1355 5643 1468 5721 cogitet
1480 5642 1521 5705 ab
1536 5641 1646 5706 eodem
1671 5643 1857 5715 Tertulliano
1873 5649 1903 5709 in
1920 5666 1970 5713 eo·
