4084 6275
923 396 1029 457 tunna
1773 386 1826 443 931

87 525 200 590 9999999
221 524 408 589 sacritlcium
434 526 588 591 successit
608 528 761 593 saeritlcio
789 528 951 604 Antonino,
999 543 1006 552 ·
1037 522 1285 591 communionem
1315 518 1422 603 populi
1445 516 1587 615 ordinata
1611 512 1684 579 598.
1700 514 1772 614 5199.
1790 516 1862 611 illl.

131 616 160 670 ct
171 607 309 671 ludricis
323 607 486 671 sacrifieiis
500 609 574 673 494.
589 608 662 675 teo.
996 609 1102 687 deque
1117 613 1164 671 est
1179 604 1375 678 sacrificium,
1392 602 1506 667 ohlatro
1535 604 1566 663 99
1579 600 1766 667 immolatio,
1790 614 1862 693 quau
1955 608 1959 617 '

87 688 414 752 llissae‘sacridcium
443 693 620 754 dumturum
647 708 746 771 usque
777 691 816 755 ad
843 690 954 754 mundi
1038 686 1349 753 cstcommamorctio
1369 683 1540 763 quaedam,
1567 685 1863 775 etrepraescntauo

133 771 431 834 consummationem
445 772 504 833 481
521 774 567 837 od
580 772 652 837 483.
665 773 738 836 494.
755 770 829 835 5192.
1038 771 1102 834 9999
1118 767 1418 843 999999999,9999999
1432 764 1538 825 999119
1550 761 1766 857 3999999999
1780 759 1867 823 Chri·

93 853 130 915 ln
142 851 229 915 omni
242 852 311 915 loco
332 851 436 916 9919999
450 855 565 919 debere
580 855 771 935 praedicitur
791 852 864 917 495.
879 852 954 917 499.
1040 858 1106 915 9199
1121 852 1240 914 dicatur
1254 852 1284 912 in
1301 864 1396 911 coena
1413 845 1640 917 immolarr‚oon
1650 844 1738 937 'quod
1751 858 1783 903 re
1795 858 1866 936 9999

136 933 211 994 5⁰¹·
1040 933 1123 995 9999
1140 931 1262 1011 proprie
1278 929 1463 1001 immoletur,
1479 927 1535 989 sed
1551 926 1633 1001 quud
1649 923 1823 985 immoletur
1835 939 1867 984 aa

89 1016 158 1076 1999
179 1013 454 1094 piacet,atqueila
467 1014 957 1081 mundumestutnulliusmini·
1008 1025 1011 1031 ’
1045 1011 1356 1087 999999999999999,
1379 1010 1410 1072 99
1436 1007 1627 1101 imaginem
1651 1004 1867 1067 similitudine:

134 1096 188 1157 strl
201 1095 313 1156 malitia
326 1097 423 1172 pollui
436 1099 537 1175 possit
549 1098 622 1160 491.
639 1097 711 1163 498.
727 1098 801 1161 adu.
1042 1111 1113 1156 nam
1130 1096 1189 1157 hoc
1204 1099 1252 1156 999
1263 1090 1377 1157 Caluini
1393 1095 1424 1152 et
1437 1088 1585 1152 liemmtu
1600 1086 1740 1150 haeresis
1755 1091 1784 1149 et
1796 1102 1865 1167 aeq.

91 1177 253 1239 listellam
268 1177 384 1239 9919199
400 1194 501 1257 nora,
518 1195 597 1258 quaa
611 1185 699 1242 anteo
725 1178 902 1243 noniuerat
923 1182 958 1241 lu
1043 1174 1204 1239 599519.
1382 1251 1389 1265 ι
1435 1250 1442 1265 ⁹
1622 1249 1629 1264 Ι
1705 1252 1709 1259 .
1824 1244 1866 1263 ..

135 1255 335 1320 9991999999
349 1258 408 1320 491
431 1260 477 1322 cd
489 1259 562 1324 499.
577 1260 650 1322 591.
665 1261 737 1325 519.
1001 1256 1064 1322 Sed
1080 1257 1212 1320 dicimus
1226 1256 1287 1319 hoc
1311 1250 1497 1316 sacrtilcnum
1523 1264 1594 1314 csse
1622 1265 1722 1328 tpsum
1745 1248 1867 1313 Domana

94 1338 458 1419 Esttppicumrcspectu
474 1341 616 1405 sacriiicii
637 1346 751 1417 crocis,
779 1344 835 1405 999
852 1356 961 1419 raspe-
1044 1336 1398 1417 corpuseiaanguinem
1414 1332 1488 1395 598.
1556 1338 1559 1345 “
1597 1412 1605 1425 ·
1808 1411 1815 1425 ι

136 1425 187 1482 999
201 1420 423 1485 sacrificiorum
437 1420 647 1501 Iudaicorum,
664 1440 769 1489 rerum
789 1424 960 1487 dicendum
1004 1420 1092 1497 Quod
1107 1420 1140 1481 99
1155 1419 1240 1481 altari
1255 1422 1290 1479 ut
1304 1432 1409 1479 aarum
1424 1462 1432 1491 ‚
1449 1420 1480 1479 el
1501 1428 1659 1495 proprium
1684 1410 1870 1475 sacrillcrum

139 1499 275 1564 999591.
635 1524 639 1530 ·
1045 1502 1109 1564 1999
1121 1498 1248 1564 91199999
1260 1496 1333 1561 398.
1349 1497 1421 1560 599.

92 1580 214 1663 iugiter
226 1590 447 1647 commemorat
461 1584 647 1650 sacrificium
669 1586 772 1650 crucis
787 1586 861 1649 595.
1004 1583 1043 1647 ut
1057 1598 1119 1645 999
1135 1583 1236 1645 99999
1250 1596 1322 1663 9999
1343 1576 1529 1643 sacrificium
1557 1575 1870 1653 commemoratlnum,

93 1664 308 1728 Necessarium
324 1673 372 1727 est
385 1667 424 1727 99
438 1667 623 1747 religionem
645 1670 903 1743 constituendam,
920 1665 961 1731 99
1047 1663 1104 1727 999
1119 1678 1225 1726 aarum
1241 1669 1272 1724 et
1287 1662 1444 1741 proprium
1460 1658 1533 1721 512.
1550 1657 1623 1721 513.

135 1746 234 1807 ileum
257 1745 341 1808 cultu
356 1762 515 1827 supremo,
530 1749 616 1813 991119
642 1751 701 1813 soli
727 1750 834 1813 debito
859 1750 957 1812 hono·
1005 1746 1118 1810 1199999
1132 1743 1316 1808 sacrificium
1331 1741 1455 1821 proprie
1471 1740 1611 1837 dictum,
1635 1735 1730 1801 debet
1754 1738 1875 1835 esseio

137 1827 282 1896 randum,
299 1833 330 1889 99
344 1832 381 1888 99
397 1828 581 1894 saeridcium
595 1833 697 1894 crucis
718 1847 962 1896 commemorant·
1048 1826 1185 1889 Ecclesia
1197 1825 1307 1889 iisdem
1323 1825 1363 1887 de
1377 1822 1626 1901 commaculans
1637 1819 1769 1882 lichraer
1781 1836 1874 1883 sacra·

136 1908 210 1970 dum
222 1908 296 1970 5191.
314 1908 387 1972 593.
409 1910 486 1973 tul.
579 1937 586 1950 ·
1049 1907 1153 1971 licium
1168 1906 1292 1987 proprie
1307 1905 1421 1969 dictum
1439 1900 1769 1967 conclamandam.

93 1988 208 2051 1119999
222 1989 409 2054 saorillclum
432 1992 544 2055 dicitur
572 1993 765 2067 immolatio,
790 2010 853 2058 non
880 1991 962 2073 quod
1006 1990 1119 2054 lllssae
1133 1987 1317 2053 sacriilcium
1333 1986 1503 2051 olicrlurin
1520 2000 1653 2065 persona
1669 1983 1779 2047 christi
1801 1982 1874 2047 525.

138 2073 265 2150 proprie
281 2087 366 2135 9999
381 2073 557 2136 immoletur
571 2073 722 2149 Christus,
749 2076 805 2138 sed
821 2076 893 2156 quia
916 2080 964 2139 991
1049 2070 1122 2133 532
1572 2145 1580 2162 ,
1811 2102 1813 2107 -
1836 2149 1843 2163 .

137 2157 382 2231 repraesentatio
397 2155 627 2231 immutationis,
642 2158 692 2220 rel
719 2159 791 2236 quin
813 2158 907 2219 habet
922 2157 965 2219 cl·
1007 2153 1121 2217 1199999
1136 2151 1320 2215 9999999999
1336 2149 1464 2215 oilertur
1478 2166 1494 2214 9
1511 2148 1643 2225 cnnsto,
1660 2146 1699 2209 ab
1725 2144 1876 2223 licclcsta,

140 2235 256 2295 tectum
271 2235 417 2306 9991199.
433 2254 505 2299 999
519 2236 586 2317 ipsa
600 2254 671 2302 nera
688 2247 719 2302 99
746 2240 822 2301 reali
851 2238 965 2303 Christi
1051 2240 1081 2297 99
1096 2251 1112 2296 9
1129 2234 1283 2309 ministro,
1299 2234 1353 2296 sed
1372 2248 1433 2296 non
1450 2233 1558 2295 99999
1583 2230 1685 2292 modo:
1702 2228 1774 2291 liam
1791 2229 1876 2293 Chri·

142 2316 302 2378 occisione
317 2314 389 2379 599.
405 2316 478 2381 519.
1050 2321 1117 2380 9999
1131 2314 1221 2380 alleri
1234 2321 1269 2377 ul
1282 2314 1445 2394 primarius
1460 2312 1605 2377 99999999
1619 2358 1627 2382 ,
1643 2310 1695 2388 qui
1712 2310 1801 2373 ollert
1822 2329 1878 2389 por

97 2396 137 2457 ln
153 2397 249 2458 missa
265 2395 404 2461 christus
419 2415 480 2461 non
494 2400 631 2477 moritur,
648 2401 709 2465 nisi
725 2402 757 2464 in
772 2406 965 2467 sacramento
1051 2398 1242 2461 sacerdotem
1258 2397 1428 2464 hominem.
1445 2400 1477 2457 ul
1499 2410 1554 2472 per
1579 2408 1669 2455 suum
1692 2392 1876 2455 ministrum.

143 2492 202 2539 seu
215 2478 248 2539 io
263 2480 354 2557 signo
365 2490 619 2561 repraesentante
634 2485 757 2548 unicam
771 2484 856 2549 iliam
885 2500 966 2547 mor·
1051 2481 1094 2541 lh
1110 2479 1252 2543 Ecclesia
1268 2484 1370 2541 autem
1385 2474 1881 2549 91199199999999999999991991

142 2564 206 2621 tem
221 2576 314 2637 quam
326 2560 491 2639 aliquando
508 2562 585 2625 ohiit
598 2563 672 2626 529.
1052 2562 1258 2633 999999919199,
1275 2566 1306 2623 99
1320 2561 1350 2621 hi
1367 2565 1439 2623 9999
1453 2559 1612 2631 ahsentcs,
1629 2561 1696 2619 actu
1727 2562 1757 2618 99
1769 2556 1881 2620 9999919

96 2640 134 2702 99
150 2641 244 2702 missa
260 2650 530 2718 repraesentamus
546 2648 725 2711 memoriam
748 2652 778 2711 et
792 2645 968 2709 similitudi·
1050 2642 1209 2706 desiderio
1225 2641 1395 2716 alienando,
1412 2646 1442 2702 99
1457 2644 1529 2702 9999
1544 2642 1737 2717 praesentes,
1753 2654 1878 2703 caussa·

144 2737 217 2783 nem
229 2727 378 2785 cruentae
394 2724 613 2790 immutationis
628 2725 740 2791 christi
756 2730 853 2791 iactae
868 2730 968 2791 99999
1054 2724 1124 2787 19999
1135 2722 1295 2794 iubendo,
1312 2730 1342 2785 el
1357 2723 1492 2803 rogando
1508 2725 1540 2783 ut
1555 2718 1723 2797 olieratur;
1739 2725 1770 2782 el
1791 2720 1879 2782 mini·

142 2810 259 2864 tantum
271 2819 356 2879 rere,
374 2812 405 2868 99
425 2807 550 2885 proprie
565 2812 596 2870 in
613 2825 664 2871 ara
679 2811 781 2874 crucis
796 2810 828 2871 io
844 2811 968 2889 propria
1055 2804 1249 2869 steriaiitera
1266 2803 1427 2877 ministro,
1444 2802 1496 2947 qim
1512 2800 1602 2864 991999
1615 2806 1649 2863 99
1662 2800 1809 2864 99999999
1829 2817 1881 2865 99·

144 2886 264 2963 specim
286 2900 367 2965 quac
382 2894 623 2966 repraesentatio
652 2906 713 2953 non
736 2890 876 2970 impedit,
907 2906 968 2970 quo
1056 2902 1123 2963 rus,
1139 2901 1195 2948 seu
1211 2884 1451 2948 ministerialisd
1472 2884 1506 2947 9.
1521 2883 1595 2945 532.

143 2965 248 3027 99999
265 2966 297 3027 in
312 2967 407 3029 missa
423 2968 567 3031 alienatur
582 2986 686 3033 nerum
702 2980 732 3035 et
747 2974 905 3052 proprium
921 2989 970 3035 sa·
1011 2966 1123 3030 llissae
1138 2966 1322 3029 sacritlcium
1339 2967 1431 3030 hahet
1451 2972 1581 3046 quatuor
1602 2962 1797 3027 conditiones
1819 2964 1882 3028 reri

143 3045 295 3110 criiicium
308 3047 381 3111 5193.
398 3048 470 3112 sut.
486 3050 558 3114 5999.
575 3051 647 3114 519.
663 3052 827 3117 1999331.
843 3053 916 3116 342.
1011 3048 1015 3055 ’
1056 3046 1199 3111 sacrificii
1214 3046 1289 3110 5193.
1305 3047 1377 3111 504.

98 3127 216 3190 1119999
230 3129 418 3193 9999999999
431 3147 494 3196 999
507 3139 556 3195 999
566 3149 643 3196 nona
657 3134 846 3198 'testamenti
858 3133 972 3198 christi
1014 3128 1415 3210 llissacsucridctumquam
1424 3125 1674 3209 coniunctionem
1686 3126 1798 3192 habeat
1809 3144 1880 3192 cum

144 3211 309 3288 institutio,
326 3214 382 3274 sed
397 3218 445 3275 est
458 3214 600 3291 repetitio
615 3215 699 3279 iltius
714 3215 868 3297 ejusdem,
883 3218 967 3295 quod
1055 3213 1138 3291 lege,
1154 3227 1211 3274 seu
1228 3211 1379 3290 religione
1392 3211 1464 3274 513.

144 3291 288 3356 Christus
303 3293 471 3371 aliquando
485 3294 568 3368 iecit,
586 3302 682 3359 elsua
698 3304 796 3361 morte
810 3297 972 3362 99911999·
1015 3291 1090 3357 Sine
1105 3294 1164 3354 hoc
1190 3292 1343 3355 sacrillcic
1368 3293 1477 3371 religio
1503 3290 1675 3355 consistere
1700 3305 1762 3354 nun
1785 3295 1886 3371 potest

142 3373 197 3446 rit,
214 3378 247 3436 et
260 3376 411 3451 apostolia
428 3375 614 3455 irequenlari
636 3379 790 3442 99999999
813 3381 845 3443 99
868 3395 967 3443 coena
1055 3373 1207 3436 5329999
1226 3372 1287 3435 513
1300 3378 1331 3436 99
1348 3389 1403 3452 per
1418 3380 1514 3435 lutum
1531 3389 1601 3450 cap.

145 3451 220 3516 493.
237 3453 311 3518 529.
328 3455 400 3518 522.
413 3457 474 3519 529
489 3457 562 3520 532.
792 3461 797 3471 ’
1016 3455 1129 3520 1199999
1145 3454 1450 3520 999999919991999
1466 3451 1683 3527 essct,oullum
1696 3458 1827 3516 restaret
1838 3469 1886 3517 aa·

99 3534 249 3598 inmissa
265 3538 473 3600 annunciatur
494 3555 578 3602 mors
599 3539 735 3616 Domini,
763 3542 821 3605 sed
849 3541 880 3606 id
909 3559 973 3606 uon
1058 3537 1206 3601 criticium
1224 3535 1346 3616 proprie
1362 3535 1476 3598 dictum
1492 3533 1523 3598 in
1537 3533 1675 3598 Ecclesia
1688 3533 1761 3596 514.

144 3621 207 3679 199
220 3617 430 3697 seminudam
444 3619 601 3684 oblatione
613 3629 644 3683 91
658 3621 893 3700 participatione
907 3639 974 3687 cor·
1016 3619 1140 3682 lltssnm
1156 3635 1227 3682 esse
1242 3617 1427 3681 9999999999
1442 3663 1450 3690 ,
1466 3617 1552 3679 orhis
1567 3621 1666 3678 terrae
1681 3613 1822 3709 credidit,
1846 3615 1887 3678 ah

145 3699 232 3775 poris
247 3699 370 3761 1999991
386 3700 562 3765 199999999
578 3703 710 3768 999599.
727 3704 800 3768 5193.
815 3705 887 3770 591.
900 3705 974 3770 525.
1059 3701 1150 3763 annis
1168 3706 1201 3762 ut
1215 3700 1375 3762 minimum
1391 3698 1475 3762 mille
1486 3699 1577 3763 etiam
1590 3698 1831 3760 aduersariorum
1844 3702 1889 3760 99·

146 3777 354 3843 54999548.
372 3780 445 3846 512.
831 3806 835 3812 ·
1030 3857 1032 3860 ,
1061 3782 1207 3844 91999999
1223 3781 1295 3844 513.
1309 3781 1382 3844 511.

98 3859 219 3922 1119999
230 3860 418 3925 9999999999
433 3867 482 3926 999
491 3863 606 3927 oblatio
617 3864 832 3931 Eucharistiae
844 3885 881 3931 99
893 3885 976 3945 pauc
1018 3865 1131 3927 9199999
1145 3863 1287 3926 9999999999
1304 3862 1507 3926 substautiaa
1530 3861 1651 3925 Christo
1677 3859 1812 3924 instituta
1835 3860 1889 3924 de·
1966 3904 1976 3925 .

146 3947 179 4004 et
193 3943 265 4004 rino
290 3944 442 4017 coniecta,
470 3953 501 4007 et
515 3962 624 4009 caussa
654 3946 747 4018 huius
768 3949 911 4013 sacriilcli
928 3956 976 4013 est
1062 3951 1249 4008 monstratur
1263 3943 1338 4010 522.
1354 3945 1430 4007 9999
1446 3944 1519 4007 494.
1536 3943 1609 4006 5191.

147 4024 297 4167 ingloria
313 4025 471 4104 passionis
500 4027 621 4091 liomini
647 4034 679 4092 99
699 4035 866 4110 gratiarum
895 4033 975 4094 actio
1020 4027 1270 4170 lpcsllolierituffi
1273 4025 1472 4170 [clraltiegnarnnndiu
1476 4025 1670 4170 91919989ἒέἓὲὲί
1672 4029 1889 4172 eehassnrtagoenrsg

214 4149 223 4168 .
1061 4125 1159 4170 ramo
1182 4125 1212 4170 9
1304 4125 1334 4170 nn
1420 4155 1427 4182 ,
1475 4125 1491 4170 a
1877 4141 1890 4156 ·

100 4186 272 4249 Primarius
286 4185 359 4249 llnis
370 4187 465 4262 hujus
477 4189 609 4253 actionis
624 4198 654 4255 et
665 4191 808 4255 sacriticii
821 4193 976 4256 esllleum
1062 4191 1203 4264 crationi,
1221 4191 1313 4252 multa
1330 4188 1388 4251 alia
1404 4125 1589 4253 adldiderunt
1603 4186 1676 4251 523.
1692 4185 1765 4249 524.

146 4266 327 4330 immediate
342 4269 450 4331 colere
465 4272 608 4334 991999199
623 4273 681 4335 soti
707 4273 813 4336 dehita
830 4321 838 4349 ,
862 4291 976 4353 nempe
1023 4269 1068 4332 hd
1085 4269 1301 4345 imperatorem
1317 4285 1380 4332 non
1406 4269 1539 4349 pertinet
1565 4271 1654 4348 leges
1675 4267 1755 4332 lerrc
1777 4269 1817 4332 dc
1832 4269 1892 4336 ritu

147 4349 342 4414 9999999511.
359 4349 432 4412 348.
452 4351 524 4415 591.
549 4352 621 4415 598.
649 4354 835 4417 sacrificium
861 4357 977 4418 missac
1063 4351 1256 4414 99999999999
1267 4351 1340 4415 549.

142 4429 214 4494 iteri
236 4433 357 4575 Ἧι,
374 4433 435 4494 nist
453 4436 543 4514 panis
558 4441 759 4499 consecretur
785 4444 816 4498 et
831 4454 977 4500 consum·
1020 4433 1099 4577 11οὲΙ
1104 4433 1286 4578 ι9999199999
1312 4431 1500 4497 9919999199
1526 4439 1576 4500 999
1599 4433 1732 4514 liturgiis
1752 4439 1892 4498 aeterum

148 4517 253 4577 matur
333 4558 341 4574 .
550 4517 558 4530 '
806 4534 810 4538 “
1127 4560 1135 4577 .
1680 4519 1692 4544 ⁶

98 4594 224 4657 1999999
236 4593 423 4656 9999999999
439 4600 486 4657 991
500 4611 605 4658 rerum
621 4602 651 4658 et
665 4599 909 4679 propriumquia
926 4616 977 4663 re·
1020 4596 1133 4660 llissaa
1148 4597 1344 4670 9999999999,
1360 4611 1466 4660 rerum
1482 4601 1542 4673 ast,
1559 4601 1589 4660 et
1603 4601 1705 4658 tamen
1722 4611 1783 4659 uon
1799 4596 1895 4680 erigit

147 4693 217 4738 rum
233 4672 421 4739 sacrificium
435 4676 489 4739 icit
505 4677 629 4757 quando
644 4678 793 4742 Dominus
808 4696 842 4741 se
859 4681 927 4758 ipse
944 4683 976 4746 iu
1063 4679 1184 4742 hostiae
1199 4679 1386 4742 occisionem
1399 4678 1472 4740 529.
1595 4753 1599 4758 ¹
1833 4683 1835 4688 '

148 4759 256 4819 ultima
272 4771 370 4819 99999
386 4757 445 4818 suh
461 4759 567 4835 specie
579 4759 669 4837 panis
684 4764 715 4821 el
729 4759 790 4822 nini
812 4759 877 4822 ilco
898 4763 976 4826 Patri
1023 4757 1056 4820 in
1073 4760 1166 4822 missa
1182 4759 1307 4822 91999999
1322 4761 1446 4840 quidem
1463 4757 1625 4832 chrislus,
1641 4759 1693 4838 qui
1709 4765 1758 4823 999
1777 4775 1830 4823 999
1848 4759 1891 4823 91·

146 4838 307 4914 obtottt‚et
320 4837 455 4915 idipsum
467 4839 639 4911 iussttderi
666 4843 706 4902 ah
720 4843 868 4918 apostolis
883 4849 914 4904 et
925 4859 977 4905 an·
1063 4856 1151 4911 nens,
1167 4848 1198 4903 et
1213 4839 1340 4904 clicrtur
1353 4840 1386 4904 in
1402 4841 1497 4902 lorma
1511 4841 1557 4903 rai
1572 4839 1720 4915 99999199,
1737 4847 1891 4920 quantum

148 4935 219 4982 rum
234 4919 485 4992 successorihus,
500 4935 600 4996 uscue
615 4922 652 4983 99
664 4923 770 4985 99999
783 4939 977 4987 consumma·
1062 4922 1101 4982 ad
1113 4921 1496 5002 repmcsantationcmubl
1512 4921 1612 4988 solum
1628 4923 1796 5000 requiritur
1808 4940 1891 4988 mors

150 5002 270 5063 tionem
283 4998 442 5063 5999518.
455 5001 528 5065 521.
544 5002 616 5078 532.
1065 5007 1303 5080 repraesentato,
1321 5019 1382 5066 non
1408 5009 1510 5066 autem
1536 5019 1620 5067 mors
1644 5004 1758 5082 reipsar
1781 5005 1894 5070 99991

100 5082 227 5147 liissac
241 5079 429 5144 sacrificium
444 5082 590 5161 probatur
604 5097 708 5146 rerum
724 5088 755 5144 el
769 5085 926 5164 proprium
941 5103 979 5149 ex
1066 5088 1114 5146 est
1126 5085 1211 5146 reale
1226 5089 1257 5146 el
1271 5085 1394 5163 proprie
1409 5083 1668 5152 dictumoil'crtur
1682 5086 1713 5148 in
1730 5087 1826 5150 lorma
1839 5103 1893 5166 pa·

151 5159 508 5243 attentissimusque
529 5163 568 5226 ad
592 5163 687 5226 linem
712 5180 781 5244 cap.
808 5165 881 5230 511.
904 5167 979 5230 9999
1065 5163 1114 5226 nis
1129 5165 1247 5240 etvini,
1260 5165 1343 5236 iuxta
1359 5167 1499 5228 ordinem
1511 5165 1754 5248 Melchisedech,
1778 5174 1808 5231 et
1823 5185 1892 5248 pro·

152 5243 228 5306 525.
444 5242 450 5251 ”
1066 5245 1621 5312 99999919999999999999999999.
1698 5307 1706 5318 .

102 5326 228 5389 missac
242 5323 428 5389 sacrificium
444 5323 561 5387 licitum
576 5323 702 5388 9991999
716 5323 827 5391 9119999
841 5327 918 5392 99999
931 5344 978 5392 sa·
1023 5323 1061 5386 19
1075 5327 1189 5390 999999
1204 5327 1356 5391 999999999
1371 5329 1545 5392 9991999999
1560 5330 1621 5394 9199
1642 5335 1744 5410 potest
1765 5333 1893 5414 sanguia

153 5406 337 5470 cerdatihus
352 5405 425 5468 5191.
1067 5407 1178 5471 Christi
1193 5410 1252 5472 suh
1267 5411 1374 5489 specie
1388 5410 1449 5474 riui
1463 5410 1573 5488 laudi,
1599 5413 1673 5476 dum
1699 5412 1836 5490 olierlur,
1861 5421 1893 5480 cl

101 5487 212 5566 atquc
226 5487 287 5550 hoc
298 5485 499 5562 sacrillcium,
512 5487 593 5567 qnod
609 5485 641 5548 in
656 5487 822 5552 Ecclesiae
838 5491 980 5554 sacerdo·
1066 5491 1198 5552 donatur
1211 5492 1275 5555 1999
1290 5492 1321 5554 99
1337 5491 1521 5555 sacrificium
1537 5491 1618 5557 9999.
1635 5489 1708 5558 1999
1724 5493 1798 5558 502.

149 5567 238 5632 tihus
253 5568 457 5644 nitentur,non
473 5573 521 5630 est
535 5568 600 5646 ipsa
613 5570 806 5632 consecratio
817 5570 979 5650 aldispcn·
1025 5567 1085 5632 1999
1099 5585 1186 5633 99999
1202 5588 1282 5652 quae
1296 5572 1362 5637 1999
1377 5573 1504 5638 ollertur
1517 5575 1555 5636 ad
1584 5591 1686 5639 reram
1701 5623 1710 5652 ,
1725 5577 1841 5642 realem
1862 5583 1895 5642 91

148 5651 229 5716 satio
240 5650 563 5726 Eucharistiae,utcst
575 5653 726 5729 quaedam
740 5650 820 5717 actia
833 5667 921 5716 sacra
942 5653 980 5718 ad
1067 5657 1222 5720 externam
1251 5657 1450 5721 mutationem
1480 5661 1512 5720 99
1526 5657 1794 5740 consumptionem
1809 5657 1891 5725 ordi·
