<?xml version="1.0" encoding="UTF-8"?>
<!DOCTYPE html PUBLIC "-//W3C//DTD XHTML 1.0 Transitional//EN"
    "http://www.w3.org/TR/xhtml1/DTD/xhtml1-transitional.dtd">
<html xmlns="http://www.w3.org/1999/xhtml" xml:lang="en" lang="en">
 <head>
  <title>
</title>
<meta http-equiv="Content-Type" content="text/html;charset=utf-8" />
  <meta name='ocr-system' content='tesseract 3.04.00' />
  <meta name='ocr-capabilities' content='ocr_page ocr_carea ocr_par ocr_line ocrx_word'/>
</head>
<body>
  <div class='ocr_page' id='page_1' title='image "./operaomnia03unkngoog/operaomnia03unkngoog_0973.png"; bbox 0 0 4084 6275; ppageno 0'>
   <div class='ocr_carea' id='block_1_1' title="bbox 944 312 1844 384">
    <p class='ocr_par' dir='ltr' id='par_1_1' title="bbox 944 312 1844 384">
     <span class='ocr_line' id='line_1_1' title="bbox 944 312 1844 384; baseline -0.01 0"><span class='ocrx_word' id='word_1_1' title='bbox 944 323 1051 384; x_wconf 80' lang='lat' dir='ltr'><strong>thutttt</strong></span> <span class='ocrx_word' id='word_1_2' title='bbox 1789 312 1844 375; x_wconf 78' lang='lat' dir='ltr'><strong>tut</strong></span> 
     </span>
    </p>
   </div>
   <div class='ocr_carea' id='block_1_2' title="bbox 18 437 1959 4661">
    <p class='ocr_par' dir='ltr' id='par_1_2' title="bbox 19 437 1959 693">
     <span class='ocr_line' id='line_1_2' title="bbox 19 437 1880 543; baseline -0.006 -15"><span class='ocrx_word' id='word_1_3' title='bbox 19 451 23 528; x_wconf 75' lang='grc' dir='ltr'>ζ</span> <span class='ocrx_word' id='word_1_4' title='bbox 139 467 224 525; x_wconf 90' lang='lat' dir='ltr'><strong>retur</strong></span> <span class='ocrx_word' id='word_1_5' title='bbox 237 458 385 525; x_wconf 82' lang='lat' dir='ltr'><strong>auxilinm</strong></span> <span class='ocrx_word' id='word_1_6' title='bbox 399 454 556 533; x_wconf 89' lang='grc'><strong>3434333,</strong></span> <span class='ocrx_word' id='word_1_7' title='bbox 571 456 619 521; x_wconf 92' lang='grc'><strong>334</strong></span> <span class='ocrx_word' id='word_1_8' title='bbox 637 471 699 520; x_wconf 90' lang='grc'><strong>333</strong></span> <span class='ocrx_word' id='word_1_9' title='bbox 714 454 858 537; x_wconf 88' lang='lat' dir='ltr'><strong>impetret</strong></span> <span class='ocrx_word' id='word_1_10' title='bbox 873 458 968 521; x_wconf 87' lang='lat' dir='ltr'><strong>huuc·</strong></span> <span class='ocrx_word' id='word_1_11' title='bbox 1054 462 1221 529; x_wconf 77' lang='lat' dir='ltr'><strong>numquam</strong></span> <span class='ocrx_word' id='word_1_12' title='bbox 1233 460 1327 529; x_wconf 88' lang='lat' dir='ltr'><strong>posse</strong></span> <span class='ocrx_word' id='word_1_13' title='bbox 1342 437 1408 511; x_wconf 87' lang='lat' dir='ltr'><strong>Deo</strong></span> <span class='ocrx_word' id='word_1_14' title='bbox 1419 444 1605 513; x_wconf 88' lang='lat' dir='ltr'><strong>sacrlilclnm</strong></span> <span class='ocrx_word' id='word_1_15' title='bbox 1619 444 1735 543; x_wconf 77' lang='grc'><strong>333334.</strong></span> <span class='ocrx_word' id='word_1_16' title='bbox 1755 446 1880 526; x_wconf 82' lang='lat' dir='ltr'><strong>qnando</strong></span> 
     </span>
     <span class='ocr_line' id='line_1_3' title="bbox 19 528 1879 620; baseline -0.008 -15"><span class='ocrx_word' id='word_1_17' title='bbox 19 537 23 549; x_wconf 87' lang='grc'><strong>“</strong></span> <span class='ocrx_word' id='word_1_18' title='bbox 136 538 497 620; x_wconf 84' lang='grc'><strong>334343333334434443.</strong></span> <span class='ocrx_word' id='word_1_19' title='bbox 825 562 854 608; x_wconf 63' lang='grc' dir='ltr'><em>ῃ</em></span> <span class='ocrx_word' id='word_1_20' title='bbox 1041 528 1879 608; x_wconf 79' lang='grc' dir='ltr'><strong>Ι334443333343343333334333334434,33333333</strong></span> 
     </span>
     <span class='ocr_line' id='line_1_4' title="bbox 1053 611 1959 693; baseline -0.004 -17"><span class='ocrx_word' id='word_1_21' title='bbox 1053 618 1232 693; x_wconf 80' lang='lat' dir='ltr'><strong>argumenta</strong></span> <span class='ocrx_word' id='word_1_22' title='bbox 1256 611 1504 675; x_wconf 87' lang='grc'><strong>334333433544.</strong></span> <span class='ocrx_word' id='word_1_23' title='bbox 1535 618 1565 674; x_wconf 91' lang='grc'><strong>34</strong></span> <span class='ocrx_word' id='word_1_24' title='bbox 1594 611 1741 689; x_wconf 88' lang='lat' dir='ltr'><strong>probatur</strong></span> <span class='ocrx_word' id='word_1_25' title='bbox 1766 611 1879 673; x_wconf 88' lang='lat' dir='ltr'><strong>dictam</strong></span> <span class='ocrx_word' id='word_1_26' title='bbox 1953 624 1959 634; x_wconf 91' lang='lat'>·</span> 
     </span>
    </p>

    <p class='ocr_par' dir='ltr' id='par_1_3' title="bbox 202 691 1879 932">
     <span class='ocr_line' id='line_1_5' title="bbox 202 691 1856 783; baseline -0.01 -13"><span class='ocrx_word' id='word_1_27' title='bbox 202 710 318 773; x_wconf 87' lang='grc'><strong>4443333</strong></span> <span class='ocrx_word' id='word_1_28' title='bbox 330 705 535 783; x_wconf 67' lang='lat' dir='ltr'><strong>sacrificinm</strong></span> <span class='ocrx_word' id='word_1_29' title='bbox 547 720 608 783; x_wconf 83' lang='lat' dir='ltr'><strong>pro</strong></span> <span class='ocrx_word' id='word_1_30' title='bbox 624 704 743 783; x_wconf 82' lang='grc'><strong>334433</strong></span> <span class='ocrx_word' id='word_1_31' title='bbox 754 701 863 783; x_wconf 67' lang='lat' dir='ltr'><strong>offert</strong></span> <span class='ocrx_word' id='word_1_32' title='bbox 1053 698 1180 757; x_wconf 90' lang='lat' dir='ltr'><strong>missam</strong></span> <span class='ocrx_word' id='word_1_33' title='bbox 1193 694 1337 771; x_wconf 83' lang='lat' dir='ltr'><strong>privatam</strong></span> <span class='ocrx_word' id='word_1_34' title='bbox 1353 708 1425 755; x_wconf 88' lang='grc'><strong>3333</strong></span> <span class='ocrx_word' id='word_1_35' title='bbox 1440 694 1552 755; x_wconf 89' lang='grc'><strong>4434433</strong></span> <span class='ocrx_word' id='word_1_36' title='bbox 1568 692 1639 754; x_wconf 87' lang='grc'><strong>543.</strong></span> <span class='ocrx_word' id='word_1_37' title='bbox 1653 693 1727 754; x_wconf 91' lang='lat' dir='ltr'><strong>llide</strong></span> <span class='ocrx_word' id='word_1_38' title='bbox 1739 692 1790 753; x_wconf 92' lang='grc'><strong>23.</strong></span> <span class='ocrx_word' id='word_1_39' title='bbox 1804 691 1856 753; x_wconf 90' lang='grc'><strong>24.</strong></span> 
     </span>
     <span class='ocr_line' id='line_1_6' title="bbox 394 770 1879 865; baseline -0.011 -16"><span class='ocrx_word' id='word_1_40' title='bbox 394 787 547 850; x_wconf 82' lang='grc'><strong>33433434</strong></span> <span class='ocrx_word' id='word_1_41' title='bbox 558 787 671 865; x_wconf 83' lang='lat' dir='ltr'><strong>poenit.</strong></span> <span class='ocrx_word' id='word_1_42' title='bbox 1010 777 1123 841; x_wconf 89' lang='grc'><strong>4443333</strong></span> <span class='ocrx_word' id='word_1_43' title='bbox 1138 773 1324 837; x_wconf 89' lang='lat' dir='ltr'><strong>sacritleium</strong></span> <span class='ocrx_word' id='word_1_44' title='bbox 1336 789 1373 836; x_wconf 86' lang='lat' dir='ltr'><strong>ex</strong></span> <span class='ocrx_word' id='word_1_45' title='bbox 1385 775 1477 836; x_wconf 88' lang='lat' dir='ltr'><strong>reteri</strong></span> <span class='ocrx_word' id='word_1_46' title='bbox 1488 773 1715 855; x_wconf 88' lang='lat' dir='ltr'><strong>consuetudine</strong></span> <span class='ocrx_word' id='word_1_47' title='bbox 1727 770 1879 838; x_wconf 83' lang='lat' dir='ltr'><strong>celebrari</strong></span> 
     </span>
     <span class='ocr_line' id='line_1_7' title="bbox 727 854 1878 932; baseline -0.003 -12"><span class='ocrx_word' id='word_1_48' title='bbox 727 872 732 879; x_wconf 83' lang='lat'><strong>·</strong></span> <span class='ocrx_word' id='word_1_49' title='bbox 1053 859 1179 920; x_wconf 87' lang='lat' dir='ltr'><strong>solitum</strong></span> <span class='ocrx_word' id='word_1_50' title='bbox 1201 857 1269 917; x_wconf 90' lang='lat' dir='ltr'><strong>stne</strong></span> <span class='ocrx_word' id='word_1_51' title='bbox 1285 858 1504 917; x_wconf 88' lang='lat' dir='ltr'><strong>communione</strong></span> <span class='ocrx_word' id='word_1_52' title='bbox 1526 856 1672 930; x_wconf 86' lang='lat' dir='ltr'><strong>alicujus,</strong></span> <span class='ocrx_word' id='word_1_53' title='bbox 1697 856 1745 915; x_wconf 83' lang='lat' dir='ltr'><strong>vet</strong></span> <span class='ocrx_word' id='word_1_54' title='bbox 1762 854 1878 932; x_wconf 87' lang='lat' dir='ltr'><strong>aliquo·</strong></span> 
     </span>
    </p>

    <p class='ocr_par' dir='ltr' id='par_1_4' title="bbox 95 934 1764 1017">
     <span class='ocr_line' id='line_1_8' title="bbox 95 934 1764 1017; baseline -0.007 -9"><span class='ocrx_word' id='word_1_55' title='bbox 95 946 212 1008; x_wconf 77' lang='lat' dir='ltr'><strong>Missae</strong></span> <span class='ocrx_word' id='word_1_56' title='bbox 227 939 413 1015; x_wconf 83' lang='lat' dir='ltr'><strong>saerillcinm</strong></span> <span class='ocrx_word' id='word_1_57' title='bbox 428 943 547 999; x_wconf 90' lang='lat' dir='ltr'><strong>certum</strong></span> <span class='ocrx_word' id='word_1_58' title='bbox 561 934 666 997; x_wconf 83' lang='grc'><strong>3443334</strong></span> <span class='ocrx_word' id='word_1_59' title='bbox 681 951 775 1014; x_wconf 89' lang='lat' dir='ltr'><strong>posse</strong></span> <span class='ocrx_word' id='word_1_60' title='bbox 790 951 847 1015; x_wconf 89' lang='lat' dir='ltr'><strong>pro</strong></span> <span class='ocrx_word' id='word_1_61' title='bbox 862 934 965 1014; x_wconf 87' lang='grc'><strong>443331</strong></span> <span class='ocrx_word' id='word_1_62' title='bbox 1052 956 1120 1001; x_wconf 89' lang='lat' dir='ltr'><strong>rum</strong></span> <span class='ocrx_word' id='word_1_63' title='bbox 1136 946 1259 1017; x_wconf 89' lang='lat' dir='ltr'><strong>praeter</strong></span> <span class='ocrx_word' id='word_1_64' title='bbox 1274 938 1375 1015; x_wconf 89' lang='lat' dir='ltr'><strong>ipsum</strong></span> <span class='ocrx_word' id='word_1_65' title='bbox 1392 937 1585 1001; x_wconf 76' lang='lat' dir='ltr'>sacerdotem</span> <span class='ocrx_word' id='word_1_66' title='bbox 1603 937 1675 998; x_wconf 88' lang='grc'><strong>543.</strong></span> <span class='ocrx_word' id='word_1_67' title='bbox 1689 935 1764 999; x_wconf 88' lang='grc'><strong>545.</strong></span> 
     </span>
    </p>

    <p class='ocr_par' dir='ltr' id='par_1_5' title="bbox 19 1016 1877 1259">
     <span class='ocr_line' id='line_1_9' title="bbox 140 1016 1877 1087; baseline -0.006 0"><span class='ocrx_word' id='word_1_68' title='bbox 140 1032 213 1087; x_wconf 88' lang='grc'><strong>3334</strong></span> <span class='ocrx_word' id='word_1_69' title='bbox 228 1026 304 1083; x_wconf 88' lang='lat' dir='ltr'><strong>intra</strong></span> <span class='ocrx_word' id='word_1_70' title='bbox 320 1020 491 1082; x_wconf 84' lang='lat' dir='ltr'><strong>ilcclesiam</strong></span> <span class='ocrx_word' id='word_1_71' title='bbox 512 1017 587 1079; x_wconf 89' lang='grc'><strong>533.</strong></span> <span class='ocrx_word' id='word_1_72' title='bbox 603 1018 677 1080; x_wconf 85' lang='grc'><strong>534.</strong></span> <span class='ocrx_word' id='word_1_73' title='bbox 705 1032 714 1043; x_wconf 78' lang='lat'><strong><em>‘</em></strong></span> <span class='ocrx_word' id='word_1_74' title='bbox 889 1051 892 1054; x_wconf 73' lang='lat'><strong>,</strong></span> <span class='ocrx_word' id='word_1_75' title='bbox 1010 1020 1056 1084; x_wconf 90' lang='lat' dir='ltr'><strong>Do</strong></span> <span class='ocrx_word' id='word_1_76' title='bbox 1072 1022 1183 1081; x_wconf 88' lang='lat' dir='ltr'><strong>missae</strong></span> <span class='ocrx_word' id='word_1_77' title='bbox 1198 1016 1339 1079; x_wconf 85' lang='lat' dir='ltr'><strong>sacrificii</strong></span> <span class='ocrx_word' id='word_1_78' title='bbox 1350 1018 1484 1080; x_wconf 76' lang='lat' dir='ltr'>essentia</span> <span class='ocrx_word' id='word_1_79' title='bbox 1498 1025 1543 1079; x_wconf 87' lang='lat' dir='ltr'><strong>est</strong></span> <span class='ocrx_word' id='word_1_80' title='bbox 1556 1018 1787 1079; x_wconf 86' lang='lat' dir='ltr'><strong>consecratioet</strong></span> <span class='ocrx_word' id='word_1_81' title='bbox 1803 1030 1877 1076; x_wconf 88' lang='lat' dir='ltr'><strong>eorr-</strong></span> 
     </span>
     <span class='ocr_line' id='line_1_10' title="bbox 96 1096 1874 1182; baseline -0.006 -13"><span class='ocrx_word' id='word_1_82' title='bbox 96 1106 208 1170; x_wconf 87' lang='lat' dir='ltr'><strong>Ollcrrl</strong></span> <span class='ocrx_word' id='word_1_83' title='bbox 224 1106 317 1166; x_wconf 87' lang='lat' dir='ltr'><strong>etiam</strong></span> <span class='ocrx_word' id='word_1_84' title='bbox 329 1106 433 1182; x_wconf 92' lang='lat' dir='ltr'><strong>potest</strong></span> <span class='ocrx_word' id='word_1_85' title='bbox 447 1100 599 1161; x_wconf 71' lang='lat' dir='ltr'><strong>indirecte</strong></span> <span class='ocrx_word' id='word_1_86' title='bbox 611 1115 666 1179; x_wconf 94' lang='lat' dir='ltr'><strong>pro</strong></span> <span class='ocrx_word' id='word_1_87' title='bbox 681 1098 720 1159; x_wconf 88' lang='grc'><strong>443</strong></span> <span class='ocrx_word' id='word_1_88' title='bbox 734 1096 794 1176; x_wconf 87' lang='grc'><strong>331.</strong></span> <span class='ocrx_word' id='word_1_89' title='bbox 812 1104 886 1161; x_wconf 90' lang='grc'><strong>3334</strong></span> <span class='ocrx_word' id='word_1_90' title='bbox 914 1112 967 1159; x_wconf 88' lang='lat' dir='ltr'><strong>err·</strong></span> <span class='ocrx_word' id='word_1_91' title='bbox 1051 1101 1226 1169; x_wconf 86' lang='lat' dir='ltr'><strong>summatio,</strong></span> <span class='ocrx_word' id='word_1_92' title='bbox 1240 1108 1270 1160; x_wconf 92' lang='lat' dir='ltr'><strong>at</strong></span> <span class='ocrx_word' id='word_1_93' title='bbox 1284 1100 1474 1175; x_wconf 75' lang='lat' dir='ltr'><strong>dispensatio</strong></span> <span class='ocrx_word' id='word_1_94' title='bbox 1491 1114 1549 1162; x_wconf 88' lang='lat' dir='ltr'><strong>nee</strong></span> <span class='ocrx_word' id='word_1_95' title='bbox 1575 1110 1623 1161; x_wconf 90' lang='lat' dir='ltr'><strong>est</strong></span> <span class='ocrx_word' id='word_1_96' title='bbox 1648 1101 1687 1160; x_wconf 93' lang='grc'><strong>33</strong></span> <span class='ocrx_word' id='word_1_97' title='bbox 1716 1099 1874 1174; x_wconf 76' lang='lat' dir='ltr'><strong>essentia,</strong></span> 
     </span>
     <span class='ocr_line' id='line_1_11' title="bbox 19 1178 1876 1259; baseline -0.004 -12"><span class='ocrx_word' id='word_1_98' title='bbox 19 1191 20 1202; x_wconf 59' lang='lat'>¹</span> <span class='ocrx_word' id='word_1_99' title='bbox 140 1195 184 1247; x_wconf 93' lang='lat' dir='ltr'><strong>tra</strong></span> <span class='ocrx_word' id='word_1_100' title='bbox 197 1185 370 1247; x_wconf 85' lang='lat' dir='ltr'><strong>licolesiem</strong></span> <span class='ocrx_word' id='word_1_101' title='bbox 385 1180 457 1244; x_wconf 92' lang='grc'><strong>533.</strong></span> <span class='ocrx_word' id='word_1_102' title='bbox 473 1178 548 1243; x_wconf 89' lang='grc'><strong>534.</strong></span> <span class='ocrx_word' id='word_1_103' title='bbox 563 1186 595 1241; x_wconf 90' lang='grc'><strong>34</strong></span> <span class='ocrx_word' id='word_1_104' title='bbox 610 1182 792 1256; x_wconf 84' lang='lat' dir='ltr'><strong>praesertim</strong></span> <span class='ocrx_word' id='word_1_105' title='bbox 813 1182 964 1259; x_wconf 77' lang='lat' dir='ltr'><strong>protegi·</strong></span> <span class='ocrx_word' id='word_1_106' title='bbox 1052 1183 1162 1245; x_wconf 89' lang='lat' dir='ltr'><strong>accde</strong></span> <span class='ocrx_word' id='word_1_107' title='bbox 1179 1180 1436 1259; x_wconf 78' lang='grc'><strong>4343334343333</strong></span> <span class='ocrx_word' id='word_1_108' title='bbox 1448 1182 1553 1244; x_wconf 89' lang='lat' dir='ltr'><strong>solum</strong></span> <span class='ocrx_word' id='word_1_109' title='bbox 1575 1196 1634 1243; x_wconf 91' lang='lat' dir='ltr'><strong>suo</strong></span> <span class='ocrx_word' id='word_1_110' title='bbox 1656 1182 1726 1243; x_wconf 88' lang='lat' dir='ltr'><strong>loco</strong></span> <span class='ocrx_word' id='word_1_111' title='bbox 1755 1187 1785 1242; x_wconf 93' lang='lat' dir='ltr'><strong>et</strong></span> <span class='ocrx_word' id='word_1_112' title='bbox 1801 1185 1876 1242; x_wconf 86' lang='lat' dir='ltr'><strong>tern-</strong></span> 
     </span>
    </p>

    <p class='ocr_par' dir='ltr' id='par_1_6' title="bbox 137 1255 1452 1345">
     <span class='ocr_line' id='line_1_12' title="bbox 137 1255 1452 1345; baseline -0.005 -15"><span class='ocrx_word' id='word_1_113' title='bbox 137 1269 198 1330; x_wconf 90' lang='lat' dir='ltr'><strong>hus</strong></span> <span class='ocrx_word' id='word_1_114' title='bbox 214 1266 355 1345; x_wconf 72' lang='lat' dir='ltr'><strong>paganis,</strong></span> <span class='ocrx_word' id='word_1_115' title='bbox 372 1268 437 1326; x_wconf 87' lang='lat' dir='ltr'><strong>stre</strong></span> <span class='ocrx_word' id='word_1_116' title='bbox 449 1262 586 1323; x_wconf 87' lang='lat' dir='ltr'><strong>ethnicis</strong></span> <span class='ocrx_word' id='word_1_117' title='bbox 600 1262 673 1323; x_wconf 90' lang='grc'><strong>535.</strong></span> <span class='ocrx_word' id='word_1_118' title='bbox 1050 1280 1127 1343; x_wconf 91' lang='grc'><strong>3333</strong></span> <span class='ocrx_word' id='word_1_119' title='bbox 1149 1260 1325 1325; x_wconf 88' lang='grc'><strong>3333333343</strong></span> <span class='ocrx_word' id='word_1_120' title='bbox 1348 1255 1421 1323; x_wconf 81' lang='grc'><strong>544.</strong></span> <span class='ocrx_word' id='word_1_121' title='bbox 1449 1286 1452 1291; x_wconf 41' lang='lat'><em>¹</em></span> 
     </span>
    </p>

    <p class='ocr_par' dir='ltr' id='par_1_7' title="bbox 19 1337 1876 1425">
     <span class='ocr_line' id='line_1_13' title="bbox 19 1337 1876 1425; baseline -0.005 -13"><span class='ocrx_word' id='word_1_122' title='bbox 19 1414 22 1424; x_wconf 75' lang='grc'><strong>,</strong></span> <span class='ocrx_word' id='word_1_123' title='bbox 94 1350 234 1423; x_wconf 83' lang='lat' dir='ltr'><strong>Quorum</strong></span> <span class='ocrx_word' id='word_1_124' title='bbox 250 1348 393 1425; x_wconf 85' lang='lat' dir='ltr'><strong>exempla</strong></span> <span class='ocrx_word' id='word_1_125' title='bbox 408 1344 561 1407; x_wconf 87' lang='lat' dir='ltr'><strong>hahentur</strong></span> <span class='ocrx_word' id='word_1_126' title='bbox 574 1343 635 1406; x_wconf 86' lang='grc'><strong>532</strong></span> <span class='ocrx_word' id='word_1_127' title='bbox 650 1344 696 1406; x_wconf 90' lang='lat' dir='ltr'><strong>od</strong></span> <span class='ocrx_word' id='word_1_128' title='bbox 710 1342 787 1404; x_wconf 87' lang='grc'><strong>534.</strong></span> <span class='ocrx_word' id='word_1_129' title='bbox 1009 1346 1047 1407; x_wconf 83' lang='lat' dir='ltr'><strong>tlt</strong></span> <span class='ocrx_word' id='word_1_130' title='bbox 1062 1345 1136 1407; x_wconf 86' lang='lat' dir='ltr'><strong>ticet</strong></span> <span class='ocrx_word' id='word_1_131' title='bbox 1151 1345 1228 1406; x_wconf 91' lang='lat' dir='ltr'><strong>haec</strong></span> <span class='ocrx_word' id='word_1_132' title='bbox 1244 1343 1435 1418; x_wconf 76' lang='lat' dir='ltr'><strong>dispensatio</strong></span> <span class='ocrx_word' id='word_1_133' title='bbox 1449 1337 1662 1405; x_wconf 77' lang='lat' dir='ltr'><strong>Eucharistiae</strong></span> <span class='ocrx_word' id='word_1_134' title='bbox 1683 1349 1754 1420; x_wconf 91' lang='lat' dir='ltr'><strong>post</strong></span> <span class='ocrx_word' id='word_1_135' title='bbox 1781 1342 1876 1403; x_wconf 86' lang='lat' dir='ltr'><strong>sacri-</strong></span> 
     </span>
    </p>

    <p class='ocr_par' dir='ltr' id='par_1_8' title="bbox 19 1422 1877 1504">
     <span class='ocr_line' id='line_1_14' title="bbox 19 1422 1877 1504; baseline -0.005 -9"><span class='ocrx_word' id='word_1_136' title='bbox 19 1433 20 1454; x_wconf 34' lang='grc'><strong>4</strong></span> <span class='ocrx_word' id='word_1_137' title='bbox 93 1432 157 1495; x_wconf 89' lang='lat' dir='ltr'><strong>Pro</strong></span> <span class='ocrx_word' id='word_1_138' title='bbox 171 1429 325 1492; x_wconf 87' lang='lat' dir='ltr'><strong>damnatis</strong></span> <span class='ocrx_word' id='word_1_139' title='bbox 339 1436 372 1489; x_wconf 91' lang='grc'><strong>34</strong></span> <span class='ocrx_word' id='word_1_140' title='bbox 384 1426 521 1504; x_wconf 82' lang='lat' dir='ltr'><strong>parvulis</strong></span> <span class='ocrx_word' id='word_1_141' title='bbox 541 1426 696 1486; x_wconf 90' lang='grc'><strong>334333443</strong></span> <span class='ocrx_word' id='word_1_142' title='bbox 720 1426 790 1485; x_wconf 91' lang='grc'><strong>3433</strong></span> <span class='ocrx_word' id='word_1_143' title='bbox 805 1423 964 1501; x_wconf 89' lang='lat' dir='ltr'><strong>Baptismo</strong></span> <span class='ocrx_word' id='word_1_144' title='bbox 1052 1426 1156 1488; x_wconf 91' lang='lat' dir='ltr'><strong>licium</strong></span> <span class='ocrx_word' id='word_1_145' title='bbox 1172 1426 1263 1488; x_wconf 89' lang='lat' dir='ltr'><strong>luerit</strong></span> <span class='ocrx_word' id='word_1_146' title='bbox 1277 1426 1308 1485; x_wconf 95' lang='lat' dir='ltr'><strong>in</strong></span> <span class='ocrx_word' id='word_1_147' title='bbox 1325 1440 1383 1485; x_wconf 91' lang='lat' dir='ltr'><strong>usu</strong></span> <span class='ocrx_word' id='word_1_148' title='bbox 1409 1422 1481 1487; x_wconf 89' lang='grc'><strong>544.</strong></span> <span class='ocrx_word' id='word_1_149' title='bbox 1509 1440 1571 1485; x_wconf 90' lang='grc'><strong>333</strong></span> <span class='ocrx_word' id='word_1_150' title='bbox 1602 1430 1705 1486; x_wconf 88' lang='lat' dir='ltr'><strong>lernen</strong></span> <span class='ocrx_word' id='word_1_151' title='bbox 1735 1425 1877 1500; x_wconf 85' lang='lat' dir='ltr'><strong>sequitur</strong></span> 
     </span>
    </p>

    <p class='ocr_par' dir='ltr' id='par_1_9' title="bbox 19 1504 1877 1751">
     <span class='ocr_line' id='line_1_15' title="bbox 19 1504 1877 1588; baseline -0.005 -14"><span class='ocrx_word' id='word_1_152' title='bbox 19 1564 22 1574; x_wconf 80' lang='grc'><strong>,</strong></span> <span class='ocrx_word' id='word_1_153' title='bbox 137 1528 200 1573; x_wconf 90' lang='grc'><strong>333</strong></span> <span class='ocrx_word' id='word_1_154' title='bbox 214 1516 314 1588; x_wconf 87' lang='grc'><strong>334334</strong></span> <span class='ocrx_word' id='word_1_155' title='bbox 329 1507 432 1571; x_wconf 88' lang='grc'><strong>3443334</strong></span> <span class='ocrx_word' id='word_1_156' title='bbox 448 1505 520 1568; x_wconf 90' lang='grc'><strong>533.</strong></span> <span class='ocrx_word' id='word_1_157' title='bbox 536 1505 609 1567; x_wconf 89' lang='grc'><strong>534.</strong></span> <span class='ocrx_word' id='word_1_158' title='bbox 625 1522 728 1582; x_wconf 90' lang='grc'><strong>33333</strong></span> <span class='ocrx_word' id='word_1_159' title='bbox 754 1522 808 1582; x_wconf 90' lang='grc'><strong>333</strong></span> <span class='ocrx_word' id='word_1_160' title='bbox 838 1521 960 1567; x_wconf 87' lang='lat' dir='ltr'><strong>excom-</strong></span> <span class='ocrx_word' id='word_1_161' title='bbox 1051 1509 1177 1569; x_wconf 87' lang='lat' dir='ltr'><strong>missam</strong></span> <span class='ocrx_word' id='word_1_162' title='bbox 1193 1508 1262 1568; x_wconf 91' lang='lat' dir='ltr'><strong>stne</strong></span> <span class='ocrx_word' id='word_1_163' title='bbox 1274 1504 1492 1567; x_wconf 90' lang='lat' dir='ltr'><strong>commuuione</strong></span> <span class='ocrx_word' id='word_1_164' title='bbox 1507 1506 1614 1583; x_wconf 92' lang='lat' dir='ltr'><strong>populi</strong></span> <span class='ocrx_word' id='word_1_165' title='bbox 1644 1521 1715 1567; x_wconf 89' lang='lat' dir='ltr'><strong>asse</strong></span> <span class='ocrx_word' id='word_1_166' title='bbox 1740 1506 1877 1567; x_wconf 89' lang='lat' dir='ltr'><strong>illicitam</strong></span> 
     </span>
     <span class='ocr_line' id='line_1_16' title="bbox 139 1586 1874 1665; baseline -0.003 -12"><span class='ocrx_word' id='word_1_167' title='bbox 139 1593 351 1660; x_wconf 83' lang='lat' dir='ltr'><strong>manicatis,et</strong></span> <span class='ocrx_word' id='word_1_168' title='bbox 361 1593 590 1665; x_wconf 74' lang='lat' dir='ltr'><strong>consequenter</strong></span> <span class='ocrx_word' id='word_1_169' title='bbox 601 1603 658 1663; x_wconf 93' lang='lat' dir='ltr'><strong>pro</strong></span> <span class='ocrx_word' id='word_1_170' title='bbox 671 1587 835 1649; x_wconf 81' lang='lat' dir='ltr'><strong>haereticis</strong></span> <span class='ocrx_word' id='word_1_171' title='bbox 848 1588 966 1650; x_wconf 89' lang='lat' dir='ltr'><strong>directe</strong></span> <span class='ocrx_word' id='word_1_172' title='bbox 1050 1589 1173 1652; x_wconf 72' lang='lat' dir='ltr'><strong>didaci</strong></span> <span class='ocrx_word' id='word_1_173' title='bbox 1186 1603 1241 1649; x_wconf 90' lang='lat' dir='ltr'><strong>eos</strong></span> <span class='ocrx_word' id='word_1_174' title='bbox 1256 1586 1307 1665; x_wconf 88' lang='grc'><strong>334</strong></span> <span class='ocrx_word' id='word_1_175' title='bbox 1324 1586 1437 1648; x_wconf 88' lang='lat' dir='ltr'><strong>missae</strong></span> <span class='ocrx_word' id='word_1_176' title='bbox 1453 1587 1605 1648; x_wconf 87' lang='lat' dir='ltr'><strong>intersunt</strong></span> <span class='ocrx_word' id='word_1_177' title='bbox 1617 1592 1648 1647; x_wconf 91' lang='grc'><strong>34</strong></span> <span class='ocrx_word' id='word_1_178' title='bbox 1661 1602 1727 1654; x_wconf 88' lang='grc'><strong>333</strong></span> <span class='ocrx_word' id='word_1_179' title='bbox 1737 1602 1874 1649; x_wconf 90' lang='lat' dir='ltr'><strong>commu·</strong></span> 
     </span>
     <span class='ocr_line' id='line_1_17' title="bbox 139 1666 1627 1751; baseline -0.003 -17"><span class='ocrx_word' id='word_1_180' title='bbox 139 1681 171 1735; x_wconf 93' lang='lat' dir='ltr'><strong>ct</strong></span> <span class='ocrx_word' id='word_1_181' title='bbox 186 1687 334 1751; x_wconf 78' lang='lat' dir='ltr'><strong>expresse</strong></span> <span class='ocrx_word' id='word_1_182' title='bbox 349 1668 451 1731; x_wconf 84' lang='grc'><strong>3443334</strong></span> <span class='ocrx_word' id='word_1_183' title='bbox 468 1684 529 1731; x_wconf 90' lang='grc'><strong>333</strong></span> <span class='ocrx_word' id='word_1_184' title='bbox 542 1674 644 1747; x_wconf 86' lang='grc'><strong>334334</strong></span> <span class='ocrx_word' id='word_1_185' title='bbox 659 1667 732 1730; x_wconf 89' lang='grc'><strong>534.</strong></span> <span class='ocrx_word' id='word_1_186' title='bbox 1051 1672 1167 1743; x_wconf 91' lang='grc'><strong>343334,</strong></span> <span class='ocrx_word' id='word_1_187' title='bbox 1183 1669 1260 1730; x_wconf 92' lang='lat' dir='ltr'><strong>nihil</strong></span> <span class='ocrx_word' id='word_1_188' title='bbox 1277 1666 1415 1729; x_wconf 82' lang='lat' dir='ltr'><strong>utilitatis</strong></span> <span class='ocrx_word' id='word_1_189' title='bbox 1427 1678 1538 1746; x_wconf 87' lang='lat' dir='ltr'><strong>capere</strong></span> <span class='ocrx_word' id='word_1_190' title='bbox 1553 1668 1627 1730; x_wconf 89' lang='grc'><strong>544.</strong></span> 
     </span>
    </p>

    <p class='ocr_par' dir='ltr' id='par_1_10' title="bbox 95 1748 1878 1829">
     <span class='ocr_line' id='line_1_18' title="bbox 95 1748 1878 1829; baseline -0.003 -12"><span class='ocrx_word' id='word_1_191' title='bbox 95 1756 157 1818; x_wconf 87' lang='lat' dir='ltr'><strong>Pro</strong></span> <span class='ocrx_word' id='word_1_192' title='bbox 172 1752 400 1815; x_wconf 88' lang='lat' dir='ltr'><strong>haereticorum</strong></span> <span class='ocrx_word' id='word_1_193' title='bbox 425 1756 538 1820; x_wconf 88' lang='lat' dir='ltr'><strong>tamen,</strong></span> <span class='ocrx_word' id='word_1_194' title='bbox 555 1750 622 1811; x_wconf 90' lang='grc'><strong>3433</strong></span> <span class='ocrx_word' id='word_1_195' title='bbox 636 1748 808 1811; x_wconf 90' lang='grc'><strong>4344334433</strong></span> <span class='ocrx_word' id='word_1_196' title='bbox 832 1748 965 1812; x_wconf 87' lang='lat' dir='ltr'><strong>aliorum</strong></span> <span class='ocrx_word' id='word_1_197' title='bbox 1007 1752 1136 1815; x_wconf 82' lang='lat' dir='ltr'><strong>Prodest</strong></span> <span class='ocrx_word' id='word_1_198' title='bbox 1147 1753 1228 1813; x_wconf 92' lang='lat' dir='ltr'><strong>enim</strong></span> <span class='ocrx_word' id='word_1_199' title='bbox 1241 1749 1480 1821; x_wconf 89' lang='lat' dir='ltr'><strong>adstantibns‚et</strong></span> <span class='ocrx_word' id='word_1_200' title='bbox 1495 1748 1535 1811; x_wconf 91' lang='grc'><strong>443</strong></span> <span class='ocrx_word' id='word_1_201' title='bbox 1550 1750 1602 1829; x_wconf 91' lang='grc'><strong>334</strong></span> <span class='ocrx_word' id='word_1_202' title='bbox 1620 1766 1681 1810; x_wconf 88' lang='grc'><strong>333</strong></span> <span class='ocrx_word' id='word_1_203' title='bbox 1703 1750 1878 1822; x_wconf 87' lang='lat' dir='ltr'><strong>communi·</strong></span> 
     </span>
    </p>

    <p class='ocr_par' dir='ltr' id='par_1_11' title="bbox 19 1830 1878 1909">
     <span class='ocr_line' id='line_1_19' title="bbox 19 1830 1878 1909; baseline -0.003 -11"><span class='ocrx_word' id='word_1_204' title='bbox 19 1895 20 1898; x_wconf 74' lang='grc'>,</span> <span class='ocrx_word' id='word_1_205' title='bbox 138 1834 354 1905; x_wconf 82' lang='lat' dir='ltr'><strong>conversione,</strong></span> <span class='ocrx_word' id='word_1_206' title='bbox 371 1848 428 1908; x_wconf 91' lang='lat' dir='ltr'><strong>per</strong></span> <span class='ocrx_word' id='word_1_207' title='bbox 441 1831 644 1893; x_wconf 84' lang='lat' dir='ltr'><strong>intentionenr</strong></span> <span class='ocrx_word' id='word_1_208' title='bbox 660 1831 965 1895; x_wconf 81' lang='lat' dir='ltr'><strong>sacerdotisdirecte</strong></span> <span class='ocrx_word' id='word_1_209' title='bbox 1051 1840 1134 1909; x_wconf 84' lang='lat' dir='ltr'><strong>carrt3</strong></span> <span class='ocrx_word' id='word_1_210' title='bbox 1151 1832 1206 1895; x_wconf 91' lang='lat' dir='ltr'><strong>sed</strong></span> <span class='ocrx_word' id='word_1_211' title='bbox 1224 1836 1343 1893; x_wconf 89' lang='lat' dir='ltr'><strong>tantum·</strong></span> <span class='ocrx_word' id='word_1_212' title='bbox 1356 1832 1520 1903; x_wconf 86' lang='lat' dir='ltr'><strong>intersunt,</strong></span> <span class='ocrx_word' id='word_1_213' title='bbox 1538 1830 1677 1903; x_wconf 89' lang='lat' dir='ltr'><strong>audiunt,</strong></span> <span class='ocrx_word' id='word_1_214' title='bbox 1696 1836 1726 1891; x_wconf 94' lang='lat' dir='ltr'><strong>et</strong></span> <span class='ocrx_word' id='word_1_215' title='bbox 1741 1846 1810 1892; x_wconf 88' lang='lat' dir='ltr'><strong>cunr</strong></span> <span class='ocrx_word' id='word_1_216' title='bbox 1824 1831 1878 1893; x_wconf 90' lang='lat' dir='ltr'><strong>de·</strong></span> 
     </span>
    </p>

    <p class='ocr_par' dir='ltr' id='par_1_12' title="bbox 19 1910 1877 1996">
     <span class='ocr_line' id='line_1_20' title="bbox 19 1910 1877 1996; baseline -0.001 -19"><span class='ocrx_word' id='word_1_217' title='bbox 19 1990 21 1996; x_wconf 39' lang='grc'><strong>,</strong></span> <span class='ocrx_word' id='word_1_218' title='bbox 137 1910 468 1980; x_wconf 86' lang='grc'><strong>43433333443,3443333</strong></span> <span class='ocrx_word' id='word_1_219' title='bbox 494 1928 549 1990; x_wconf 91' lang='grc'><strong>333</strong></span> <span class='ocrx_word' id='word_1_220' title='bbox 578 1916 770 1989; x_wconf 74' lang='lat' dir='ltr'><strong>augmento,</strong></span> <span class='ocrx_word' id='word_1_221' title='bbox 797 1912 914 1974; x_wconf 89' lang='lat' dir='ltr'><strong>unitate</strong></span> <span class='ocrx_word' id='word_1_222' title='bbox 935 1918 967 1973; x_wconf 93' lang='lat' dir='ltr'><strong>et</strong></span> <span class='ocrx_word' id='word_1_223' title='bbox 1052 1916 1174 1978; x_wconf 88' lang='lat' dir='ltr'><strong>rollone</strong></span> <span class='ocrx_word' id='word_1_224' title='bbox 1192 1918 1344 1991; x_wconf 89' lang='grc'><strong>33334334,</strong></span> <span class='ocrx_word' id='word_1_225' title='bbox 1355 1913 1443 1993; x_wconf 62' lang='lat' dir='ltr'><strong>*quod</strong></span> <span class='ocrx_word' id='word_1_226' title='bbox 1457 1914 1520 1991; x_wconf 78' lang='lat' dir='ltr'><strong>agit</strong></span> <span class='ocrx_word' id='word_1_227' title='bbox 1535 1914 1683 1975; x_wconf 81' lang='lat' dir='ltr'><strong>sacerdos</strong></span> <span class='ocrx_word' id='word_1_228' title='bbox 1703 1912 1778 1975; x_wconf 89' lang='grc'><strong>545.</strong></span> <span class='ocrx_word' id='word_1_229' title='bbox 1800 1911 1877 1977; x_wconf 82' lang='lat' dir='ltr'><strong>Vide</strong></span> 
     </span>
    </p>

    <p class='ocr_par' dir='ltr' id='par_1_13' title="bbox 18 1992 1346 2075">
     <span class='ocr_line' id='line_1_21' title="bbox 18 1992 1346 2075; baseline -0.002 -17"><span class='ocrx_word' id='word_1_230' title='bbox 18 2000 23 2029; x_wconf 83' lang='lat'><strong>¹</strong></span> <span class='ocrx_word' id='word_1_231' title='bbox 139 2013 216 2075; x_wconf 91' lang='lat' dir='ltr'><strong>pace</strong></span> <span class='ocrx_word' id='word_1_232' title='bbox 230 1997 314 2057; x_wconf 86' lang='lat' dir='ltr'><strong>iltius</strong></span> <span class='ocrx_word' id='word_1_233' title='bbox 329 1994 499 2063; x_wconf 79' lang='lat' dir='ltr'><strong>Ecclesiae,</strong></span> <span class='ocrx_word' id='word_1_234' title='bbox 516 2009 594 2069; x_wconf 90' lang='grc'><strong>3333</strong></span> <span class='ocrx_word' id='word_1_235' title='bbox 610 1993 691 2053; x_wconf 87' lang='grc'><strong>43433</strong></span> <span class='ocrx_word' id='word_1_236' title='bbox 712 1994 897 2065; x_wconf 88' lang='lat' dir='ltr'><strong>haereticos,</strong></span> <span class='ocrx_word' id='word_1_237' title='bbox 914 1993 962 2056; x_wconf 90' lang='grc'><strong>334</strong></span> <span class='ocrx_word' id='word_1_238' title='bbox 1051 1998 1140 2059; x_wconf 87' lang='grc'><strong>34433</strong></span> <span class='ocrx_word' id='word_1_239' title='bbox 1158 1995 1231 2057; x_wconf 86' lang='grc'><strong>542.</strong></span> <span class='ocrx_word' id='word_1_240' title='bbox 1250 1992 1322 2055; x_wconf 87' lang='grc'><strong>543.</strong></span> <span class='ocrx_word' id='word_1_241' title='bbox 1345 2012 1346 2019; x_wconf 57' lang='grc'><strong>“</strong></span> 
     </span>
    </p>

    <p class='ocr_par' dir='ltr' id='par_1_14' title="bbox 138 2072 1801 2154">
     <span class='ocr_line' id='line_1_22' title="bbox 138 2072 1801 2154; baseline -0.002 -13"><span class='ocrx_word' id='word_1_242' title='bbox 138 2080 282 2141; x_wconf 89' lang='lat' dir='ltr'><strong>ethnicos</strong></span> <span class='ocrx_word' id='word_1_243' title='bbox 296 2080 497 2138; x_wconf 76' lang='lat' dir='ltr'><strong>conversatur</strong></span> <span class='ocrx_word' id='word_1_244' title='bbox 524 2073 598 2136; x_wconf 81' lang='grc'><strong>259.</strong></span> <span class='ocrx_word' id='word_1_245' title='bbox 627 2074 756 2137; x_wconf 87' lang='grc'><strong>34433433</strong></span> <span class='ocrx_word' id='word_1_246' title='bbox 783 2076 876 2137; x_wconf 88' lang='grc'><strong>34433</strong></span> <span class='ocrx_word' id='word_1_247' title='bbox 906 2090 963 2153; x_wconf 90' lang='grc'><strong>333</strong></span> <span class='ocrx_word' id='word_1_248' title='bbox 1007 2076 1043 2139; x_wconf 87' lang='grc'><strong>43</strong></span> <span class='ocrx_word' id='word_1_249' title='bbox 1060 2078 1151 2139; x_wconf 87' lang='lat' dir='ltr'><strong>missa</strong></span> <span class='ocrx_word' id='word_1_250' title='bbox 1169 2076 1253 2138; x_wconf 91' lang='lat' dir='ltr'><strong>multi</strong></span> <span class='ocrx_word' id='word_1_251' title='bbox 1269 2073 1497 2139; x_wconf 88' lang='lat' dir='ltr'><strong>communicant</strong></span> <span class='ocrx_word' id='word_1_252' title='bbox 1512 2074 1712 2154; x_wconf 89' lang='lat' dir='ltr'><strong>spiritualiter</strong></span> <span class='ocrx_word' id='word_1_253' title='bbox 1727 2072 1801 2137; x_wconf 87' lang='grc'><strong>543.</strong></span> 
     </span>
    </p>

    <p class='ocr_par' dir='ltr' id='par_1_15' title="bbox 140 2154 1877 2239">
     <span class='ocr_line' id='line_1_23' title="bbox 140 2154 1877 2239; baseline -0.002 -17"><span class='ocrx_word' id='word_1_254' title='bbox 140 2158 357 2239; x_wconf 87' lang='lat' dir='ltr'><strong>peccatoribus</strong></span> <span class='ocrx_word' id='word_1_255' title='bbox 384 2162 416 2218; x_wconf 91' lang='lat' dir='ltr'><strong>et</strong></span> <span class='ocrx_word' id='word_1_256' title='bbox 429 2172 487 2233; x_wconf 89' lang='lat' dir='ltr'><strong>pro</strong></span> <span class='ocrx_word' id='word_1_257' title='bbox 500 2155 661 2217; x_wconf 83' lang='lat' dir='ltr'><strong>obduratis</strong></span> <span class='ocrx_word' id='word_1_258' title='bbox 681 2154 734 2218; x_wconf 82' lang='grc'><strong>89.</strong></span> <span class='ocrx_word' id='word_1_259' title='bbox 750 2155 823 2218; x_wconf 90' lang='grc'><strong>534.</strong></span> <span class='ocrx_word' id='word_1_260' title='bbox 840 2173 896 2235; x_wconf 89' lang='grc'><strong>333</strong></span> <span class='ocrx_word' id='word_1_261' title='bbox 911 2156 964 2217; x_wconf 91' lang='lat' dir='ltr'><strong>ah·</strong></span> <span class='ocrx_word' id='word_1_262' title='bbox 1007 2160 1045 2221; x_wconf 83' lang='grc'><strong>444</strong></span> <span class='ocrx_word' id='word_1_263' title='bbox 1058 2174 1184 2235; x_wconf 88' lang='lat' dir='ltr'><strong>semper</strong></span> <span class='ocrx_word' id='word_1_264' title='bbox 1199 2161 1229 2219; x_wconf 91' lang='grc'><strong>43</strong></span> <span class='ocrx_word' id='word_1_265' title='bbox 1246 2158 1338 2221; x_wconf 89' lang='lat' dir='ltr'><strong>missa</strong></span> <span class='ocrx_word' id='word_1_266' title='bbox 1354 2163 1401 2218; x_wconf 91' lang='lat' dir='ltr'><strong>est</strong></span> <span class='ocrx_word' id='word_1_267' title='bbox 1415 2160 1591 2220; x_wconf 90' lang='lat' dir='ltr'><strong>eornmunlo</strong></span> <span class='ocrx_word' id='word_1_268' title='bbox 1605 2156 1805 2227; x_wconf 84' lang='lat' dir='ltr'><strong>lluelesiae,si</strong></span> <span class='ocrx_word' id='word_1_269' title='bbox 1817 2170 1877 2235; x_wconf 90' lang='lat' dir='ltr'><strong>par</strong></span> 
     </span>
    </p>

    <p class='ocr_par' dir='ltr' id='par_1_16' title="bbox 140 2238 1874 2318">
     <span class='ocr_line' id='line_1_24' title="bbox 140 2238 1874 2318; baseline -0.002 -15"><span class='ocrx_word' id='word_1_270' title='bbox 140 2241 283 2304; x_wconf 89' lang='lat' dir='ltr'><strong>sentibus</strong></span> <span class='ocrx_word' id='word_1_271' title='bbox 298 2245 329 2301; x_wconf 91' lang='lat' dir='ltr'><strong>et</strong></span> <span class='ocrx_word' id='word_1_272' title='bbox 350 2253 406 2316; x_wconf 92' lang='lat' dir='ltr'><strong>pro</strong></span> <span class='ocrx_word' id='word_1_273' title='bbox 428 2238 657 2312; x_wconf 87' lang='lat' dir='ltr'><strong>praesentibus,</strong></span> <span class='ocrx_word' id='word_1_274' title='bbox 684 2244 716 2299; x_wconf 92' lang='lat' dir='ltr'><strong>et</strong></span> <span class='ocrx_word' id='word_1_275' title='bbox 743 2253 800 2315; x_wconf 89' lang='lat' dir='ltr'><strong>pro</strong></span> <span class='ocrx_word' id='word_1_276' title='bbox 827 2238 908 2312; x_wconf 87' lang='grc'><strong>43433</strong></span> <span class='ocrx_word' id='word_1_277' title='bbox 921 2239 963 2300; x_wconf 88' lang='lat' dir='ltr'><strong>to·</strong></span> <span class='ocrx_word' id='word_1_278' title='bbox 1049 2238 1603 2318; x_wconf 75' lang='lat' dir='ltr'><strong>communionemintelligastrucium</strong></span> <span class='ocrx_word' id='word_1_279' title='bbox 1617 2254 1874 2301; x_wconf 82' lang='lat' dir='ltr'><strong>communem-sa·</strong></span> 
     </span>
    </p>

    <p class='ocr_par' dir='ltr' id='par_1_17' title="bbox 138 2315 1334 2387">
     <span class='ocr_line' id='line_1_25' title="bbox 138 2315 1334 2387; baseline -0.003 -1"><span class='ocrx_word' id='word_1_280' title='bbox 138 2322 296 2387; x_wconf 87' lang='lat' dir='ltr'><strong>cientibus</strong></span> <span class='ocrx_word' id='word_1_281' title='bbox 309 2318 382 2383; x_wconf 90' lang='grc'><strong>545.</strong></span> <span class='ocrx_word' id='word_1_282' title='bbox 394 2316 468 2380; x_wconf 91' lang='grc'><strong>564.</strong></span> <span class='ocrx_word' id='word_1_283' title='bbox 479 2315 553 2379; x_wconf 89' lang='grc'><strong>568.</strong></span> <span class='ocrx_word' id='word_1_284' title='bbox 836 2334 839 2338; x_wconf 73' lang='grc'><em>’</em></span> <span class='ocrx_word' id='word_1_285' title='bbox 1048 2320 1155 2387; x_wconf 86' lang='lat' dir='ltr'><strong>crificii</strong></span> <span class='ocrx_word' id='word_1_286' title='bbox 1171 2320 1242 2384; x_wconf 85' lang='grc'><strong>546.</strong></span> <span class='ocrx_word' id='word_1_287' title='bbox 1260 2318 1334 2383; x_wconf 88' lang='grc'><strong>544.</strong></span> 
     </span>
    </p>

    <p class='ocr_par' dir='ltr' id='par_1_18' title="bbox 93 2398 1875 2480">
     <span class='ocr_line' id='line_1_26' title="bbox 93 2398 1875 2480; baseline -0.002 -14"><span class='ocrx_word' id='word_1_288' title='bbox 93 2405 174 2466; x_wconf 89' lang='grc'><strong>4433</strong></span> <span class='ocrx_word' id='word_1_289' title='bbox 190 2401 317 2466; x_wconf 81' lang='lat' dir='ltr'><strong>otientur</strong></span> <span class='ocrx_word' id='word_1_290' title='bbox 332 2414 387 2479; x_wconf 94' lang='lat' dir='ltr'><strong>pro</strong></span> <span class='ocrx_word' id='word_1_291' title='bbox 399 2400 516 2478; x_wconf 90' lang='lat' dir='ltr'><strong>populo</strong></span> <span class='ocrx_word' id='word_1_292' title='bbox 527 2398 604 2462; x_wconf 91' lang='grc'><strong>543.</strong></span> <span class='ocrx_word' id='word_1_293' title='bbox 839 2426 843 2435; x_wconf 72' lang='grc'><em>’</em></span> <span class='ocrx_word' id='word_1_294' title='bbox 1006 2402 1099 2467; x_wconf 90' lang='grc'><strong>444333</strong></span> <span class='ocrx_word' id='word_1_295' title='bbox 1116 2410 1148 2465; x_wconf 90' lang='grc'><strong>34</strong></span> <span class='ocrx_word' id='word_1_296' title='bbox 1162 2402 1346 2465; x_wconf 85' lang='lat' dir='ltr'><strong>sacrificium</strong></span> <span class='ocrx_word' id='word_1_297' title='bbox 1363 2409 1421 2477; x_wconf 90' lang='lat' dir='ltr'><strong>est,</strong></span> <span class='ocrx_word' id='word_1_298' title='bbox 1439 2402 1573 2480; x_wconf 87' lang='lat' dir='ltr'><strong>pertenta</strong></span> <span class='ocrx_word' id='word_1_299' title='bbox 1590 2406 1638 2463; x_wconf 91' lang='grc'><strong>334</strong></span> <span class='ocrx_word' id='word_1_300' title='bbox 1656 2400 1724 2462; x_wconf 88' lang='grc'><strong>3433</strong></span> <span class='ocrx_word' id='word_1_301' title='bbox 1739 2415 1875 2463; x_wconf 92' lang='lat' dir='ltr'><strong>commu·</strong></span> 
     </span>
    </p>

    <p class='ocr_par' dir='ltr' id='par_1_19' title="bbox 93 2480 1876 2645">
     <span class='ocr_line' id='line_1_27' title="bbox 93 2480 1875 2559; baseline -0.003 -11"><span class='ocrx_word' id='word_1_302' title='bbox 93 2487 210 2548; x_wconf 87' lang='grc'><strong>4443333</strong></span> <span class='ocrx_word' id='word_1_303' title='bbox 224 2482 411 2546; x_wconf 82' lang='lat' dir='ltr'><strong>sacrificium</strong></span> <span class='ocrx_word' id='word_1_304' title='bbox 426 2482 485 2543; x_wconf 88' lang='lat' dir='ltr'><strong>rite</strong></span> <span class='ocrx_word' id='word_1_305' title='bbox 499 2480 601 2543; x_wconf 88' lang='grc'><strong>3443334</strong></span> <span class='ocrx_word' id='word_1_306' title='bbox 617 2484 721 2555; x_wconf 90' lang='grc'><strong>334334</strong></span> <span class='ocrx_word' id='word_1_307' title='bbox 735 2497 790 2559; x_wconf 89' lang='grc'><strong>333</strong></span> <span class='ocrx_word' id='word_1_308' title='bbox 805 2480 962 2545; x_wconf 89' lang='grc'><strong>334333443</strong></span> <span class='ocrx_word' id='word_1_309' title='bbox 1050 2484 1524 2552; x_wconf 85' lang='grc'><strong>3433344433.33333333433433</strong></span> <span class='ocrx_word' id='word_1_310' title='bbox 1534 2483 1717 2545; x_wconf 88' lang='grc'><strong>3333333343</strong></span> <span class='ocrx_word' id='word_1_311' title='bbox 1730 2498 1875 2543; x_wconf 86' lang='grc'><strong>3333333-</strong></span> 
     </span>
     <span class='ocr_line' id='line_1_28' title="bbox 137 2560 1876 2645; baseline -0.001 -18"><span class='ocrx_word' id='word_1_312' title='bbox 137 2568 168 2627; x_wconf 91' lang='grc'><strong>43</strong></span> <span class='ocrx_word' id='word_1_313' title='bbox 185 2564 363 2644; x_wconf 77' lang='lat' dir='ltr'><strong>purgatorio</strong></span> <span class='ocrx_word' id='word_1_314' title='bbox 378 2562 564 2640; x_wconf 77' lang='lat' dir='ltr'><strong>degentibus</strong></span> <span class='ocrx_word' id='word_1_315' title='bbox 579 2560 640 2623; x_wconf 89' lang='grc'><strong>535</strong></span> <span class='ocrx_word' id='word_1_316' title='bbox 652 2567 682 2623; x_wconf 88' lang='grc'><strong>34</strong></span> <span class='ocrx_word' id='word_1_317' title='bbox 694 2578 762 2642; x_wconf 89' lang='grc'><strong>333.</strong></span> <span class='ocrx_word' id='word_1_318' title='bbox 1049 2572 1168 2640; x_wconf 90' lang='grc'><strong>33433,</strong></span> <span class='ocrx_word' id='word_1_319' title='bbox 1185 2566 1240 2627; x_wconf 87' lang='grc'><strong>333</strong></span> <span class='ocrx_word' id='word_1_320' title='bbox 1257 2574 1290 2626; x_wconf 91' lang='grc'><strong>34</strong></span> <span class='ocrx_word' id='word_1_321' title='bbox 1304 2565 1341 2628; x_wconf 91' lang='grc'><strong>33</strong></span> <span class='ocrx_word' id='word_1_322' title='bbox 1358 2567 1506 2645; x_wconf 88' lang='grc'><strong>3333133</strong></span> <span class='ocrx_word' id='word_1_323' title='bbox 1524 2566 1719 2629; x_wconf 87' lang='grc'><strong>3343433333</strong></span> <span class='ocrx_word' id='word_1_324' title='bbox 1743 2562 1876 2641; x_wconf 89' lang='grc'><strong>33334344</strong></span> 
     </span>
    </p>

    <p class='ocr_par' dir='ltr' id='par_1_20' title="bbox 93 2642 1871 2726">
     <span class='ocr_line' id='line_1_29' title="bbox 93 2642 1871 2726; baseline -0.003 -16"><span class='ocrx_word' id='word_1_325' title='bbox 93 2648 199 2711; x_wconf 89' lang='grc'><strong>033443</strong></span> <span class='ocrx_word' id='word_1_326' title='bbox 214 2662 269 2724; x_wconf 84' lang='grc'><strong>333</strong></span> <span class='ocrx_word' id='word_1_327' title='bbox 284 2645 441 2705; x_wconf 89' lang='grc'><strong>334333443</strong></span> <span class='ocrx_word' id='word_1_328' title='bbox 455 2644 486 2703; x_wconf 92' lang='grc'><strong>43</strong></span> <span class='ocrx_word' id='word_1_329' title='bbox 501 2642 655 2705; x_wconf 87' lang='grc'><strong>3333441343</strong></span> <span class='ocrx_word' id='word_1_330' title='bbox 668 2643 826 2707; x_wconf 85' lang='lat' dir='ltr'><strong>ruissaeer</strong></span> <span class='ocrx_word' id='word_1_331' title='bbox 838 2650 961 2722; x_wconf 91' lang='lat' dir='ltr'><strong>aposto·</strong></span> <span class='ocrx_word' id='word_1_332' title='bbox 1047 2649 1162 2724; x_wconf 89' lang='lat' dir='ltr'><strong>pabulo</strong></span> <span class='ocrx_word' id='word_1_333' title='bbox 1177 2647 1446 2726; x_wconf 67' lang='lat' dir='ltr'><strong>ordinatummagis</strong></span> <span class='ocrx_word' id='word_1_334' title='bbox 1462 2646 1595 2723; x_wconf 88' lang='lat' dir='ltr'><strong>perlecta</strong></span> <span class='ocrx_word' id='word_1_335' title='bbox 1611 2652 1642 2708; x_wconf 91' lang='lat' dir='ltr'><strong>et</strong></span> <span class='ocrx_word' id='word_1_336' title='bbox 1657 2646 1792 2724; x_wconf 84' lang='lat' dir='ltr'><strong>legitima</strong></span> <span class='ocrx_word' id='word_1_337' title='bbox 1809 2652 1871 2717; x_wconf 89' lang='grc'><strong>334,</strong></span> 
     </span>
    </p>

    <p class='ocr_par' dir='ltr' id='par_1_21' title="bbox 18 2723 1877 2807">
     <span class='ocr_line' id='line_1_30' title="bbox 18 2723 1877 2807; baseline -0.001 -18"><span class='ocrx_word' id='word_1_338' title='bbox 18 2736 23 2777; x_wconf 77' lang='lat' dir='ltr'><strong>t</strong></span> <span class='ocrx_word' id='word_1_339' title='bbox 142 2729 201 2789; x_wconf 91' lang='lat' dir='ltr'><strong>lica</strong></span> <span class='ocrx_word' id='word_1_340' title='bbox 215 2726 380 2789; x_wconf 90' lang='grc'><strong>4333444333</strong></span> <span class='ocrx_word' id='word_1_341' title='bbox 391 2723 463 2786; x_wconf 87' lang='grc'><strong>544.</strong></span> <span class='ocrx_word' id='word_1_342' title='bbox 476 2723 550 2785; x_wconf 89' lang='grc'><strong>565.</strong></span> <span class='ocrx_word' id='word_1_343' title='bbox 1048 2729 1100 2791; x_wconf 89' lang='lat' dir='ltr'><strong>ubi</strong></span> <span class='ocrx_word' id='word_1_344' title='bbox 1117 2730 1382 2793; x_wconf 86' lang='lat' dir='ltr'><strong>communicantes</strong></span> <span class='ocrx_word' id='word_1_345' title='bbox 1407 2728 1540 2801; x_wconf 92' lang='lat' dir='ltr'><strong>adsunt,</strong></span> <span class='ocrx_word' id='word_1_346' title='bbox 1568 2742 1660 2807; x_wconf 90' lang='grc'><strong>3333</strong></span> <span class='ocrx_word' id='word_1_347' title='bbox 1683 2726 1735 2789; x_wconf 85' lang='grc'><strong>344</strong></span> <span class='ocrx_word' id='word_1_348' title='bbox 1762 2726 1877 2789; x_wconf 91' lang='lat' dir='ltr'><strong>desunt</strong></span> 
     </span>
    </p>

    <p class='ocr_par' dir='ltr' id='par_1_22' title="bbox 91 2804 1267 2886">
     <span class='ocr_line' id='line_1_31' title="bbox 91 2804 1267 2886; baseline -0.001 -14"><span class='ocrx_word' id='word_1_349' title='bbox 91 2810 211 2872; x_wconf 87' lang='grc'><strong>4443333</strong></span> <span class='ocrx_word' id='word_1_350' title='bbox 225 2807 408 2872; x_wconf 89' lang='lat' dir='ltr'><strong>sacriilcrum</strong></span> <span class='ocrx_word' id='word_1_351' title='bbox 423 2822 559 2867; x_wconf 89' lang='lat' dir='ltr'><strong>aunuum</strong></span> <span class='ocrx_word' id='word_1_352' title='bbox 573 2820 631 2881; x_wconf 92' lang='lat' dir='ltr'><strong>pro</strong></span> <span class='ocrx_word' id='word_1_353' title='bbox 646 2804 801 2868; x_wconf 88' lang='lat' dir='ltr'><strong>delnuctis</strong></span> <span class='ocrx_word' id='word_1_354' title='bbox 811 2804 960 2886; x_wconf 79' lang='grc'><strong>535536.</strong></span> <span class='ocrx_word' id='word_1_355' title='bbox 1047 2810 1120 2871; x_wconf 88' lang='grc'><strong>545.</strong></span> <span class='ocrx_word' id='word_1_356' title='bbox 1137 2814 1183 2871; x_wconf 84' lang='lat' dir='ltr'><strong>ud</strong></span> <span class='ocrx_word' id='word_1_357' title='bbox 1195 2810 1267 2873; x_wconf 89' lang='grc'><strong>544.</strong></span> 
     </span>
    </p>

    <p class='ocr_par' dir='ltr' id='par_1_23' title="bbox 19 2886 1875 3131">
     <span class='ocr_line' id='line_1_32' title="bbox 19 2886 1875 2966; baseline -0.001 -13"><span class='ocrx_word' id='word_1_358' title='bbox 19 2931 20 2936; x_wconf 38' lang='lat'>1</span> <span class='ocrx_word' id='word_1_359' title='bbox 93 2892 211 2954; x_wconf 87' lang='grc'><strong>4443333</strong></span> <span class='ocrx_word' id='word_1_360' title='bbox 222 2887 413 2951; x_wconf 80' lang='lat' dir='ltr'><strong>sacrificium</strong></span> <span class='ocrx_word' id='word_1_361' title='bbox 429 2903 491 2949; x_wconf 89' lang='grc'><strong>333</strong></span> <span class='ocrx_word' id='word_1_362' title='bbox 507 2886 634 2965; x_wconf 88' lang='lat' dir='ltr'><strong>prodest</strong></span> <span class='ocrx_word' id='word_1_363' title='bbox 646 2888 774 2961; x_wconf 90' lang='lat' dir='ltr'><strong>sanctis,</strong></span> <span class='ocrx_word' id='word_1_364' title='bbox 800 2888 962 2966; x_wconf 91' lang='lat' dir='ltr'><strong>adcolpae</strong></span> <span class='ocrx_word' id='word_1_365' title='bbox 1004 2891 1097 2953; x_wconf 88' lang='grc'><strong>444333</strong></span> <span class='ocrx_word' id='word_1_366' title='bbox 1114 2897 1216 2953; x_wconf 89' lang='grc'><strong>333433</strong></span> <span class='ocrx_word' id='word_1_367' title='bbox 1233 2906 1294 2953; x_wconf 88' lang='grc'><strong>333</strong></span> <span class='ocrx_word' id='word_1_368' title='bbox 1310 2890 1444 2953; x_wconf 86' lang='lat' dir='ltr'><strong>excludit</strong></span> <span class='ocrx_word' id='word_1_369' title='bbox 1470 2890 1755 2964; x_wconf 87' lang='lat' dir='ltr'><strong>communicantes,</strong></span> <span class='ocrx_word' id='word_1_370' title='bbox 1780 2889 1875 2951; x_wconf 91' lang='lat' dir='ltr'><strong>immo</strong></span> 
     </span>
     <span class='ocr_line' id='line_1_33' title="bbox 137 2968 1871 3051; baseline -0.002 -17"><span class='ocrx_word' id='word_1_371' title='bbox 137 2973 186 3035; x_wconf 90' lang='lat' dir='ltr'><strong>rei</strong></span> <span class='ocrx_word' id='word_1_372' title='bbox 201 2970 566 3049; x_wconf 84' lang='lat' dir='ltr'><strong>poenaeremissioucm,</strong></span> <span class='ocrx_word' id='word_1_373' title='bbox 596 2983 656 3029; x_wconf 90' lang='lat' dir='ltr'><strong>neo</strong></span> <span class='ocrx_word' id='word_1_374' title='bbox 675 2968 713 3027; x_wconf 93' lang='lat' dir='ltr'><strong>ad</strong></span> <span class='ocrx_word' id='word_1_375' title='bbox 741 2969 883 3047; x_wconf 80' lang='grc'><strong>3334433,</strong></span> <span class='ocrx_word' id='word_1_376' title='bbox 912 2970 960 3032; x_wconf 86' lang='grc'><strong>334</strong></span> <span class='ocrx_word' id='word_1_377' title='bbox 1046 2978 1129 3051; x_wconf 89' lang='grc'><strong>33434</strong></span> <span class='ocrx_word' id='word_1_378' title='bbox 1144 2973 1309 3034; x_wconf 87' lang='lat' dir='ltr'><strong>concilium</strong></span> <span class='ocrx_word' id='word_1_379' title='bbox 1326 2972 1487 3033; x_wconf 76' lang='lat' dir='ltr'><strong>uidentur</strong></span> <span class='ocrx_word' id='word_1_380' title='bbox 1502 2973 1555 3051; x_wconf 92' lang='grc'><strong>334</strong></span> <span class='ocrx_word' id='word_1_381' title='bbox 1571 2973 1684 3034; x_wconf 90' lang='lat' dir='ltr'><strong>adsunt</strong></span> <span class='ocrx_word' id='word_1_382' title='bbox 1698 2972 1871 3034; x_wconf 91' lang='lat' dir='ltr'><strong>communi·</strong></span> 
     </span>
     <span class='ocr_line' id='line_1_34' title="bbox 138 3047 1739 3131; baseline 0.001 -17"><span class='ocrx_word' id='word_1_383' title='bbox 138 3053 255 3131; x_wconf 78' lang='lat' dir='ltr'><strong>gloriae</strong></span> <span class='ocrx_word' id='word_1_384' title='bbox 269 3050 448 3113; x_wconf 88' lang='lat' dir='ltr'><strong>essentialis</strong></span> <span class='ocrx_word' id='word_1_385' title='bbox 462 3055 660 3126; x_wconf 71' lang='lat' dir='ltr'><strong>augmentum</strong></span> <span class='ocrx_word' id='word_1_386' title='bbox 681 3047 756 3111; x_wconf 85' lang='grc'><strong>534.</strong></span> <span class='ocrx_word' id='word_1_387' title='bbox 1047 3052 1204 3115; x_wconf 86' lang='grc'><strong>3334545.</strong></span> <span class='ocrx_word' id='word_1_388' title='bbox 1738 3114 1739 3121; x_wconf 71' lang='grc'><strong>,</strong></span> 
     </span>
    </p>

    <p class='ocr_par' dir='ltr' id='par_1_24' title="bbox 94 3129 1874 3215">
     <span class='ocr_line' id='line_1_35' title="bbox 94 3129 1874 3215; baseline -0.002 -17"><span class='ocrx_word' id='word_1_389' title='bbox 94 3134 160 3198; x_wconf 89' lang='lat' dir='ltr'><strong>Sed</strong></span> <span class='ocrx_word' id='word_1_390' title='bbox 177 3133 304 3198; x_wconf 87' lang='grc'><strong>34433433</strong></span> <span class='ocrx_word' id='word_1_391' title='bbox 315 3149 370 3210; x_wconf 91' lang='lat' dir='ltr'><strong>pro</strong></span> <span class='ocrx_word' id='word_1_392' title='bbox 385 3148 493 3202; x_wconf 81' lang='lat' dir='ltr'><strong>eorum</strong></span> <span class='ocrx_word' id='word_1_393' title='bbox 508 3132 626 3193; x_wconf 88' lang='lat' dir='ltr'><strong>honore</strong></span> <span class='ocrx_word' id='word_1_394' title='bbox 639 3129 723 3194; x_wconf 82' lang='grc'><strong>4443.</strong></span> <span class='ocrx_word' id='word_1_395' title='bbox 1004 3136 1111 3215; x_wconf 86' lang='lat' dir='ltr'><strong>Neque</strong></span> <span class='ocrx_word' id='word_1_396' title='bbox 1125 3151 1262 3208; x_wconf 80' lang='lat' dir='ltr'><strong>uacuam</strong></span> <span class='ocrx_word' id='word_1_397' title='bbox 1289 3141 1336 3197; x_wconf 89' lang='lat' dir='ltr'><strong>est</strong></span> <span class='ocrx_word' id='word_1_398' title='bbox 1362 3133 1473 3214; x_wconf 89' lang='lat' dir='ltr'><strong>prirata</strong></span> <span class='ocrx_word' id='word_1_399' title='bbox 1502 3133 1582 3194; x_wconf 87' lang='grc'><strong>33443</strong></span> <span class='ocrx_word' id='word_1_400' title='bbox 1607 3132 1800 3206; x_wconf 89' lang='grc'><strong>3333333443,</strong></span> <span class='ocrx_word' id='word_1_401' title='bbox 1817 3132 1874 3195; x_wconf 90' lang='grc'><strong>333</strong></span> 
     </span>
    </p>

    <p class='ocr_par' dir='ltr' id='par_1_25' title="bbox 91 3209 1875 3454">
     <span class='ocr_line' id='line_1_36' title="bbox 91 3209 1875 3293; baseline -0.002 -14"><span class='ocrx_word' id='word_1_402' title='bbox 91 3217 210 3280; x_wconf 87' lang='grc'><strong>4443333</strong></span> <span class='ocrx_word' id='word_1_403' title='bbox 223 3213 412 3278; x_wconf 85' lang='grc'><strong>3333433433</strong></span> <span class='ocrx_word' id='word_1_404' title='bbox 434 3227 497 3274; x_wconf 88' lang='grc'><strong>333</strong></span> <span class='ocrx_word' id='word_1_405' title='bbox 511 3211 637 3274; x_wconf 87' lang='grc'><strong>34433433</strong></span> <span class='ocrx_word' id='word_1_406' title='bbox 651 3209 815 3278; x_wconf 74' lang='lat' dir='ltr'><strong>sarcilem</strong></span> <span class='ocrx_word' id='word_1_407' title='bbox 825 3211 959 3290; x_wconf 86' lang='lat' dir='ltr'><strong>proinde</strong></span> <span class='ocrx_word' id='word_1_408' title='bbox 1046 3232 1172 3293; x_wconf 83' lang='lat' dir='ltr'><strong>semper</strong></span> <span class='ocrx_word' id='word_1_409' title='bbox 1187 3223 1235 3276; x_wconf 92' lang='lat' dir='ltr'><strong>est</strong></span> <span class='ocrx_word' id='word_1_410' title='bbox 1249 3217 1423 3276; x_wconf 90' lang='lat' dir='ltr'><strong>communis</strong></span> <span class='ocrx_word' id='word_1_411' title='bbox 1438 3215 1490 3276; x_wconf 94' lang='lat' dir='ltr'><strong>toti</strong></span> <span class='ocrx_word' id='word_1_412' title='bbox 1504 3215 1748 3293; x_wconf 84' lang='lat' dir='ltr'><strong>Ecclesiae,quia</strong></span> <span class='ocrx_word' id='word_1_413' title='bbox 1762 3231 1875 3290; x_wconf 77' lang='grc'><strong>3333-1</strong></span> 
     </span>
     <span class='ocr_line' id='line_1_37' title="bbox 139 3293 1874 3375; baseline 0 -17"><span class='ocrx_word' id='word_1_414' title='bbox 139 3313 242 3374; x_wconf 89' lang='grc'><strong>33333</strong></span> <span class='ocrx_word' id='word_1_415' title='bbox 258 3297 386 3375; x_wconf 89' lang='grc'><strong>433343,</strong></span> <span class='ocrx_word' id='word_1_416' title='bbox 401 3309 503 3372; x_wconf 89' lang='grc'><strong>33333</strong></span> <span class='ocrx_word' id='word_1_417' title='bbox 517 3294 622 3355; x_wconf 89' lang='grc'><strong>3143343</strong></span> <span class='ocrx_word' id='word_1_418' title='bbox 644 3295 805 3371; x_wconf 73' lang='lat' dir='ltr'><strong>eriguntur</strong></span> <span class='ocrx_word' id='word_1_419' title='bbox 819 3293 934 3356; x_wconf 88' lang='lat' dir='ltr'><strong>sanctis</strong></span> <span class='ocrx_word' id='word_1_420' title='bbox 951 3341 960 3366; x_wconf 97' lang='lat'><strong>,</strong></span> <span class='ocrx_word' id='word_1_421' title='bbox 1048 3297 1134 3358; x_wconf 91' lang='lat' dir='ltr'><strong>muni</strong></span> <span class='ocrx_word' id='word_1_422' title='bbox 1146 3296 1287 3358; x_wconf 88' lang='lat' dir='ltr'><strong>ministro</strong></span> <span class='ocrx_word' id='word_1_423' title='bbox 1300 3312 1355 3374; x_wconf 92' lang='lat' dir='ltr'><strong>pro</strong></span> <span class='ocrx_word' id='word_1_424' title='bbox 1367 3297 1521 3358; x_wconf 92' lang='lat' dir='ltr'><strong>communi</strong></span> <span class='ocrx_word' id='word_1_425' title='bbox 1534 3297 1672 3358; x_wconf 89' lang='lat' dir='ltr'><strong>omnium</strong></span> <span class='ocrx_word' id='word_1_426' title='bbox 1688 3296 1817 3359; x_wconf 90' lang='lat' dir='ltr'><strong>utilitate</strong></span> <span class='ocrx_word' id='word_1_427' title='bbox 1830 3296 1874 3358; x_wconf 91' lang='lat' dir='ltr'><strong>oi·</strong></span> 
     </span>
     <span class='ocr_line' id='line_1_38' title="bbox 137 3375 1320 3454; baseline -0.001 -15"><span class='ocrx_word' id='word_1_428' title='bbox 137 3378 211 3440; x_wconf 91' lang='lat' dir='ltr'><strong>licet</strong></span> <span class='ocrx_word' id='word_1_429' title='bbox 224 3379 257 3439; x_wconf 93' lang='lat' dir='ltr'><strong>in</strong></span> <span class='ocrx_word' id='word_1_430' title='bbox 272 3393 380 3440; x_wconf 88' lang='lat' dir='ltr'><strong>eorum</strong></span> <span class='ocrx_word' id='word_1_431' title='bbox 389 3375 570 3438; x_wconf 89' lang='lat' dir='ltr'><strong>memoriam</strong></span> <span class='ocrx_word' id='word_1_432' title='bbox 579 3375 635 3437; x_wconf 91' lang='lat' dir='ltr'><strong>ista</strong></span> <span class='ocrx_word' id='word_1_433' title='bbox 643 3376 746 3438; x_wconf 89' lang='lat' dir='ltr'><strong>omnia</strong></span> <span class='ocrx_word' id='word_1_434' title='bbox 760 3375 827 3438; x_wconf 89' lang='grc'><strong>44334</strong></span> <span class='ocrx_word' id='word_1_435' title='bbox 842 3377 965 3454; x_wconf 91' lang='lat' dir='ltr'><strong>possint</strong></span> <span class='ocrx_word' id='word_1_436' title='bbox 1050 3379 1144 3440; x_wconf 89' lang='lat' dir='ltr'><strong>tortor</strong></span> <span class='ocrx_word' id='word_1_437' title='bbox 1158 3377 1230 3440; x_wconf 88' lang='grc'><strong>546.</strong></span> <span class='ocrx_word' id='word_1_438' title='bbox 1248 3377 1307 3439; x_wconf 86' lang='grc'><strong>544</strong></span> <span class='ocrx_word' id='word_1_439' title='bbox 1312 3423 1320 3438; x_wconf 95' lang='grc'><strong>.</strong></span> 
     </span>
    </p>

    <p class='ocr_par' dir='ltr' id='par_1_26' title="bbox 93 3455 1878 3616">
     <span class='ocr_line' id='line_1_39' title="bbox 138 3455 1878 3538; baseline -0.001 -16"><span class='ocrx_word' id='word_1_440' title='bbox 138 3460 221 3522; x_wconf 82' lang='lat' dir='ltr'><strong>idid.</strong></span> <span class='ocrx_word' id='word_1_441' title='bbox 1008 3459 1120 3522; x_wconf 88' lang='grc'><strong>4443333</strong></span> <span class='ocrx_word' id='word_1_442' title='bbox 1135 3455 1286 3522; x_wconf 87' lang='grc'><strong>3333444343</strong></span> <span class='ocrx_word' id='word_1_443' title='bbox 1301 3459 1395 3525; x_wconf 86' lang='grc'><strong>33434</strong></span> <span class='ocrx_word' id='word_1_444' title='bbox 1410 3459 1520 3520; x_wconf 90' lang='grc'><strong>333333</strong></span> <span class='ocrx_word' id='word_1_445' title='bbox 1532 3473 1614 3520; x_wconf 89' lang='grc'><strong>3333</strong></span> <span class='ocrx_word' id='word_1_446' title='bbox 1626 3459 1677 3538; x_wconf 89' lang='grc'><strong>334</strong></span> <span class='ocrx_word' id='word_1_447' title='bbox 1691 3457 1878 3538; x_wconf 89' lang='grc'><strong>3333333334</strong></span> 
     </span>
     <span class='ocr_line' id='line_1_40' title="bbox 93 3537 1214 3616; baseline -0.001 -12"><span class='ocrx_word' id='word_1_448' title='bbox 93 3542 211 3604; x_wconf 85' lang='grc'><strong>4443333</strong></span> <span class='ocrx_word' id='word_1_449' title='bbox 226 3538 412 3607; x_wconf 92' lang='lat' dir='ltr'><strong>sacritlcium</strong></span> <span class='ocrx_word' id='word_1_450' title='bbox 428 3542 554 3599; x_wconf 88' lang='grc'><strong>333334</strong></span> <span class='ocrx_word' id='word_1_451' title='bbox 574 3552 681 3616; x_wconf 85' lang='grc'><strong>33333</strong></span> <span class='ocrx_word' id='word_1_452' title='bbox 702 3537 874 3601; x_wconf 89' lang='grc'><strong>4334443433</strong></span> <span class='ocrx_word' id='word_1_453' title='bbox 888 3544 964 3600; x_wconf 90' lang='lat' dir='ltr'><strong>tom·</strong></span> <span class='ocrx_word' id='word_1_454' title='bbox 1051 3541 1125 3603; x_wconf 85' lang='grc'><strong>543.</strong></span> <span class='ocrx_word' id='word_1_455' title='bbox 1141 3541 1214 3604; x_wconf 88' lang='grc'><strong>545.</strong></span> 
     </span>
    </p>

    <p class='ocr_par' dir='ltr' id='par_1_27' title="bbox 19 3618 1879 3782">
     <span class='ocr_line' id='line_1_41' title="bbox 19 3618 1669 3700; baseline -0.004 -12"><span class='ocrx_word' id='word_1_456' title='bbox 19 3674 21 3688; x_wconf 75' lang='grc'><strong>.</strong></span> <span class='ocrx_word' id='word_1_457' title='bbox 139 3638 232 3700; x_wconf 89' lang='grc'><strong>3333</strong></span> <span class='ocrx_word' id='word_1_458' title='bbox 253 3622 293 3683; x_wconf 89' lang='grc'><strong>33</strong></span> <span class='ocrx_word' id='word_1_459' title='bbox 315 3621 408 3682; x_wconf 88' lang='grc'><strong>3333</strong></span> <span class='ocrx_word' id='word_1_460' title='bbox 438 3619 597 3698; x_wconf 90' lang='lat' dir='ltr'><strong>proprium</strong></span> <span class='ocrx_word' id='word_1_461' title='bbox 626 3624 659 3680; x_wconf 91' lang='lat' dir='ltr'><strong>et</strong></span> <span class='ocrx_word' id='word_1_462' title='bbox 686 3621 899 3697; x_wconf 91' lang='lat' dir='ltr'><strong>praecipuum,</strong></span> <span class='ocrx_word' id='word_1_463' title='bbox 923 3622 963 3683; x_wconf 89' lang='lat' dir='ltr'><strong>od</strong></span> <span class='ocrx_word' id='word_1_464' title='bbox 1009 3624 1122 3685; x_wconf 87' lang='grc'><strong>4443333</strong></span> <span class='ocrx_word' id='word_1_465' title='bbox 1139 3618 1669 3700; x_wconf 83' lang='lat' dir='ltr'><strong>interessepustconeionemidid.</strong></span> 
     </span>
     <span class='ocr_line' id='line_1_42' title="bbox 140 3698 1879 3782; baseline 0.001 -17"><span class='ocrx_word' id='word_1_466' title='bbox 140 3710 266 3766; x_wconf 89' lang='lat' dir='ltr'><strong>sanctos</strong></span> <span class='ocrx_word' id='word_1_467' title='bbox 281 3701 493 3774; x_wconf 89' lang='lat' dir='ltr'><strong>honorandos,</strong></span> <span class='ocrx_word' id='word_1_468' title='bbox 509 3698 557 3763; x_wconf 87' lang='lat' dir='ltr'><strong>rel</strong></span> <span class='ocrx_word' id='word_1_469' title='bbox 569 3699 758 3763; x_wconf 90' lang='lat' dir='ltr'><strong>iurooaados</strong></span> <span class='ocrx_word' id='word_1_470' title='bbox 772 3699 845 3763; x_wconf 88' lang='grc'><strong>538.</strong></span> <span class='ocrx_word' id='word_1_471' title='bbox 1008 3705 1122 3768; x_wconf 88' lang='grc'><strong>4443333</strong></span> <span class='ocrx_word' id='word_1_472' title='bbox 1139 3704 1292 3766; x_wconf 88' lang='lat' dir='ltr'><strong>interesse</strong></span> <span class='ocrx_word' id='word_1_473' title='bbox 1311 3702 1391 3776; x_wconf 82' lang='lat' dir='ltr'><strong>jussi</strong></span> <span class='ocrx_word' id='word_1_474' title='bbox 1417 3707 1489 3764; x_wconf 90' lang='lat' dir='ltr'><strong>sunt</strong></span> <span class='ocrx_word' id='word_1_475' title='bbox 1514 3715 1623 3764; x_wconf 90' lang='lat' dir='ltr'><strong>omnes</strong></span> <span class='ocrx_word' id='word_1_476' title='bbox 1648 3699 1718 3762; x_wconf 92' lang='lat' dir='ltr'><strong>laici</strong></span> <span class='ocrx_word' id='word_1_477' title='bbox 1745 3699 1879 3782; x_wconf 81' lang='lat' dir='ltr'><strong>singulis</strong></span> 
     </span>
    </p>

    <p class='ocr_par' dir='ltr' id='par_1_28' title="bbox 92 3781 1882 4028">
     <span class='ocr_line' id='line_1_43' title="bbox 92 3781 1882 3861; baseline -0.002 -11"><span class='ocrx_word' id='word_1_478' title='bbox 92 3786 212 3850; x_wconf 78' lang='lat' dir='ltr'><strong>Missae</strong></span> <span class='ocrx_word' id='word_1_479' title='bbox 226 3781 411 3846; x_wconf 87' lang='lat' dir='ltr'><strong>institutioni</strong></span> <span class='ocrx_word' id='word_1_480' title='bbox 428 3797 489 3842; x_wconf 93' lang='lat' dir='ltr'><strong>non</strong></span> <span class='ocrx_word' id='word_1_481' title='bbox 505 3786 668 3859; x_wconf 75' lang='lat' dir='ltr'><strong>repugnat,</strong></span> <span class='ocrx_word' id='word_1_482' title='bbox 692 3787 726 3843; x_wconf 94' lang='lat' dir='ltr'><strong>ut</strong></span> <span class='ocrx_word' id='word_1_483' title='bbox 752 3783 784 3843; x_wconf 90' lang='grc'><strong>43</strong></span> <span class='ocrx_word' id='word_1_484' title='bbox 812 3799 848 3843; x_wconf 92' lang='grc'><strong>33</strong></span> <span class='ocrx_word' id='word_1_485' title='bbox 863 3782 963 3844; x_wconf 88' lang='lat' dir='ltr'><strong>nomi·</strong></span> <span class='ocrx_word' id='word_1_486' title='bbox 1051 3783 1493 3861; x_wconf 82' lang='lat' dir='ltr'><strong>diebusdominicisusqnead</strong></span> <span class='ocrx_word' id='word_1_487' title='bbox 1507 3783 1676 3845; x_wconf 89' lang='lat' dir='ltr'><strong>sacerdotis</strong></span> <span class='ocrx_word' id='word_1_488' title='bbox 1687 3782 1882 3846; x_wconf 84' lang='lat' dir='ltr'><strong>benedictio·</strong></span> 
     </span>
     <span class='ocr_line' id='line_1_44' title="bbox 139 3861 1299 3943; baseline 0 -15"><span class='ocrx_word' id='word_1_489' title='bbox 139 3872 256 3930; x_wconf 90' lang='lat' dir='ltr'><strong>nentur</strong></span> <span class='ocrx_word' id='word_1_490' title='bbox 284 3870 316 3926; x_wconf 90' lang='lat' dir='ltr'><strong>et</strong></span> <span class='ocrx_word' id='word_1_491' title='bbox 330 3865 523 3926; x_wconf 87' lang='lat' dir='ltr'><strong>honorentur</strong></span> <span class='ocrx_word' id='word_1_492' title='bbox 536 3864 635 3924; x_wconf 90' lang='lat' dir='ltr'><strong>sancti</strong></span> <span class='ocrx_word' id='word_1_493' title='bbox 650 3861 722 3926; x_wconf 87' lang='grc'><strong>538.</strong></span> <span class='ocrx_word' id='word_1_494' title='bbox 753 3878 857 3943; x_wconf 89' lang='grc'><strong>33333</strong></span> <span class='ocrx_word' id='word_1_495' title='bbox 871 3879 961 3942; x_wconf 87' lang='grc'><strong>3333·</strong></span> <span class='ocrx_word' id='word_1_496' title='bbox 1052 3881 1123 3930; x_wconf 88' lang='grc'><strong>333</strong></span> <span class='ocrx_word' id='word_1_497' title='bbox 1139 3865 1211 3928; x_wconf 88' lang='grc'><strong>545.</strong></span> <span class='ocrx_word' id='word_1_498' title='bbox 1225 3865 1299 3928; x_wconf 88' lang='grc'><strong>548.</strong></span> 
     </span>
     <span class='ocr_line' id='line_1_45' title="bbox 139 3943 1878 4028; baseline 0.002 -20"><span class='ocrx_word' id='word_1_499' title='bbox 139 3943 582 4028; x_wconf 75' lang='lat' dir='ltr'><strong>gunt-ejusdemiustitutiont.</strong></span> <span class='ocrx_word' id='word_1_500' title='bbox 609 3948 644 4006; x_wconf 91' lang='lat' dir='ltr'><strong>ut</strong></span> <span class='ocrx_word' id='word_1_501' title='bbox 666 3948 698 4006; x_wconf 89' lang='lat' dir='ltr'><strong>in</strong></span> <span class='ocrx_word' id='word_1_502' title='bbox 720 3959 756 4006; x_wconf 92' lang='lat' dir='ltr'><strong>ea</strong></span> <span class='ocrx_word' id='word_1_503' title='bbox 780 3944 963 4007; x_wconf 78' lang='lat' dir='ltr'><strong>invocentur</strong></span> <span class='ocrx_word' id='word_1_504' title='bbox 1009 3947 1292 4025; x_wconf 87' lang='lat' dir='ltr'><strong>Reprehenduntnr</strong></span> <span class='ocrx_word' id='word_1_505' title='bbox 1306 3947 1358 4025; x_wconf 87' lang='grc'><strong>334</strong></span> <span class='ocrx_word' id='word_1_506' title='bbox 1371 3963 1492 4010; x_wconf 91' lang='lat' dir='ltr'><strong>sacrum</strong></span> <span class='ocrx_word' id='word_1_507' title='bbox 1509 3961 1571 4008; x_wconf 90' lang='lat' dir='ltr'><strong>non</strong></span> <span class='ocrx_word' id='word_1_508' title='bbox 1587 3945 1784 4026; x_wconf 83' lang='lat' dir='ltr'><strong>frequen-tant</strong></span> <span class='ocrx_word' id='word_1_509' title='bbox 1804 3945 1878 4011; x_wconf 89' lang='grc'><strong>323.</strong></span> 
     </span>
    </p>

    <p class='ocr_par' dir='ltr' id='par_1_29' title="bbox 18 4023 1880 4103">
     <span class='ocr_line' id='line_1_46' title="bbox 18 4023 1880 4103; baseline 0.001 -13"><span class='ocrx_word' id='word_1_510' title='bbox 18 4046 23 4102; x_wconf 73' lang='lat' dir='ltr'><strong>r</strong></span> <span class='ocrx_word' id='word_1_511' title='bbox 140 4030 252 4100; x_wconf 89' lang='lat' dir='ltr'><strong>sancti,</strong></span> <span class='ocrx_word' id='word_1_512' title='bbox 267 4043 306 4090; x_wconf 90' lang='lat' dir='ltr'><strong>eo</strong></span> <span class='ocrx_word' id='word_1_513' title='bbox 320 4027 491 4103; x_wconf 71' lang='lat' dir='ltr'><strong>modoque</strong></span> <span class='ocrx_word' id='word_1_514' title='bbox 505 4024 544 4086; x_wconf 88' lang='lat' dir='ltr'><strong>ab</strong></span> <span class='ocrx_word' id='word_1_515' title='bbox 558 4023 699 4089; x_wconf 78' lang='lat' dir='ltr'><strong>Ecclesia</strong></span> <span class='ocrx_word' id='word_1_516' title='bbox 713 4026 866 4088; x_wconf 91' lang='lat' dir='ltr'><strong>catholiea</strong></span> <span class='ocrx_word' id='word_1_517' title='bbox 879 4025 964 4088; x_wconf 87' lang='lat' dir='ltr'><strong>iuro·</strong></span> <span class='ocrx_word' id='word_1_518' title='bbox 1009 4031 1124 4092; x_wconf 87' lang='lat' dir='ltr'><strong>ldissae</strong></span> <span class='ocrx_word' id='word_1_519' title='bbox 1136 4029 1229 4090; x_wconf 90' lang='grc'><strong>33433</strong></span> <span class='ocrx_word' id='word_1_520' title='bbox 1245 4028 1423 4102; x_wconf 88' lang='lat' dir='ltr'><strong>celebratio,</strong></span> <span class='ocrx_word' id='word_1_521' title='bbox 1441 4043 1503 4090; x_wconf 92' lang='lat' dir='ltr'><strong>uno</strong></span> <span class='ocrx_word' id='word_1_522' title='bbox 1520 4031 1636 4090; x_wconf 88' lang='lat' dir='ltr'><strong>tanturn</strong></span> <span class='ocrx_word' id='word_1_523' title='bbox 1649 4028 1680 4090; x_wconf 92' lang='lat' dir='ltr'><strong>iu</strong></span> <span class='ocrx_word' id='word_1_524' title='bbox 1697 4029 1778 4101; x_wconf 92' lang='lat' dir='ltr'><strong>loco,</strong></span> <span class='ocrx_word' id='word_1_525' title='bbox 1791 4029 1823 4090; x_wconf 91' lang='lat' dir='ltr'><strong>in</strong></span> <span class='ocrx_word' id='word_1_526' title='bbox 1837 4029 1880 4092; x_wconf 87' lang='grc'><strong>43·</strong></span> 
     </span>
    </p>

    <p class='ocr_par' dir='ltr' id='par_1_30' title="bbox 140 4107 1586 4173">
     <span class='ocr_line' id='line_1_47' title="bbox 140 4107 1586 4173; baseline -0.002 0"><span class='ocrx_word' id='word_1_527' title='bbox 140 4111 203 4173; x_wconf 89' lang='grc'><strong>3334</strong></span> <span class='ocrx_word' id='word_1_528' title='bbox 216 4110 321 4172; x_wconf 86' lang='grc'><strong>334334</strong></span> <span class='ocrx_word' id='word_1_529' title='bbox 332 4107 414 4172; x_wconf 78' lang='lat' dir='ltr'><strong>thid</strong></span> <span class='ocrx_word' id='word_1_530' title='bbox 1050 4111 1093 4172; x_wconf 89' lang='lat' dir='ltr'><strong>ria</strong></span> <span class='ocrx_word' id='word_1_531' title='bbox 1111 4109 1145 4171; x_wconf 89' lang='grc'><strong>5.·</strong></span> <span class='ocrx_word' id='word_1_532' title='bbox 1159 4125 1274 4170; x_wconf 88' lang='grc'><strong>333333</strong></span> <span class='ocrx_word' id='word_1_533' title='bbox 1290 4111 1410 4171; x_wconf 89' lang='lat' dir='ltr'><strong>llomini</strong></span> <span class='ocrx_word' id='word_1_534' title='bbox 1427 4109 1500 4171; x_wconf 86' lang='grc'><strong>546.</strong></span> <span class='ocrx_word' id='word_1_535' title='bbox 1513 4109 1586 4172; x_wconf 87' lang='grc'><strong>544.</strong></span> 
     </span>
    </p>

    <p class='ocr_par' dir='ltr' id='par_1_31' title="bbox 18 4185 1878 4418">
     <span class='ocr_line' id='line_1_48' title="bbox 18 4185 1873 4271; baseline -0.001 -17"><span class='ocrx_word' id='word_1_536' title='bbox 18 4211 23 4271; x_wconf 65' lang='lat' dir='ltr'><strong>r</strong></span> <span class='ocrx_word' id='word_1_537' title='bbox 93 4193 134 4254; x_wconf 92' lang='lat' dir='ltr'><strong>ln</strong></span> <span class='ocrx_word' id='word_1_538' title='bbox 151 4193 265 4254; x_wconf 89' lang='lat' dir='ltr'><strong>missae</strong></span> <span class='ocrx_word' id='word_1_539' title='bbox 279 4188 432 4254; x_wconf 85' lang='grc'><strong>3333441343</strong></span> <span class='ocrx_word' id='word_1_540' title='bbox 443 4185 608 4265; x_wconf 88' lang='grc'><strong>33443333</strong></span> <span class='ocrx_word' id='word_1_541' title='bbox 625 4188 699 4263; x_wconf 81' lang='lat' dir='ltr'><strong>heo,</strong></span> <span class='ocrx_word' id='word_1_542' title='bbox 714 4193 777 4250; x_wconf 90' lang='grc'><strong>433</strong></span> <span class='ocrx_word' id='word_1_543' title='bbox 793 4193 962 4250; x_wconf 76' lang='grc'><strong>3433344443</strong></span> <span class='ocrx_word' id='word_1_544' title='bbox 1008 4190 1198 4256; x_wconf 85' lang='lat' dir='ltr'><strong>Sacrillcium</strong></span> <span class='ocrx_word' id='word_1_545' title='bbox 1215 4193 1368 4252; x_wconf 89' lang='lat' dir='ltr'><strong>occultum</strong></span> <span class='ocrx_word' id='word_1_546' title='bbox 1385 4191 1496 4251; x_wconf 86' lang='lat' dir='ltr'><strong>dieitur</strong></span> <span class='ocrx_word' id='word_1_547' title='bbox 1511 4189 1695 4253; x_wconf 83' lang='lat' dir='ltr'><strong>sacrificium</strong></span> <span class='ocrx_word' id='word_1_548' title='bbox 1722 4191 1873 4254; x_wconf 89' lang='lat' dir='ltr'><strong>schisma-</strong></span> 
     </span>
     <span class='ocr_line' id='line_1_49' title="bbox 141 4269 1711 4352; baseline -0.003 -16"><span class='ocrx_word' id='word_1_549' title='bbox 141 4291 198 4352; x_wconf 88' lang='grc'><strong>333</strong></span> <span class='ocrx_word' id='word_1_550' title='bbox 214 4273 305 4334; x_wconf 87' lang='lat' dir='ltr'><strong>nobis</strong></span> <span class='ocrx_word' id='word_1_551' title='bbox 320 4285 408 4332; x_wconf 91' lang='lat' dir='ltr'><strong>orare</strong></span> <span class='ocrx_word' id='word_1_552' title='bbox 426 4269 528 4344; x_wconf 85' lang='lat' dir='ltr'><strong>lactat,</strong></span> <span class='ocrx_word' id='word_1_553' title='bbox 541 4275 605 4332; x_wconf 89' lang='lat' dir='ltr'><strong>turn</strong></span> <span class='ocrx_word' id='word_1_554' title='bbox 634 4275 668 4332; x_wconf 92' lang='lat' dir='ltr'><strong>ut</strong></span> <span class='ocrx_word' id='word_1_555' title='bbox 692 4269 764 4333; x_wconf 89' lang='lat' dir='ltr'><strong>illos</strong></span> <span class='ocrx_word' id='word_1_556' title='bbox 793 4286 848 4349; x_wconf 92' lang='lat' dir='ltr'><strong>pro</strong></span> <span class='ocrx_word' id='word_1_557' title='bbox 873 4271 964 4332; x_wconf 88' lang='lat' dir='ltr'><strong>nohis</strong></span> <span class='ocrx_word' id='word_1_558' title='bbox 1051 4271 1268 4334; x_wconf 87' lang='grc'><strong>4433333546.</strong></span> <span class='ocrx_word' id='word_1_559' title='bbox 1286 4271 1361 4333; x_wconf 88' lang='grc'><strong>544.</strong></span> <span class='ocrx_word' id='word_1_560' title='bbox 1709 4321 1711 4325; x_wconf 94' lang='grc'><strong>.</strong></span> 
     </span>
     <span class='ocr_line' id='line_1_50' title="bbox 138 4349 1878 4418; baseline -0.001 0"><span class='ocrx_word' id='word_1_561' title='bbox 138 4360 264 4417; x_wconf 86' lang='lat' dir='ltr'><strong>orantes</strong></span> <span class='ocrx_word' id='word_1_562' title='bbox 279 4351 423 4415; x_wconf 77' lang='lat' dir='ltr'><strong>exaudiet</strong></span> <span class='ocrx_word' id='word_1_563' title='bbox 437 4349 511 4411; x_wconf 79' lang='grc'><strong>539.</strong></span> <span class='ocrx_word' id='word_1_564' title='bbox 560 4397 566 4406; x_wconf 50' lang='lat'><em>1</em></span> <span class='ocrx_word' id='word_1_565' title='bbox 1008 4355 1069 4418; x_wconf 83' lang='lat' dir='ltr'><strong>&#39;ier</strong></span> <span class='ocrx_word' id='word_1_566' title='bbox 1083 4371 1169 4416; x_wconf 89' lang='lat' dir='ltr'><strong>sacra</strong></span> <span class='ocrx_word' id='word_1_567' title='bbox 1185 4354 1343 4417; x_wconf 86' lang='lat' dir='ltr'><strong>celebrant</strong></span> <span class='ocrx_word' id='word_1_568' title='bbox 1357 4353 1534 4416; x_wconf 90' lang='lat' dir='ltr'><strong>sacerdotes</strong></span> <span class='ocrx_word' id='word_1_569' title='bbox 1545 4351 1576 4413; x_wconf 93' lang='lat' dir='ltr'><strong>in</strong></span> <span class='ocrx_word' id='word_1_570' title='bbox 1589 4352 1640 4416; x_wconf 90' lang='lat' dir='ltr'><strong>dic</strong></span> <span class='ocrx_word' id='word_1_571' title='bbox 1653 4353 1761 4416; x_wconf 88' lang='grc'><strong>3343443</strong></span> <span class='ocrx_word' id='word_1_572' title='bbox 1773 4353 1878 4417; x_wconf 85' lang='lat' dir='ltr'><strong>Domi·</strong></span> 
     </span>
    </p>

    <p class='ocr_par' dir='ltr' id='par_1_32' title="bbox 94 4431 1170 4661">
     <span class='ocr_line' id='line_1_51' title="bbox 94 4431 1170 4509; baseline 0.001 -13"><span class='ocrx_word' id='word_1_573' title='bbox 94 4437 135 4497; x_wconf 91' lang='lat' dir='ltr'><strong>ln</strong></span> <span class='ocrx_word' id='word_1_574' title='bbox 151 4437 267 4498; x_wconf 86' lang='lat' dir='ltr'><strong>missae</strong></span> <span class='ocrx_word' id='word_1_575' title='bbox 283 4431 437 4495; x_wconf 88' lang='lat' dir='ltr'><strong>sacrillcio</strong></span> <span class='ocrx_word' id='word_1_576' title='bbox 459 4436 585 4492; x_wconf 92' lang='lat' dir='ltr'><strong>sanctos</strong></span> <span class='ocrx_word' id='word_1_577' title='bbox 608 4431 824 4503; x_wconf 88' lang='lat' dir='ltr'><strong>nominamus,</strong></span> <span class='ocrx_word' id='word_1_578' title='bbox 854 4438 888 4493; x_wconf 94' lang='lat' dir='ltr'><strong>ut</strong></span> <span class='ocrx_word' id='word_1_579' title='bbox 908 4449 965 4509; x_wconf 93' lang='lat' dir='ltr'><strong>pro</strong></span> <span class='ocrx_word' id='word_1_580' title='bbox 1038 4436 1081 4497; x_wconf 67' lang='lat' dir='ltr'><strong>»ni</strong></span> <span class='ocrx_word' id='word_1_581' title='bbox 1098 4433 1170 4497; x_wconf 85' lang='grc'><strong>384.</strong></span> 
     </span>
     <span class='ocr_line' id='line_1_52' title="bbox 137 4511 964 4593; baseline -0.002 -15"><span class='ocrx_word' id='word_1_582' title='bbox 137 4532 247 4578; x_wconf 92' lang='lat' dir='ltr'><strong>eorum</strong></span> <span class='ocrx_word' id='word_1_583' title='bbox 263 4512 391 4578; x_wconf 86' lang='grc'><strong>34343343</strong></span> <span class='ocrx_word' id='word_1_584' title='bbox 404 4513 468 4572; x_wconf 87' lang='lat' dir='ltr'><strong>lieo</strong></span> <span class='ocrx_word' id='word_1_585' title='bbox 482 4511 670 4576; x_wconf 87' lang='lat' dir='ltr'><strong>sacrificium</strong></span> <span class='ocrx_word' id='word_1_586' title='bbox 683 4514 846 4593; x_wconf 74' lang='lat' dir='ltr'><strong>gratiarum</strong></span> <span class='ocrx_word' id='word_1_587' title='bbox 871 4515 964 4576; x_wconf 88' lang='lat' dir='ltr'><strong>actio·</strong></span> 
     </span>
     <span class='ocr_line' id='line_1_53' title="bbox 137 4591 552 4661; baseline -0.017 -1"><span class='ocrx_word' id='word_1_588' title='bbox 137 4599 189 4660; x_wconf 92' lang='lat' dir='ltr'><strong>nis</strong></span> <span class='ocrx_word' id='word_1_589' title='bbox 210 4596 378 4661; x_wconf 75' lang='lat' dir='ltr'><strong>offeramus</strong></span> <span class='ocrx_word' id='word_1_590' title='bbox 388 4593 461 4656; x_wconf 89' lang='grc'><strong>538.</strong></span> <span class='ocrx_word' id='word_1_591' title='bbox 478 4591 552 4657; x_wconf 85' lang='grc'><strong>539.</strong></span> 
     </span>
    </p>
   </div>
   <div class='ocr_carea' id='block_1_3' title="bbox 1270 4591 1613 4717">
    <p class='ocr_par' dir='ltr' id='par_1_33' title="bbox 1270 4591 1613 4717">
     <span class='ocr_line' id='line_1_54' title="bbox 1270 4591 1613 4717; baseline -0.006 -17"><span class='ocrx_word' id='word_1_592' title='bbox 1270 4637 1444 4717; x_wconf 78' lang='lat' dir='ltr'><strong>iteponere</strong></span> <span class='ocrx_word' id='word_1_593' title='bbox 1467 4591 1613 4714; x_wconf 77' lang='grc'><strong>4433333.</strong></span> 
     </span>
    </p>
   </div>
   <div class='ocr_carea' id='block_1_4' title="bbox 18 4803 1878 5642">
    <p class='ocr_par' dir='ltr' id='par_1_34' title="bbox 314 4803 1878 4910">
     <span class='ocr_line' id='line_1_55' title="bbox 314 4803 1878 4910; baseline -0.003 -13"><span class='ocrx_word' id='word_1_594' title='bbox 314 4859 319 4866; x_wconf 82' lang='grc'><em>·</em></span> <span class='ocrx_word' id='word_1_595' title='bbox 364 4807 411 4870; x_wconf 68' lang='lat'><strong>9⁹</strong></span> <span class='ocrx_word' id='word_1_596' title='bbox 423 4803 687 4886; x_wconf 49' lang='lat' dir='ltr'><strong>mssfflfflvstlss·</strong></span> <span class='ocrx_word' id='word_1_597' title='bbox 1011 4835 1056 4897; x_wconf 86' lang='lat' dir='ltr'><strong>dd</strong></span> <span class='ocrx_word' id='word_1_598' title='bbox 1073 4833 1197 4895; x_wconf 91' lang='lat' dir='ltr'><strong>missam</strong></span> <span class='ocrx_word' id='word_1_599' title='bbox 1213 4833 1368 4910; x_wconf 87' lang='lat' dir='ltr'><strong>pertinent</strong></span> <span class='ocrx_word' id='word_1_600' title='bbox 1382 4832 1474 4894; x_wconf 89' lang='lat' dir='ltr'><strong>lectio</strong></span> <span class='ocrx_word' id='word_1_601' title='bbox 1490 4831 1761 4908; x_wconf 87' lang='lat' dir='ltr'><strong>Scriptururum,et</strong></span> <span class='ocrx_word' id='word_1_602' title='bbox 1775 4831 1878 4910; x_wconf 89' lang='lat' dir='ltr'><strong>puhli-</strong></span> 
     </span>
    </p>

    <p class='ocr_par' dir='ltr' id='par_1_35' title="bbox 1053 4911 1878 4983">
     <span class='ocr_line' id='line_1_56' title="bbox 1053 4911 1878 4983; baseline -0.005 -6"><span class='ocrx_word' id='word_1_603' title='bbox 1053 4933 1087 4977; x_wconf 91' lang='lat' dir='ltr'><strong>ca</strong></span> <span class='ocrx_word' id='word_1_604' title='bbox 1104 4915 1394 4983; x_wconf 86' lang='lat' dir='ltr'><strong>oratio;saeramenti</strong></span> <span class='ocrx_word' id='word_1_605' title='bbox 1412 4911 1625 4974; x_wconf 80' lang='lat' dir='ltr'><strong>Eucharistiae</strong></span> <span class='ocrx_word' id='word_1_606' title='bbox 1639 4915 1833 4975; x_wconf 88' lang='lat' dir='ltr'><strong>consecratio</strong></span> <span class='ocrx_word' id='word_1_607' title='bbox 1848 4921 1878 4974; x_wconf 89' lang='grc'><strong>34</strong></span> 
     </span>
    </p>

    <p class='ocr_par' dir='ltr' id='par_1_36' title="bbox 90 4993 1878 5073">
     <span class='ocr_line' id='line_1_57' title="bbox 90 4993 1878 5073; baseline -0.003 -14"><span class='ocrx_word' id='word_1_608' title='bbox 90 4995 191 5060; x_wconf 86' lang='grc'><strong>444333</strong></span> <span class='ocrx_word' id='word_1_609' title='bbox 205 4993 320 5073; x_wconf 71' lang='lat' dir='ltr'><strong>palpata</strong></span> <span class='ocrx_word' id='word_1_610' title='bbox 334 4993 476 5055; x_wconf 86' lang='lat' dir='ltr'><strong>dicituro</strong></span> <span class='ocrx_word' id='word_1_611' title='bbox 491 4995 561 5058; x_wconf 93' lang='grc'><strong>4333</strong></span> <span class='ocrx_word' id='word_1_612' title='bbox 583 4993 657 5058; x_wconf 91' lang='grc'><strong>546.</strong></span> <span class='ocrx_word' id='word_1_613' title='bbox 673 4994 745 5058; x_wconf 88' lang='grc'><strong>544.</strong></span> <span class='ocrx_word' id='word_1_614' title='bbox 776 4999 914 5072; x_wconf 84' lang='grc'><strong>4333333</strong></span> <span class='ocrx_word' id='word_1_615' title='bbox 930 4996 960 5060; x_wconf 91' lang='grc'><strong>43</strong></span> <span class='ocrx_word' id='word_1_616' title='bbox 1049 4994 1252 5073; x_wconf 90' lang='lat' dir='ltr'><strong>dispensatio,</strong></span> <span class='ocrx_word' id='word_1_617' title='bbox 1269 5003 1298 5057; x_wconf 93' lang='lat' dir='ltr'><strong>et</strong></span> <span class='ocrx_word' id='word_1_618' title='bbox 1313 4993 1454 5058; x_wconf 86' lang='lat' dir='ltr'><strong>saerillcii</strong></span> <span class='ocrx_word' id='word_1_619' title='bbox 1471 4993 1585 5055; x_wconf 92' lang='lat' dir='ltr'><strong>oblatio</strong></span> <span class='ocrx_word' id='word_1_620' title='bbox 1600 5000 1691 5071; x_wconf 85' lang='lat' dir='ltr'><strong>atnoe</strong></span> <span class='ocrx_word' id='word_1_621' title='bbox 1707 4995 1783 5055; x_wconf 89' lang='lat' dir='ltr'><strong>hacc</strong></span> <span class='ocrx_word' id='word_1_622' title='bbox 1794 4993 1878 5056; x_wconf 90' lang='lat' dir='ltr'><strong>ohla-</strong></span> 
     </span>
    </p>

    <p class='ocr_par' dir='ltr' id='par_1_37' title="bbox 25 5074 1878 5156">
     <span class='ocr_line' id='line_1_58' title="bbox 25 5074 1878 5156; baseline 0.001 -18"><span class='ocrx_word' id='word_1_623' title='bbox 25 5114 28 5123; x_wconf 91' lang='lat'><em>·</em></span> <span class='ocrx_word' id='word_1_624' title='bbox 136 5074 530 5154; x_wconf 85' lang='grc'><strong>333433443343433542.3</strong></span> <span class='ocrx_word' id='word_1_625' title='bbox 546 5075 679 5155; x_wconf 88' lang='grc'><strong>633333</strong></span> <span class='ocrx_word' id='word_1_626' title='bbox 700 5077 803 5154; x_wconf 90' lang='grc'><strong>344333</strong></span> <span class='ocrx_word' id='word_1_627' title='bbox 824 5092 858 5138; x_wconf 88' lang='grc'><strong>33</strong></span> <span class='ocrx_word' id='word_1_628' title='bbox 870 5079 960 5155; x_wconf 89' lang='lat' dir='ltr'><strong>parti·</strong></span> <span class='ocrx_word' id='word_1_629' title='bbox 1012 5123 1015 5132; x_wconf 95' lang='lat'><em>.</em></span> <span class='ocrx_word' id='word_1_630' title='bbox 1052 5079 1096 5138; x_wconf 92' lang='grc'><strong>443</strong></span> <span class='ocrx_word' id='word_1_631' title='bbox 1112 5077 1212 5156; x_wconf 79' lang='lat' dir='ltr'><strong>magis</strong></span> <span class='ocrx_word' id='word_1_632' title='bbox 1226 5078 1255 5137; x_wconf 95' lang='lat' dir='ltr'><strong>in</strong></span> <span class='ocrx_word' id='word_1_633' title='bbox 1272 5093 1319 5154; x_wconf 90' lang='lat' dir='ltr'><strong>re,</strong></span> <span class='ocrx_word' id='word_1_634' title='bbox 1336 5091 1426 5156; x_wconf 84' lang='lat' dir='ltr'><strong>quum</strong></span> <span class='ocrx_word' id='word_1_635' title='bbox 1453 5078 1484 5136; x_wconf 89' lang='lat' dir='ltr'><strong>lu</strong></span> <span class='ocrx_word' id='word_1_636' title='bbox 1510 5075 1614 5137; x_wconf 82' lang='lat' dir='ltr'><strong>verbis</strong></span> <span class='ocrx_word' id='word_1_637' title='bbox 1640 5075 1783 5137; x_wconf 84' lang='grc'><strong>33334334</strong></span> <span class='ocrx_word' id='word_1_638' title='bbox 1805 5075 1878 5139; x_wconf 86' lang='grc'><strong>546.</strong></span> 
     </span>
    </p>

    <p class='ocr_par' dir='ltr' id='par_1_38' title="bbox 35 5155 1122 5237">
     <span class='ocr_line' id='line_1_59' title="bbox 35 5155 1122 5237; baseline -0.001 -18"><span class='ocrx_word' id='word_1_639' title='bbox 35 5192 39 5199; x_wconf 91' lang='lat'><strong>·</strong></span> <span class='ocrx_word' id='word_1_640' title='bbox 136 5159 235 5220; x_wconf 89' lang='grc'><strong>334334</strong></span> <span class='ocrx_word' id='word_1_641' title='bbox 249 5156 323 5219; x_wconf 90' lang='grc'><strong>542.</strong></span> <span class='ocrx_word' id='word_1_642' title='bbox 336 5155 604 5234; x_wconf 72' lang='grc'><strong>5443333333</strong></span> <span class='ocrx_word' id='word_1_643' title='bbox 618 5174 725 5220; x_wconf 88' lang='grc'><strong>33333</strong></span> <span class='ocrx_word' id='word_1_644' title='bbox 742 5159 793 5237; x_wconf 89' lang='grc'><strong>334</strong></span> <span class='ocrx_word' id='word_1_645' title='bbox 810 5157 964 5220; x_wconf 87' lang='lat' dir='ltr'><strong>intersunt</strong></span> <span class='ocrx_word' id='word_1_646' title='bbox 1049 5156 1122 5219; x_wconf 89' lang='grc'><strong>544.</strong></span> 
     </span>
    </p>

    <p class='ocr_par' dir='ltr' id='par_1_39' title="bbox 19 5236 1877 5316">
     <span class='ocr_line' id='line_1_60' title="bbox 19 5236 1877 5316; baseline 0.003 -21"><span class='ocrx_word' id='word_1_647' title='bbox 19 5292 20 5295; x_wconf 74' lang='grc'>,</span> <span class='ocrx_word' id='word_1_648' title='bbox 139 5236 216 5302; x_wconf 88' lang='grc'><strong>542.</strong></span> <span class='ocrx_word' id='word_1_649' title='bbox 228 5240 496 5312; x_wconf 85' lang='grc'><strong>3434444333434433</strong></span> <span class='ocrx_word' id='word_1_650' title='bbox 511 5240 624 5316; x_wconf 82' lang='lat' dir='ltr'><strong>privata</strong></span> <span class='ocrx_word' id='word_1_651' title='bbox 654 5256 669 5301; x_wconf 90' lang='lat' dir='ltr'><strong>a</strong></span> <span class='ocrx_word' id='word_1_652' title='bbox 691 5237 890 5300; x_wconf 89' lang='lat' dir='ltr'><strong>distinctione</strong></span> <span class='ocrx_word' id='word_1_653' title='bbox 906 5256 961 5316; x_wconf 90' lang='lat' dir='ltr'><strong>pu·</strong></span> <span class='ocrx_word' id='word_1_654' title='bbox 1008 5239 1092 5302; x_wconf 84' lang='lat' dir='ltr'><strong>Haeo</strong></span> <span class='ocrx_word' id='word_1_655' title='bbox 1104 5239 1218 5299; x_wconf 89' lang='lat' dir='ltr'><strong>ohintiu</strong></span> <span class='ocrx_word' id='word_1_656' title='bbox 1233 5254 1302 5300; x_wconf 78' lang='lat' dir='ltr'><strong>vera</strong></span> <span class='ocrx_word' id='word_1_657' title='bbox 1318 5245 1347 5299; x_wconf 92' lang='grc'><strong>34</strong></span> <span class='ocrx_word' id='word_1_658' title='bbox 1363 5237 1456 5299; x_wconf 89' lang='grc'><strong>333443</strong></span> <span class='ocrx_word' id='word_1_659' title='bbox 1471 5243 1518 5298; x_wconf 91' lang='grc'><strong>334</strong></span> <span class='ocrx_word' id='word_1_660' title='bbox 1534 5236 1583 5297; x_wconf 88' lang='grc'><strong>4443</strong></span> <span class='ocrx_word' id='word_1_661' title='bbox 1610 5238 1712 5316; x_wconf 88' lang='grc'><strong>33443,</strong></span> <span class='ocrx_word' id='word_1_662' title='bbox 1729 5253 1787 5316; x_wconf 89' lang='grc'><strong>333</strong></span> <span class='ocrx_word' id='word_1_663' title='bbox 1811 5254 1877 5301; x_wconf 90' lang='grc'><strong>333-</strong></span> 
     </span>
    </p>

    <p class='ocr_par' dir='ltr' id='par_1_40' title="bbox 26 5317 1875 5398">
     <span class='ocr_line' id='line_1_61' title="bbox 26 5317 1875 5398; baseline -0.001 -18"><span class='ocrx_word' id='word_1_664' title='bbox 26 5324 30 5333; x_wconf 83' lang='grc'><strong><em>·</em></strong></span> <span class='ocrx_word' id='word_1_665' title='bbox 134 5317 252 5392; x_wconf 88' lang='lat' dir='ltr'><strong>hlicae,</strong></span> <span class='ocrx_word' id='word_1_666' title='bbox 268 5329 299 5382; x_wconf 92' lang='lat' dir='ltr'><strong>et</strong></span> <span class='ocrx_word' id='word_1_667' title='bbox 309 5321 461 5383; x_wconf 88' lang='lat' dir='ltr'><strong>solemnis</strong></span> <span class='ocrx_word' id='word_1_668' title='bbox 475 5321 676 5398; x_wconf 84' lang='lat' dir='ltr'><strong>quaedicitor</strong></span> <span class='ocrx_word' id='word_1_669' title='bbox 693 5323 722 5382; x_wconf 89' lang='lat' dir='ltr'><strong>lu</strong></span> <span class='ocrx_word' id='word_1_670' title='bbox 738 5335 860 5381; x_wconf 90' lang='lat' dir='ltr'><strong>summo</strong></span> <span class='ocrx_word' id='word_1_671' title='bbox 875 5320 962 5381; x_wconf 90' lang='lat' dir='ltr'><strong>altari</strong></span> <span class='ocrx_word' id='word_1_672' title='bbox 1052 5335 1110 5398; x_wconf 93' lang='lat' dir='ltr'><strong>pus</strong></span> <span class='ocrx_word' id='word_1_673' title='bbox 1125 5319 1245 5380; x_wconf 85' lang='lat' dir='ltr'><strong>Domini</strong></span> <span class='ocrx_word' id='word_1_674' title='bbox 1263 5322 1301 5381; x_wconf 93' lang='lat' dir='ltr'><strong>ad</strong></span> <span class='ocrx_word' id='word_1_675' title='bbox 1317 5319 1372 5380; x_wconf 82' lang='lat' dir='ltr'><strong>lici</strong></span> <span class='ocrx_word' id='word_1_676' title='bbox 1386 5319 1535 5385; x_wconf 86' lang='lat' dir='ltr'><strong>honorent</strong></span> <span class='ocrx_word' id='word_1_677' title='bbox 1549 5317 1675 5381; x_wconf 90' lang='lat' dir='ltr'><strong>ollertur</strong></span> <span class='ocrx_word' id='word_1_678' title='bbox 1688 5323 1717 5379; x_wconf 91' lang='lat' dir='ltr'><strong>in</strong></span> <span class='ocrx_word' id='word_1_679' title='bbox 1731 5319 1875 5388; x_wconf 72' lang='grc'><strong>31433434.</strong></span> 
     </span>
    </p>

    <p class='ocr_par' dir='ltr' id='par_1_41' title="bbox 19 5399 1876 5567">
     <span class='ocr_line' id='line_1_62' title="bbox 134 5399 1876 5480; baseline 0 -18"><span class='ocrx_word' id='word_1_680' title='bbox 134 5399 213 5462; x_wconf 90' lang='grc'><strong>543.</strong></span> <span class='ocrx_word' id='word_1_681' title='bbox 226 5401 362 5480; x_wconf 88' lang='grc'><strong>3334333</strong></span> <span class='ocrx_word' id='word_1_682' title='bbox 376 5401 436 5462; x_wconf 89' lang='grc'><strong>3434</strong></span> <span class='ocrx_word' id='word_1_683' title='bbox 452 5405 555 5478; x_wconf 89' lang='grc'><strong>334334</strong></span> <span class='ocrx_word' id='word_1_684' title='bbox 575 5402 703 5478; x_wconf 87' lang='lat' dir='ltr'><strong>prirata,</strong></span> <span class='ocrx_word' id='word_1_685' title='bbox 724 5401 757 5462; x_wconf 91' lang='lat' dir='ltr'><strong>in</strong></span> <span class='ocrx_word' id='word_1_686' title='bbox 785 5417 848 5478; x_wconf 90' lang='grc'><strong>333</strong></span> <span class='ocrx_word' id='word_1_687' title='bbox 867 5402 963 5473; x_wconf 60' lang='grc'><strong>,33433</strong></span> <span class='ocrx_word' id='word_1_688' title='bbox 1051 5400 1139 5462; x_wconf 90' lang='lat' dir='ltr'><strong>iamsi</strong></span> <span class='ocrx_word' id='word_1_689' title='bbox 1157 5401 1258 5461; x_wconf 89' lang='lat' dir='ltr'><strong>rerhis</strong></span> <span class='ocrx_word' id='word_1_690' title='bbox 1276 5403 1491 5477; x_wconf 89' lang='grc'><strong>3333433433,</strong></span> <span class='ocrx_word' id='word_1_691' title='bbox 1509 5399 1624 5471; x_wconf 87' lang='grc'><strong>344333,</strong></span> <span class='ocrx_word' id='word_1_692' title='bbox 1649 5400 1694 5462; x_wconf 86' lang='lat' dir='ltr'><strong>rol</strong></span> <span class='ocrx_word' id='word_1_693' title='bbox 1718 5399 1876 5465; x_wconf 86' lang='lat' dir='ltr'><strong>ollcrirnns</strong></span> 
     </span>
     <span class='ocr_line' id='line_1_63' title="bbox 19 5479 1395 5567; baseline 0.001 -24"><span class='ocrx_word' id='word_1_694' title='bbox 19 5555 23 5567; x_wconf 43' lang='lat'>‚</span> <span class='ocrx_word' id='word_1_695' title='bbox 135 5483 288 5545; x_wconf 89' lang='lat' dir='ltr'><strong>sacerdos</strong></span> <span class='ocrx_word' id='word_1_696' title='bbox 302 5485 555 5556; x_wconf 86' lang='lat' dir='ltr'><strong>communicat,et</strong></span> <span class='ocrx_word' id='word_1_697' title='bbox 568 5482 649 5542; x_wconf 89' lang='lat' dir='ltr'><strong>hanc</strong></span> <span class='ocrx_word' id='word_1_698' title='bbox 660 5484 840 5560; x_wconf 88' lang='lat' dir='ltr'><strong>praesertim</strong></span> <span class='ocrx_word' id='word_1_699' title='bbox 854 5483 964 5543; x_wconf 90' lang='lat' dir='ltr'><strong>nolunt</strong></span> <span class='ocrx_word' id='word_1_700' title='bbox 1053 5480 1126 5543; x_wconf 89' lang='grc'><strong>563.</strong></span> <span class='ocrx_word' id='word_1_701' title='bbox 1143 5481 1215 5542; x_wconf 72' lang='lat' dir='ltr'><strong>tut.</strong></span> <span class='ocrx_word' id='word_1_702' title='bbox 1233 5479 1305 5542; x_wconf 88' lang='grc'><strong>525.</strong></span> <span class='ocrx_word' id='word_1_703' title='bbox 1322 5481 1395 5544; x_wconf 90' lang='grc'><strong>548.</strong></span> 
     </span>
    </p>

    <p class='ocr_par' dir='ltr' id='par_1_42' title="bbox 18 5561 1876 5642">
     <span class='ocr_line' id='line_1_64' title="bbox 18 5561 1876 5642; baseline 0 -17"><span class='ocrx_word' id='word_1_704' title='bbox 18 5570 29 5599; x_wconf 54' lang='lat'><strong>&#39;³&#39;</strong></span> <span class='ocrx_word' id='word_1_705' title='bbox 135 5564 202 5638; x_wconf 91' lang='lat' dir='ltr'><strong>ullo</strong></span> <span class='ocrx_word' id='word_1_706' title='bbox 224 5563 317 5627; x_wconf 90' lang='lat' dir='ltr'><strong>modo</strong></span> <span class='ocrx_word' id='word_1_707' title='bbox 345 5564 506 5626; x_wconf 89' lang='lat' dir='ltr'><strong>admittere</strong></span> <span class='ocrx_word' id='word_1_708' title='bbox 532 5563 705 5638; x_wconf 90' lang='lat' dir='ltr'><strong>haeretici,</strong></span> <span class='ocrx_word' id='word_1_709' title='bbox 733 5563 962 5628; x_wconf 83' lang='lat' dir='ltr'><strong>contendentes</strong></span> <span class='ocrx_word' id='word_1_710' title='bbox 1012 5561 1124 5624; x_wconf 86' lang='grc'><strong>4443333</strong></span> <span class='ocrx_word' id='word_1_711' title='bbox 1139 5562 1322 5625; x_wconf 83' lang='lat' dir='ltr'><strong>sacrificium</strong></span> <span class='ocrx_word' id='word_1_712' title='bbox 1340 5581 1400 5626; x_wconf 92' lang='lat' dir='ltr'><strong>non</strong></span> <span class='ocrx_word' id='word_1_713' title='bbox 1417 5566 1464 5625; x_wconf 90' lang='lat' dir='ltr'><strong>est</strong></span> <span class='ocrx_word' id='word_1_714' title='bbox 1478 5561 1671 5626; x_wconf 87' lang='grc'><strong>3443333333</strong></span> <span class='ocrx_word' id='word_1_715' title='bbox 1693 5562 1797 5642; x_wconf 75' lang='lat' dir='ltr'><strong>lingua</strong></span> <span class='ocrx_word' id='word_1_716' title='bbox 1814 5565 1876 5626; x_wconf 90' lang='lat' dir='ltr'><strong>rul-</strong></span> 
     </span>
    </p>
   </div>
   <div class='ocr_carea' id='block_1_5' title="bbox 0 0 2046 6275">
    <p class='ocr_par' dir='ltr' id='par_1_43' title="bbox 0 0 2046 6275">
     <span class='ocr_line' id='line_1_65' title="bbox 0 0 2046 6275; baseline 0 1"><span class='ocrx_word' id='word_1_717' title='bbox 0 0 2046 6275; x_wconf 95' lang='lat' dir='ltr'><strong> </strong></span> 
     </span>
    </p>
   </div>
  </div>
 </body>
</html>
