4084 6275
809 399 905 460 ttbhtt
923 399 1065 460 TERTIUS
1708 401 1762 455 tbi

67 528 342 617 gaidoaldistinnte
356 528 478 611 aliquod
495 549 617 601 narrare
633 553 644 614 3
673 541 704 600 el
729 533 763 598 in
784 535 921 598 editione
965 537 1054 616 jubet
1068 542 1220 598 utomnes
1234 532 1399 615 quotannis
1413 531 1753 612 utmiuiorum,pcccata
1769 540 1834 596 sua·

67 618 184 697 syriane
213 611 413 676 habeturrox
442 623 533 704 apta,
562 635 642 700 quae
667 620 748 682 idem
772 618 924 697 signiticat
966 617 1471 698 cunbteanturlnequeenim·lex
1491 631 1601 678 omncs
1626 617 1765 678 absolute
1780 618 1827 678 in·

66 700 146 781 quod
165 695 344 780 hebraicum
359 703 445 775 'ibib
460 703 574 781 saphar
587 721 596 765 ε
608 704 738 782 proinde
749 710 833 764 rente
847 702 923 764 terti
958 700 1134 775 ‹ctnuttsad
1149 715 1258 762 ornnes
1274 701 1325 781 qai
1341 700 1561 762 conscientiam
1577 699 1691 761 habent
1704 699 1825 779 peccati

64 775 395 864 possetzrlttrnernntes
405 788 539 858 peccatu
548 785 764 863 scobemque
774 784 856 846 unde
871 799 922 858 co·
967 785 1104 855 lethalis,
1119 798 1222 862 neque
1235 784 1313 846 istos
1327 799 1436 845 omnes
1449 784 1558 861 quotis
1579 789 1724 860 tempore
1748 782 1835 847 obli·-

63 865 220 947 gnarisset
234 861 266 923 b.
279 861 392 922 Paulus
406 862 477 926 illas
491 865 585 930 luisse
614 868 735 931 curiosa
763 872 896 930 sectatos
912 912 921 943 ‚
967 875 1031 948 gat,
1046 868 1102 930 scd
1117 872 1231 928 tantum
1243 867 1341 928 semel
1357 881 1414 944 per
1427 881 1553 927 annum.
1569 864 1667 938 Quare
1681 866 1708 927 si
1723 865 1772 926 lex
1786 867 1828 927 ita

63 951 142 1012 adeo
158 951 192 1006 nt
204 943 301 1007 libros
315 955 421 1006 eorum
434 950 571 1013 comburi
580 949 715 1026 iuberet,
732 950 791 1013 nisi
807 951 837 1011 in
853 965 923 1028 spe·
968 950 1178 1013 ecelesiastica
1194 954 1331 1027 ternpore
1346 947 1428 1010 beati
1442 948 1526 1008 Pauli
1541 947 1709 1026 viguisset,¹
1726 948 1829 1012 adhuc

64 1031 113 1095 aie
129 1033 255 1108 pecnnia
270 1041 324 1090 sua
340 1027 639 1096 coniessiaiuisscnti
969 1033 1142 1112 potuissent
1153 1033 1277 1110 llpbesii
1288 1030 1412 1109 qnidam
1423 1031 1461 1092 ad
1473 1028 1702 1093 contessionem
1715 1031 1828 1094 iacien-

103 1111 207 1174 hltera
222 1110 348 1183 solutio,
365 1119 507 1187 quaeest
535 1115 625 1178 etiarn
651 1113 766 1179 Caluini
791 1115 823 1176 in
838 1129 921 1176 cont·
969 1117 1038 1178 dam
1053 1114 1216 1189 accedere,
1232 1115 1354 1192 quando
1370 1129 1430 1185 non
1447 1129 1556 1174 onrnes
1571 1109 1772 1176 accedebant.

62 1201 161 1259 ment.
176 1195 276 1255 lotor.
291 1197 323 1254 et
338 1190 650 1276 magdeburgensium
672 1206 792 1261 rentur.
820 1197 850 1259 l.
867 1197 922 1260 lib.
1009 1198 1150 1276 lienique
1164 1199 1246 1276 quud
1259 1197 1303 1256 illi
1317 1211 1419 1257 coram
1431 1203 1521 1256 nocta
1532 1195 1669 1258 bdelium
1684 1212 1718 1258 se
1730 1194 1829 1258 humi·

62 1282 93 1341 2.
109 1294 182 1356 cap.
197 1273 228 1336 l.
245 1274 306 1338 nol.
323 1273 395 1335 aab.
412 1287 566 1358 repugnat·
578 1283 631 1344 teti
653 1280 841 1360 Scripturae:
858 1281 925 1343 uhi·
969 1280 1121 1353 liuterint,
1134 1296 1171 1341 cx
1187 1281 1286 1359 capite
1301 1295 1358 1340 suo
1383 1280 1573 1357 deprompsit
1597 1277 1750 1349 Calvinus,
1767 1295 1829 1341 nou

62 1377 122 1440 quc
140 1359 223 1422 enim
241 1357 409 1435 scriptura,
426 1375 497 1420 cum
512 1362 653 1426 absolute
675 1365 714 1425 da
729 1363 866 1442 pennatis
881 1364 926 1425 lo·
970 1367 1052 1426 enim
1067 1363 1165 1424 lucas
1180 1364 1238 1424 tale
1259 1360 1373 1438 aliquid
1399 1360 1534 1437 scripsit:
1564 1359 1679 1436 uuirt,
1703 1362 1829 1442 inquit,

64 1443 222 1522 quitur,de
235 1440 379 1502 erunibus
394 1445 529 1520 peccatis
545 1445 674 1526 intelligi
687 1448 767 1508 solet
779 1451 809 1507 et
820 1445 925 1522 debeb
970 1444 1361 1519 credentiumoeniebcnt,
1376 1442 1563 1521 confitentes
1577 1449 1607 1505 at
1620 1446 1830 1508 annunciata·

64 1527 137 1590 etsi
154 1526 260 1586 ticarnt
274 1537 430 1600 expauere
446 1525 484 1586 dc
499 1527 925 1604 quibusdammundcomni·
971 1534 1118 1592 tescntna
1132 1525 1832 1591 artoabtramaulemreuerintcoramcoctu
1910 1550 1914 1558 ·

64 1611 139 1680 bus,
154 1607 393 1668 absurdissimae
407 1609 578 1672 sententiae
594 1610 626 1672 iu
641 1612 752 1673 divinis
767 1611 865 1672 literis
880 1614 925 1671 ia·
971 1613 1119 1689 ildelinm,
1135 1606 1186 1673 dat
1201 1611 1351 1689 priuatim,
1367 1610 1404 1670 ad
1420 1609 1557 1686 Paulum,
1580 1615 1631 1670 uui
1651 1609 1784 1687 aliquem
1799 1629 1831 1674 a·

64 1692 259 1756 venirentur.
275 1688 352 1750 ban.
368 1687 400 1750 l.
416 1689 552 1756 Peccata
579 1699 637 1758 tao
656 1694 864 1774 eleemosynis
877 1707 927 1756 re·
970 1694 1060 1769 lium,
1073 1695 1172 1757 Lucas
1186 1710 1248 1756 non
1264 1692 1471 1755 dicibileinda
1486 1706 1589 1754 nonne
1600 1691 1690 1753 ctiam
1705 1693 1836 1754 catheti·

64 1775 169 1838 olma.
185 1771 288 1834 barth.
306 1769 416 1848 t.lpaa
427 1776 652 1840 anrmsctonm
664 1775 928 1855 incorporatam
970 1777 998 1840 ci
1014 1778 1074 1839 hoc
1090 1787 1227 1855 tempore
1242 1790 1344 1837 coram
1359 1782 1448 1838 coetu
1465 1773 1599 1837 bdelium
1612 1789 1646 1836 se
1657 1775 1829 1850 humiliant,

63 1853 348 1933 scenopencntts
360 1869 484 1920 eorum.
499 1858 604 1920 llaltlt.
619 1859 650 1922 9.
666 1858 793 1937 confide
807 1857 865 1936 itit,
878 1860 927 1922 di·
971 1876 1041 1922 cum
1055 1861 1085 1921 in
1103 1860 1213 1921 mediis
1227 1857 1377 1930 basilicis,
1394 1862 1454 1918 totu
1471 1857 1664 1934 inspectante
1679 1856 1831 1931 Ecclesia,

65 1941 242 2004 mittantur
256 1935 314 2000 tibi
326 1945 472 2014 peccatu.
487 1941 562 2004 Luc.
578 1943 609 2004 l.
635 1941 850 2006 Remittentur
869 1942 928 2006 ttbt
971 1945 1008 2005 ad
1024 1943 1219 2005 sacerdotum
1233 1942 1331 2019 pedes
1345 1955 1380 2002 se
1394 1939 1562 2018 abjiciant,
1578 1939 1649 2001 licet
1662 1941 1831 2002 contessio-

63 2029 214 2103 penoutu.
229 2020 304 2082 bue.
321 2021 370 2082 tl.
387 2019 515 2086 Dinadte
535 2024 628 2088 nobis
647 2033 782 2104 peceato
803 2029 926 2088 nostro.
972 2041 1043 2087 nem
1058 2032 1179 2088 secrato
1194 2023 1363 2104 exponant?
1377 2021 1479 2084 llahes
1509 2021 1600 2101 igitur
1621 2039 1711 2102 quam
1727 2025 1833 2086 dextre

64 2107 157 2168 ioan.
172 2105 201 2164 l.
217 2104 300 2166 doce
312 2105 370 2182 qai
383 2105 463 2168 tollit
474 2114 610 2187 peccato
622 2109 752 2172 mundi.
769 2107 926 2170 Antonii.
972 2108 1115 2171 Galrinus
1127 2109 1299 2170 antitheses
1314 2122 1386 2169 suas
1401 2106 1438 2168 ad
1450 2105 1618 2167 calumnias
1629 2107 1834 2184 pertexendas

20 2219 21 2222 π
64 2188 165 2251 Ablue
172 2192 386 2266 peccaturam,
400 2188 552 2252 inuocato
566 2192 699 2254 nomine
711 2189 864 2271 ipaiaaln
878 2191 928 2254 his
972 2192 1194 2254 accommodet.

65 2279 97 2334 et
111 2271 181 2332 aliis
197 2267 325 2332 induitis
339 2268 416 2332 locis
432 2286 493 2335 nou
509 2273 632 2352 ponitur
657 2275 779 2354 siquam
808 2272 929 2336 unirer·
1013 2275 1175 2337 Secundus
1189 2273 1277 2335 locus
1291 2277 1350 2341 est,
1363 2269 1395 2332 2.
1411 2269 1580 2333 corinthi.
1594 2271 1624 2331 in
1640 2269 1702 2332 illis
1714 2271 1831 2334 rethia:

65 2356 145 2424 sale,
162 2357 193 2414 nt
208 2359 310 2415 tamen
327 2365 418 2414 nemo
434 2353 583 2418 dubitarit
596 2371 743 2434 unquam,
759 2357 833 2435 quin
856 2356 929 2418 auh·
972 2356 1066 2422 Dedit
1078 2357 1172 2420 nobis
1188 2355 1404 2419 ministerium
1423 2353 1707 2429 reconsecrationis,
1729 2360 1760 2416 et
1777 2369 1838 2434 po··

20 2463 21 2474 ¹
65 2436 292 2514 intelligeretur
306 2439 337 2497 et
350 2435 635 2504 inamataraaccrn
649 2445 707 2502 trtc
720 2440 929 2520 eheowapnia
972 2435 1697 2513 sattinnobisuerbrtrnreconoiliotioniupro
1710 2435 1834 2500 diablo

65 2519 205 2593 redime,
220 2523 262 2590 et,
278 2515 387 2580 onata
402 2527 525 2598 paccata
539 2527 589 2582 tua
615 2521 823 2598 eleemospnis
848 2521 930 2584 redi·
974 2524 1224 2602 erpo'leputione
1237 2520 1409 2600 scammata·
1422 2525 1480 2580 eto.
1496 2520 1573 2580 haec
1587 2522 1678 2581 acrba
1694 2521 1731 2580 ad
1747 2526 1833 2599 pote·

20 2621 21 2660 t
67 2617 132 2664 me.
147 2601 246 2676 Quare
259 2601 432 2663 seeundum
448 2619 538 2666 usum
555 2603 731 2681 scripturae
746 2602 884 2668 condicti
899 2610 931 2667 et
973 2613 1081 2668 statem
1097 2607 1225 2668 clarium
1240 2604 1405 2682 pertinere,
1422 2601 1530 2664 latetur
1543 2600 1680 2664 loannes
1691 2600 1834 2665 Caluinus

20 2729 21 2744 .
67 2684 262 2746 annunciare
276 2689 363 2746 actus
376 2699 462 2758 suos,
477 2686 555 2748 nihil
568 2692 671 2765 potest
685 2681 929 2761 esse'aliudmisi
973 2689 1031 2750 lib.
1047 2689 1078 2750 l.
1094 2687 1194 2750 lnstit.
1217 2702 1285 2767 cap.
1302 2687 1331 2747 l.
1348 2684 1365 2766 i
1380 2684 1432 2746 22.
1447 2691 1478 2746 et
1494 2692 1552 2746 tatu
1568 2684 1713 2764 publica,
1742 2701 1834 2765 quam

67 2768 170 2848 palam
187 2765 288 2828 iacere
303 2769 408 2828 amnia
420 2782 476 2830 sua
489 2773 628 2848 peccatu.
973 2771 1112 2850 priuatim
1128 2771 1207 2849 apud
1223 2769 1332 2831 lideles
1348 2765 1515 2845 baptizatos
1527 2782 1598 2830 esse
1613 2767 1729 2830 debere
1744 2783 1834 2831 usum

112 2848 330 2910 Praeter‘hanc
346 2849 541 2922 solutionem,
557 2867 648 2928 quam
669 2851 803 2916 breviter
817 2848 930 2914 reluta·
975 2857 1083 2916 harum
1097 2854 1241 2922 clarium,
1257 2849 1391 2912 libenter
1404 2848 1554 2928 agnoscit.
1577 2850 1614 2911 bt
1629 2850 1766 2928 proiecto
1780 2852 1835 2930 qui

20 2965 21 2992 l
67 2934 185 3002 vimus,
202 2931 291 2991 libuit
302 2928 425 2994 Caluino
442 2935 471 2994 in
489 2942 655 2996 comment.
685 2937 785 2999 lotor.
814 2934 931 3013 aliquot
975 2935 1134 2998 mittuntur
1147 2934 1238 3013 legati
1253 2949 1322 2995 curn
1338 2939 1486 3012 potestate
1500 2932 1718 2995 reconciliandi
1733 2933 1834 2995 inimi·

68 3017 244 3076 antitheses
258 3029 443 3092 proponere,
460 3017 539 3078 inter
563 3016 789 3080 contessionem
819 3011 929 3079 horum
975 3035 1030 3082 cos
1041 3018 1124 3098 regis
1137 3033 1208 3079 cum
1223 3018 1290 3094 ipso
1305 3028 1391 3096 repe,
1408 3029 1469 3076 aon
1485 3021 1614 3092 possunt
1628 3020 1714 3078 recte
1729 3017 1836 3081 tudae·

20 3119 21 3159 t
69 3097 282 3176 Ephesiorum
305 3098 591 3169 atcotrlessiouem
621 3115 700 3179 qaae
725 3117 808 3164 nuno
836 3100 928 3163 estin
976 3118 1009 3165 rc
1024 3119 1081 3165 suo
1110 3101 1249 3179 delunqi,
1276 3097 1340 3163 nisi
1371 3103 1559 3177 cognoscant
1583 3112 1620 3161 er
1647 3097 1725 3176 ipsis
1746 3099 1835 3174 reis,

67 3198 132 3242 usu
147 3182 226 3257 apud
242 3179 422 3258 catholicos
436 3188 469 3243 ut
482 3182 627 3245 videlieet
646 3185 836 3257 ostenderet,
854 3184 930 3244 nihil
975 3186 1194 3265 quiunquam,
1222 3197 1313 3260 qaam
1344 3183 1475 3260 qrariler
1501 3179 1618 3258 regiam
1647 3185 1838 3260 majestatem

67 3267 157 3326 launo
170 3265 272 3324 locum
288 3264 430 3325 batorum
444 3264 482 3325 ad
498 3280 561 3325 tnta
578 3271 710 3329 nostram
722 3266 835 3329 lacere:
851 3266 929 3335 Hoc.
975 3268 1133 3334 laeserint.
1148 3282 1239 3346 quam
1253 3262 1490 3327 satisiectionem
1506 3264 1682 3340 persoluere
1707 3265 1771 3325 sint
1782 3282 1834 3344 pa·

68 3346 185 3424 iuquit,
199 3345 443 3425 semetlepirurta
468 3346 628 3425 censesne
652 3364 731 3413 esee:
754 3366 862 3429 popae
877 3351 932 3411 iata
975 3350 1102 3412 ratietc.
1119 3348 1218 3423 Quare
1234 3352 1368 3425 potestas
1383 3347 1439 3407 ista
1460 3345 1669 3408 ministerialis
1697 3348 1835 3409 reconci-

68 3428 249 3507 quotannis
269 3430 714 3509 niminirnnmrepetr'p'obet.
737 3433 795 3496 luti
818 3436 932 3511 sponte
978 3429 1155 3502 liaodi‘cos,
1172 3429 1348 3492 necessario
1377 3428 1434 3489 tert
1452 3442 1558 3490 secum
1584 3435 1766 3506 potestatem
1783 3447 1835 3492 co·

66 3510 279 3589 prodierunt.-
293 3510 387 3591 rapa
399 3513 586 3577 mcamitcte
597 3530 708 3579 omnes
729 3516 859 3595 obliqui.
875 3516 935 3575 lat-
978 3514 1283 3594 qnosoeudicaassas
1296 3510 1609 3588 reorum,atquaadeo
1622 3510 1835 3575 contessioncs

69 3610 127 3655 ctas
144 3593 738 3676 arabascmbsautctnnonomneqtn
747 3598 935 3677 leqepnpoe
979 3597 1121 3679 erigendi
1147 3602 1179 3657 et
1192 3592 1348 3657 audiendi:
1371 3608 1472 3669 neque
1495 3594 1578 3653 enim
1601 3593 1749 3656 ministris
1763 3596 1836 3659 licet

69 3676 170 3740 nnita
183 3678 340 3755 accepim
353 3678 414 3739 ¹isti
428 3694 538 3741 corum
551 3676 698 3756 fidelium
719 3690 810 3745 coetu
829 3696 863 3744 ee
877 3680 935 3743 hta
980 3695 1035 3758 pro
1049 3680 1174 3743 arbitrio
1189 3677 1346 3757 quoslibet
1358 3675 1451 3739 etiam
1475 3691 1538 3737 non
1562 3677 1682 3738 auditos
1696 3680 1842 3739 recount·

69 3761 377 3839 miltcrnnbpopce
390 3760 936 3841 ianpeuliudrnonrlotumntclon·
980 3765 1067 3825 liare.
1837 3780 1840 3791 ·

70 3843 212 3905 oratoriis
225 3844 368 3907 susurria
381 3844 419 3907 ia
431 3847 868 3924 curnnproprtaacccruotts
883 3844 935 3907 ob·
1020 3844 1140 3908 Tertius
1154 3844 1243 3905 locus
1258 3839 1387 3903 habetur
1409 3838 1513 3903 iacobi
1529 3839 1559 3901 5.
1586 3838 1639 3902 uhi
1654 3856 1682 3903 s.
1704 3839 1837 3904 lacobus

70 3931 258 3989 murmuret
269 3934 429 4005 peccator.
443 3926 494 3989 lin
508 3942 609 4004 qnam
623 3930 735 3992 dentre
751 3928 934 4009 Scripturas
979 3932 1016 3991 ad
1032 3929 1262 3991 contessionem
1277 3925 1462 3995 cohortatur,
1488 3922 1607 3985 dicans:
1640 3921 1840 4002 confitemini

71 4008 571 4088 caprulanumaomtottcntoa
585 4014 837 4077 accommodent.
854 4012 935 4075 llaec
979 4009 1448 4089 oltenttrttmpeonctnnestrm
1463 4020 1541 4084 qnae
1566 4005 1735 4070 cohortatio
1762 4011 1838 4071 satis

73 4093 144 4153 ille.
260 4132 267 4151 .
979 4102 1085 4174 aperte
1098 4094 1223 4155 indicat:
1241 4089 1474 4152 contessionem
1483 4087 1546 4167 jam
1560 4091 1624 4150 tum
1640 4089 1736 4152 inisse
1751 4090 1837 4153 insti·

117 4174 183 4236 Sed
197 4172 252 4235 has
278 4174 461 4249 calumnias,
492 4180 583 4260 plane
605 4176 689 4239 lares
717 4194 753 4240 ac
778 4178 933 4257 pueriles,
978 4183 1085 4241 tutam.
1099 4181 1129 4236 et
1143 4175 1267 4253 quidem
1283 4177 1584 4251 peccatorum,atque
1598 4170 1713 4233 bomini
1727 4172 1839 4235 lacien-

73 4258 165 4318 nulla
180 4256 304 4335 negotio
315 4258 531 4325 dissolvemus.
551 4257 621 4323 liam
638 4260 754 4323 etiamsi
771 4262 868 4323 semel
890 4263 935 4325 le·
979 4261 1061 4322 dam.
1078 4258 1113 4320 lit
1127 4259 1202 4321 satis
1224 4264 1329 4333 aperte
1343 4254 1488 4318 cohaeret
1502 4255 1579 4316 haec
1598 4257 1836 4319 sententiosum

72 4352 187 4415 gamus
202 4338 353 4418 liphesins
367 4340 437 4403 illos
451 4344 623 4413 confessos,
639 4358 700 4405 non
716 4350 815 4406 tanuen
831 4344 934 4422 sequi·
980 4342 1191 4420 superioribas
1206 4337 1493 4408 acrhis‚seoundum
1510 4336 1730 4399 catholicorum
1745 4339 1841 4415 expli·

70 4430 134 4495 tur,
150 4435 214 4483 non
229 4421 353 4500 saepius
369 4424 399 4484 id
414 4431 452 4490 ab
468 4430 514 4491 eis
542 4426 666 4489 tactum:
697 4426 811 4503 alioqui
841 4427 934 4489 iidem
980 4426 1145 4488 nationem.
1161 4424 1232 4485 dam
1249 4422 1340 4500 paulo
1355 4424 1426 4483 ante
1441 4419 1599 4497 apostolus
1626 4418 1761 4482 lacobus
1776 4436 1840 4483 mo·

69 4504 217 4584 Ephesii·
243 4506 313 4581 (lulli
329 4522 495 4587 numquam
519 4508 867 4589 legunturllaptismum
883 4517 935 4571 aut
980 4514 1088 4572 nuerat
1103 4512 1271 4585 aegrotos,
1302 4510 1335 4566 ut
1362 4503 1560 4582 presbyteros
1588 4511 1793 4578 accerserent,
1824 4520 1841 4564 a

68 4586 297 4649 Eucharistiae]
312 4594 502 4670 suscepisse,
527 4593 611 4671 Juxta
640 4591 829 4654 dialecticam
846 4593 932 4655 istam
980 4591 1096 4669 quibus
1109 4589 1179 4651 oleo
1194 4592 1301 4649 saneto
1317 4602 1386 4649 cum
1416 4585 1563 4664 precihus
1594 4591 1794 4665 ungerentur,
1812 4593 1843 4646 et

69 4672 204 4739 Caluini,
221 4686 387 4749 numquam
402 4674 604 4756 baptismam,
633 4678 686 4736 aut
713 4674 933 4737 lluebaristiam
980 4669 1294 4753 adjecerateiiectum
1314 4669 1400 4731 illius
1414 4681 1520 4730 sacrae
1548 4667 1702 4729 unctionis
1727 4675 1756 4729 et
1771 4684 1839 4749 pre·

71 4754 302 4830 suscepissent.
516 4788 518 4793 .
558 4774 561 4779 ·
981 4772 1064 4831 oum,
1081 4753 1478 4827 laturum,utalleraretur
1503 4755 1646 4827 aegrotus
1675 4756 1842 4815 etsauare·

20 4886 21 4915 ,
111 4836 204 4914 Quod
220 4842 321 4897 aulem
337 4835 382 4896 illi
394 4848 504 4921 sponte
530 4838 700 4920 prodierint
728 4838 766 4901 ad
787 4838 935 4902 conilian-
978 4845 1050 4911 tur,
1072 4838 1144 4901 etsi
1159 4838 1191 4897 in
1207 4835 1452 4915 pcccuttsesset‚
1468 4848 1503 4895 ea
1524 4832 1570 4893 illi
1598 4834 1836 4897 remitterentur.

20 4960 22 5003 ,
72 4918 163 4993 dum,
182 4921 291 4979 mirum
308 4919 403 4984 rideri
419 4942 480 4987 non
496 4925 613 4994 dehet,
644 4928 708 4985 tum
737 4923 819 5001 quod
851 4923 932 4985 nulla
980 4921 1043 4985 Sed
1056 4936 1097 4983 ne
1108 4920 1185 4981 lorte
1199 4916 1252 4996 qai
1264 4918 1342 4980 haec
1355 4914 1670 4995 teperet,existimaret
1684 4916 1735 4978 illa
1751 4918 1842 4979 ctiam

20 5044 21 5085 ,
73 5008 150 5064 tuno
164 5005 299 5063 exstaret
312 4998 361 5067 let
376 5005 414 5067 de
429 5005 626 5069 confessione
640 5011 724 5067 oerto
738 5006 841 5083 aliquo
858 5011 932 5068 tent·
979 5010 1103 5085 paccata
1115 5002 1385 5143 lethalia,quqruut
1400 4999 1491 5060 homo
1502 4998 1723 5093 conscientiam
1734 5000 1840 5074 hahet,

20 5128 22 5149 .
72 5099 152 5163 pore
168 5082 311 5145 lanianda
326 5132 334 5161 ,
351 5092 414 5149 ium
435 5090 517 5169 quud
543 5088 632 5150 etiarn
663 5094 768 5151 nostro
796 5094 934 5167 tempore
980 5103 1036 5166 per
1050 5101 1169 5149 suoram
1182 5084 1309 5147 unction
1330 5098 1359 5143 m
1387 5095 1481 5160 posse
1509 5080 1628 5153 deleri,
1657 5082 1840 5159 subjunxit:

20 5164 24 5255 ss,
70 5167 202 5245 plurimi
217 5173 437 5251 extralempus
453 5171 607 5250 paschale,
635 5170 666 5232 in
682 5185 743 5249 quo
768 5170 847 5245 solo,
866 5172 936 5249 lege
982 5167 1188 5246 confitemini
1201 5167 1394 5229 alterutrant
1404 5168 1743 5243 paraetacenen-nan
1758 5165 1843 5227 onim

72 5249 434 5315 ecclesiasticaooulltcri
446 5260 775 5333 tenentar‚spontesua
788 5253 937 5333 prodeant
981 5268 1068 5315 saara
1084 5251 1188 5313 nuntio
1204 5256 1326 5327 peccata
1342 5246 1467 5308 lethalia
1489 5246 1626 5321 remittit,
1642 5262 1773 5327 quorum
1788 5248 1843 5309 ali·

20 5374 24 5421 ,
74 5334 114 5392 ad
130 5330 374 5398 contessionem.
390 5338 496 5415 ltaque
511 5340 629 5400 etiamst
646 5344 718 5399 luna
732 5337 802 5416 lege
814 5343 936 5399 cautum
980 5335 1051 5413 quis
1063 5334 1286 5396 conscientiam
1299 5329 1404 5405 hahet,
1420 5342 1489 5391 nutu
1505 5343 1541 5389 ea
1556 5344 1612 5405 per
1636 5329 1844 5393 contessionis

20 5456 24 5503 Ι
75 5414 202 5487 luisset,
218 5419 251 5477 ut
265 5420 431 5495 quotannis
445 5434 554 5482 ornnes
569 5419 799 5489 nuntiarentur,
823 5420 937 5496 potuis·
982 5422 1209 5481 sacramentum
1224 5412 1381 5493 purganda
1397 5411 1469 5484 siut,
1486 5410 1542 5471 sed
1557 5415 1609 5471 atri
1635 5413 1775 5483 venialia,
1792 5421 1844 5476 ant

20 5540 24 5587 Ι
77 5504 149 5559 sent
164 5502 265 5559 tamen
278 5497 407 5577 Ephesii
421 5502 465 5565 illi
477 5508 587 5583 sponte
601 5517 637 5565 ac
651 5503 748 5565 libere
763 5503 801 5563 ad
817 5502 937 5565 nantas·
983 5500 1073 5563 etiarn
1089 5498 1356 5578 lethalia,quorum
1368 5492 1590 5557 conscientiam
1602 5508 1663 5554 non
1678 5495 1840 5573 hahemus,

20 5624 23 5669 ,
77 5582 352 5660 sionemprodira.
521 5606 530 5625 „
687 5632 690 5643 ,
792 5628 793 5633 1
984 5600 1064 5665 quac
1077 5580 1227 5661 reliquiae
1244 5584 1438 5658 peccatorum
1453 5576 1515 5637 dici
1530 5576 1642 5636 solent.

20 5708 23 5751 ,
121 5662 234 5726 halles
248 5672 350 5729 autem
365 5667 489 5731 venisse
503 5666 542 5729 ad
557 5666 805 5744 contessionem,
829 5682 890 5730 non
907 5682 940 5729 o·
1024 5664 1086 5729 Sed
1098 5663 1249 5743 objiciunt
1261 5659 1665 5737 adacrsmtlncpraesentm
1682 5659 1842 5739 thilippus

20 5808 22 5835 ,
78 5761 184 5823 mnns;
201 5746 274 5825 quid
288 5744 382 5813 hahet
395 5750 615 5833 repugnantiae
630 5766 699 5815 cura
714 5768 749 5813 aa
763 5751 845 5831 lege,
859 5762 938 5828 quac
984 5747 1015 5811 in
1030 5747 1171 5829 apologia
1196 5744 1404 5809 confessionis
1417 5748 1473 5805 art.
1489 5742 1528 5803 de
1539 5742 1734 5899 oonlgssioae
1749 5750 1781 5807 et
1794 5758 1842 5805 sa·

158 5846 325 5904 brutianum.
344 5850 391 5907 Vqr
424 5842 459 5897 lil
1596 5842 1613 5897 p
