4084 6275
310 321 363 381 too
968 318 1011 377 ιιιι
1032 314 1250 381 ranrtrettrn
1594 390 1597 397 ¹

239 501 243 507 -
278 456 310 519 S.
327 455 533 517 Beneventum
549 453 580 513 in
594 454 652 517 rita
667 453 698 516 n,
714 453 882 528 Francisci,
899 470 967 532 cap.
985 454 1090 519 titre·
1135 452 1153 536 l
1169 455 1199 518 l.
1215 454 1323 535 abiicit
1338 457 1437 521 l’rima
1448 454 1480 517 in
1492 455 1575 518 lianc
1587 453 1998 537 modenullirorquatran·

236 540 294 603 lert
307 541 356 599 liis
370 535 473 599 verbis
486 535 567 597 aliud
584 536 707 616 insigne
728 537 919 600 miraculum:
935 536 1002 601 ttto
1013 554 1090 619 qna·
1135 540 1507 605 teeustntaantenaere.
1524 538 1766 617 confemiartem,
1789 540 1830 602 de
1860 552 1933 618 qua
1957 536 1996 597 lo·

235 638 298 700 aue
313 628 453 695 tenpore
467 634 541 679 aum
553 626 623 694 past
635 619 966 699 reuersianemipsius
980 621 1021 683 de
1041 622 1090 683 ul·
1134 628 1290 699 quantur,
1302 622 1392 705 juris
1407 622 1600 685 essednrini:
1613 621 1706 703 atejus
1726 623 1879 701 equidem
1905 626 1995 681 cetu·

234 712 398 776 tractare,
417 699 572 764 cannen
583 704 836 780 praedicaturus
850 718 878 764 s.
895 702 1090 766 tranenses
1133 704 1309 769 clusinum
1320 720 1498 769 macunen
1510 704 1675 781 patenum
1695 706 1754 767 sed
1773 720 1874 784 quem
1901 702 1997 779 paene

230 785 407 866 accederet:
423 784 514 847 miles
524 785 661 863 quidam
673 786 814 865 supplici
836 802 910 849 eum
922 786 1090 849 mealtune
1132 802 1303 865 possumus
1325 789 1482 856 nenena,
1510 788 1588 849 alim
1611 787 1710 863 teiam
1735 786 1888 851 &lterum
1914 785 1998 847 Certe

230 886 308 933 cum
320 865 480 930 instanlia
490 882 613 945 acapna
621 868 770 932 irtuitauit
783 869 1032 947 adpraudinm.
1041 870 1090 932 le·
1132 870 1261 933 nullan
1275 872 1316 933 de
1330 888 1370 933 ea
1383 877 1501 934 statam
1513 870 1613 947 lamae
1634 870 1737 949 lepem
1760 876 1821 935 attt
1841 869 1996 933 camma

228 947 577 1031 nititaqueadmititis
595 951 745 1025 damme,
769 952 937 1030 omnaque
954 951 1089 1027 tamilla
1137 954 1281 1026 tionem,
1310 959 1386 1016 arete
1406 953 1592 1017 lnreaeentii
1612 953 1670 1013 tlt.
1700 956 1861 1031 tempora,
1884 967 1998 1013 meurs

225 1048 413 1115 pauperum
426 1031 588 1109 manum
599 1034 757 1097 enunaatt
776 1034 816 1097 in
834 1035 994 1112 inpensa.
1010 1034 1089 1098 Ante
1133 1050 1258 1115 quoque
1272 1037 1408 1099 annales
1420 1040 1571 1101 nunant.
1587 1034 1717 1096 illinire:
1731 1034 1847 1113 ltaque
1857 1034 1941 1113 ipsis
1955 1041 1995 1095 te·

229 1134 317 1191 aero,
333 1130 434 1197 quan
444 1113 552 1177 cibum
563 1123 742 1183 summanr,
749 1116 854 1197 juata
872 1117 1003 1179 salitum
1023 1134 1089 1183 ma·
1131 1117 1244 1187 stilus,
1259 1121 1407 1183 nondum
1418 1118 1522 1199 elapsi
1533 1122 1609 1180 eunt
1622 1119 1863 1185 mutitrecenti.
1880 1132 1998 1195 watto

225 1218 296 1265 rem
314 1202 367 1263 uir
391 1201 496 1261 mente
521 1199 652 1261 deuotus
686 1196 822 1279 offerens
846 1198 909 1262 Deo
929 1216 1038 1277 preces
1060 1206 1090 1261 et
1131 1200 1328 1277 injectusab
1348 1201 1536 1265 ltueocerttic
1557 1200 1616 1262 itt.
1639 1201 1774 1279 laqueus
1796 1206 1826 1263 et
1846 1202 1999 1279 imperite

227 1284 355 1353 laudes,
371 1278 587 1343 aculisstalmt
600 1280 923 1345 eleuatisincaelum.
939 1280 1088 1345 Oratione
1132 1283 1312 1359 semermos·
1330 1285 1515 1347 momulus.
1537 1285 1634 1363 Atque
1664 1291 1700 1344 ut
1726 1284 1768 1345 de
1788 1289 1935 1361 tempore
1956 1291 1997 1345 ta·

228 1366 396 1446 completa,
409 1362 586 1441 bmipnum
598 1364 754 1442 hospitem
772 1364 981 1442 familiariter
990 1367 1088 1427 adoa-
1132 1382 1236 1441 ceam,
1259 1368 1332 1430 sala
1350 1366 1522 1431 umbonem
1535 1364 1700 1429 barbaries
1713 1365 1816 1443 [wem
1827 1366 1895 1443 tept
1909 1364 1997 1427 aara-

226 1456 337 1513 cotum
350 1449 386 1509 tn
398 1451 536 1523 partem.
548 1450 594 1508 sic
605 1447 790 1526 ducuntur
805 1455 862 1510 est:
877 1447 969 1519 llcce,
983 1448 1086 1524 trater
1130 1453 1198 1527 pat.
1228 1448 1308 1513 Nam
1329 1450 1416 1529 pud
1432 1448 1547 1527 §ulem
1567 1446 1644 1511 lani
1663 1447 1785 1524 ratres,
1808 1464 1944 1511 amnem
1962 1464 1995 1509 u

229 1533 352 1611 nospes.
365 1530 429 1593 tuis
437 1529 540 1590 ciettts
548 1528 706 1605 prestans,
721 1537 758 1593 ut
769 1530 1016 1603 manducarem
1033 1532 1088 1593 da·
1133 1534 1278 1612 tritusque
1293 1546 1395 1595 sentes
1415 1532 1590 1611 quotannis
1610 1530 1708 1593 semel
1731 1532 1871 1610 propria
1893 1547 1994 1593 sacen

228 1632 320 1679 raum
333 1612 566 1675 tuemintraoi:
588 1613 669 1674 meis
682 1629 773 1677 nunc
796 1614 858 1674 cito
882 1614 1013 1676 mannis
1032 1629 1086 1675 ae·
1132 1615 1201 1678 dati
1224 1614 1373 1695 confiteri
1393 1615 1506 1678 amnia
1523 1620 1682 1693 pecceta;
1708 1613 1805 1689 faceti
1825 1613 1993 1685 ltomirres,

229 1694 529 1777 quincepuoniam
541 1709 610 1756 nan
623 1693 686 1767 ltic,
696 1696 754 1759 sed
767 1694 847 1760 alili
859 1694 1088 1759 nemusculum:
1131 1697 1236 1777 lepida
1250 1698 1431 1777 eaeeipiunt,
1448 1697 1508 1759 nae
1520 1703 1691 1775 praecepto
1706 1697 1809 1761 teneri
1821 1696 1912 1759 salas
1927 1697 1991 1759 lter·

230 1780 386 1859 conluere
403 1792 494 1840 nureo
507 1782 640 1853 peccata
654 1785 732 1851 tua,
754 1794 851 1841 cerae
869 1780 1089 1856 paenitentiae
1129 1779 1374 1859 maphraditas,
1396 1780 1442 1842 ad
1459 1780 1623 1842 neminem
1641 1792 1716 1842 uera
1743 1782 1918 1859 spectare,
1941 1782 1991 1860 peti

230 1864 341 1927 dolare
361 1860 530 1931 contritus,
542 1874 603 1922 nec
616 1861 654 1921 in
668 1868 697 1924 te
709 1869 880 1925 remaneat
892 1862 1085 1941 qumquam.
1130 1864 1235 1926 situel
1247 1862 1379 1927 mascel
1391 1861 1547 1938 faemina.

229 1942 478 2025 puadaeridiaa
491 1940 691 2018 consessione
717 1958 787 2007 non
812 1945 954 2023 pandus:
975 1945 1090 2007 reddet
1178 1945 1374 2023 Respondeat
1390 1943 1546 2007 Calvinum
1577 1958 1661 2006 mare
1681 1958 1750 2017 sao,
1773 1943 1951 2007 mendaciis
1969 1954 1991 2003 et

230 2027 290 2089 tibi
300 2024 568 2089 Baniures-leodic
581 2026 695 2097 viarm,
712 2027 870 2106 quoniam
889 2032 981 2089 tanta
995 2028 1088 2090 deoa-
1134 2026 1298 2091 calumniis
1313 2028 1411 2107 magis
1427 2026 1493 2095 niti,
1508 2043 1600 2107 quem
1616 2025 1726 2088 solidis
1740 2027 1931 2089 rattantaus.
1942 2026 1993 2087 ιιι

230 2112 318 2173 tiana
332 2121 578 2188 suaspauperes
598 2110 775 2187 suscepisti.
805 2110 966 2189 lequierrit
990 2112 1089 2173 canti·
1132 2127 1213 2173 munt
1229 2110 1312 2174 enirn
1328 2110 1409 2190 quad
1426 2110 1583 2187 attagen
1599 2109 1637 2170 de
1649 2109 1852 2172 contorsione
1863 2110 1991 2171 omniun

230 2208 299 2257 nuo
309 2192 360 2254 teir
368 2190 425 2253 ille
435 2191 636 2253 sermonibus
658 2193 785 2261 sanni,
806 2193 962 2272 sociaque
984 2193 1089 2269 ipsius
1132 2199 1340 2274 peccatorum,
1357 2192 1472 2255 nullam
1487 2192 1990 2263 exstareantacostitutianemln

229 2273 577 2353 uniuersapeccatain
587 2273 786 2350 cantesnm
801 2275 951 2355 detegens
962 2322 968 2342 ,
981 2276 1088 2354 dispo·
1132 2276 1267 2339 nanentii
1282 2275 1337 2339 itt.
1353 2276 1419 2338 sira
1433 2274 1535 2353 potius
1556 2272 1680 2336 canctlll
1703 2274 1925 2342 laterenensis,
1949 2280 1989 2335 cni

229 2360 295 2421 suit
309 2358 443 2419 domum
456 2362 595 2417 memet
622 2358 668 2418 ad
691 2364 825 2419 nurum
847 2359 1089 2436 sucipieauam
1131 2358 1332 2422 Innocentius
1347 2357 1613 2438 praeiuit,-lalsnm
1634 2372 1717 2423 essa.
1745 2364 1777 2419 et
1801 2364 1866 2419 tam
1895 2360 1990 2419 multis

227 2457 263 2503 se
272 2446 433 2520 quantum
443 2438 784 2517 entrempraepcruait.
795 2440 1004 2504 intraverant
1016 2446 1088 2503 tan·
1135 2440 1250 2504 nastris
1264 2440 1453 2521 argumentis
1467 2439 1598 2519 intelligi
1610 2446 1723 2519 potest.
1736 2438 1844 2503 Exstat
1855 2442 1940 2502 enim
1951 2442 1993 2501 lex

229 2525 305 2587 dem
318 2524 560 2585 adnumanct
571 2522 805 2600 incipientibus
822 2524 897 2585 aliis
908 2524 1088 2586 ntanduea·
1133 2522 1258 2598 Christi,
1275 2530 1412 2601 utsupra
1428 2524 1555 2601 copiose
1570 2522 1765 2586 deduximus:
1792 2538 1902 2599 neque
1920 2540 1992 2600 apes

228 2603 687 2683 reltaspessultitaspiritnm
700 2605 879 2673 medem.
914 2604 1086 2669 'tenmacn
1132 2603 1895 2685 luit,utcanelliaautpuntitlcesidlegibussuis
1912 2622 1991 2685 prse-
2034 2676 2035 2679 Ἴ

228 2689 307 2751 bum
317 2687 456 2751 mainis
471 2683 538 2758 Del,
553 2688 724 2764 repentina
737 2693 873 2751 martes
917 2688 1014 2764 latum
1029 2692 1088 2751 sie·
1131 2689 1281 2769 ciperani,
1296 2688 1379 2768 quad
1395 2690 1433 2749 ab
1448 2689 1516 2767 ipsa
1531 2686 1651 2751 Christo
1666 2689 1989 2766 imperatam.etrnul·

228 2788 292 2851 que
307 2771 432 2848 laetum
443 2774 498 2838 est,
514 2768 741 2846 naspitmnatis
754 2770 1086 2847 pratiapromerente,
1131 2778 1231 2834 torum
1258 2772 1452 2835 saecularum
1475 2770 1699 2834 consuetudine
1724 2772 1907 2836 robaratum
1928 2788 1991 2834 esse

226 2862 263 2917 ut
270 2854 374 2933 jueta
387 2851 519 2915 uerbum
537 2853 694 2922 ueritatis,
708 2853 901 2930 propnetam
914 2854 1086 2933 recipiens,
1132 2861 1291 2917 natarent.

228 2937 412 2999 paneaden
420 2932 596 3013 prophetae
607 2936 766 3012 occiperet
783 2978 791 3003 .
807 2936 889 2998 ditm
900 2952 959 3014 per
982 2939 1089 3000 sancti
1173 2937 1234 3000 Sed
1252 2951 1353 3014 neque
1368 2935 1567 2999 Innocentius
1582 2942 1633 2998 aut
1653 2936 1851 2999 lateranense
1872 2934 1993 2998 canali·

225 3020 291 3081 eriri
298 3017 626 3097 praentueciatianem
635 3015 856 3095 propheticam
864 3018 1024 3082 milesille
1035 3021 1088 3083 de·
1132 3036 1194 3093 um,
1212 3020 1439 3083 contessionem
1454 3018 1634 3098 simpliciter
1648 3018 1881 3097 imperavitsea
1898 3020 1991 3081 satan
2034 3036 2035 3056 t

224 3110 316 3166 cotta
326 3100 389 3164 silei
403 3104 517 3162 cantra
539 3100 651 3162 martis
664 3098 893 3164 enodationem
914 3104 1057 3180 protndit
1075 3152 1083 3179 ,
1132 3108 1254 3180 tempus
1268 3096 1556 3182 determinavitquo
1571 3118 1606 3166 ea
1620 3100 1759 3166 iacienda
1774 3110 1874 3176 essen
1889 3118 1993 3180 auem·

225 3183 497 3264 quatenmarmis
511 3183 729 3259 paenitentiae
750 3188 1087 3276 praemunitumpeg·
1130 3186 1294 3250 admodum
1319 3187 1411 3250 etiam
1440 3186 1568 3248 concilia
1595 3191 1695 3248 tatere
1712 3202 1804 3263 supra
1831 3187 1937 3255 citata,
1961 3203 1992 3244 es
2033 3163 2034 3210 ¹

222 3273 359 3347 petuam
368 3267 613 3330 damnationem
624 3267 773 3331 maderet
792 3269 872 3331 etin
895 3275 1088 3334 aetemate·
1131 3267 1270 3343 Graecia,
1293 3269 1404 3340 Attica,
1427 3266 1535 3341 (tallia,
1559 3266 1732 3340 Germania,
1748 3275 1780 3330 et
1800 3267 1992 3347 pontiacum,

226 3348 407 3413 lentanda
417 3348 577 3411 introiret.
1129 3350 1394 3416 innocentulam
1410 3349 1521 3414 leonis
1535 3349 1560 3412 1.
1577 3351 1712 3420 decreta.
1730 3367 1791 3414 nan
1819 3352 1990 3414 contessio-

264 3432 351 3495 ldem
366 3437 472 3516 enetar
486 3431 516 3491 in
532 3430 642 3492 eadam
656 3429 712 3495 lib.
728 3436 878 3504 extrema,
894 3433 966 3496 dum
982 3448 1018 3497 ea
1031 3435 1086 3498 mi·
1133 3451 1202 3498 nem
1218 3434 1400 3514 simpliciter
1424 3434 1622 3512 imperarant,
1648 3435 1704 3498 sed
1730 3440 1782 3496 aut
1804 3435 1848 3497 de
1873 3439 1991 3496 secrete

226 3516 516 3583 raculaenntneret,
532 3527 611 3591 qnae
627 3520 838 3592 postmortem
863 3532 891 3579 s.
917 3516 1083 3593 Francisci,
1133 3517 1351 3590 confessionis,
1368 3521 1419 3580 aut
1434 3517 1474 3579 de
1489 3516 1557 3578 aliis
1572 3517 1601 3578 id
1626 3531 1726 3594 genus
1754 3517 1991 3580 circumstantiis

226 3596 297 3676 ipsa
310 3597 534 3668 intercedente,
550 3597 757 3675 contigerunt:
771 3597 852 3662 inter
862 3599 920 3661 alia
933 3616 1027 3662 unum
1040 3616 1086 3664 ra·
1131 3602 1253 3680 regulas
1268 3603 1454 3663 statuerunt.
1468 3597 1503 3660 ld
1519 3598 1600 3677 quad
1615 3598 1760 3661 assimili
1787 3600 1923 3662 decreta
1947 3599 1992 3658 le·

222 3681 285 3742 lert
299 3680 338 3743 de
352 3679 485 3742 taenias
500 3678 643 3756 quadam,
659 3695 738 3756 auae
752 3681 793 3742 ab
807 3697 835 3744 a.
851 3682 1005 3745 llrencisci
1017 3699 1087 3763 pre·
1130 3683 1251 3764 pherini
1267 3681 1421 3762 pantiileis
1436 3681 1556 3759 probari
1570 3681 1885 3761 patestlepherinus
1899 3683 1988 3744 enirn.

227 3777 282 3825 ces
296 3762 333 3824 ad
348 3763 439 3823 vitent
453 3777 489 3824 er
505 3767 603 3823 marta
613 3762 787 3830 redittcnm
795 3762 921 3845 jamjam
932 3768 1088 3844 sepelien·
1132 3774 1165 3829 ut
1179 3767 1209 3828 in
1232 3773 1300 3844 ejus
1323 3765 1379 3827 rita
1407 3765 1502 3826 reteri
1525 3763 1651 3831 l’latina,
1678 3767 1792 3835 statuit,
1820 3771 1862 3827 ut
1888 3779 1990 3826 anau

226 3844 265 3907 da
281 3850 376 3916 esset,
392 3851 425 3906 nt
438 3851 596 3921 peceatum
612 3843 766 3922 quoddam
782 3848 813 3907 in
824 3848 1021 3911 cantessiane
1033 3849 1085 3910 dc·
1133 3848 1306 3912 Christiani
1320 3846 1426 3910 adulti
1438 3847 1475 3911 in
1488 3846 1625 3910 salama·
1639 3847 1692 3910 die
1705 3847 1991 3926 pascnaedluclta-

226 3928 440 4007 regeretquod
456 3929 1087 4003 numquamanteacaniessaluerat.item
1129 3933 1242 3996 metae
1265 3936 1507 3995 armamentum
1529 3929 1742 4008 perciperent:
1767 3945 1833 4008 aua
1860 3931 1994 3998 decretu,

223 4011 319 4072 etiarn
332 4009 427 4083 alind,
444 4009 484 4071 da
497 4008 581 4072 iente
595 4010 727 4086 quodem
742 4011 889 4076 divinitus
903 4015 940 4076 ad
952 4029 979 4076 s.
991 4013 1086 4076 Fran·
1130 4030 1193 4077 nnn
1208 4013 1389 4094 intelligitur
1405 4013 1584 4089 praecipere
1599 4012 1745 4086 valuisse,
1762 4017 1797 4074 ut
1808 4011 1995 4076 Eucharisti-

223 4091 304 4154 eisci
320 4108 431 4171 preces
446 4097 562 4165 exarto,
579 4108 616 4154 ex
631 4092 724 4171 quas
738 4111 817 4174 aqua
831 4096 885 4175 qui
899 4095 1054 4169 biberent,
1069 4114 1086 4159 a
1130 4114 1178 4160 am
1194 4096 1356 4161 christiani
1371 4095 1535 4173 aliquanda
1550 4100 1718 4168 sumerent,
1733 4098 1818 4172 quad
1835 4113 1854 4157 a
1874 4094 1995 4159 censu

228 4175 430 4252 languoribas
443 4179 635 4246 curarentur,
651 4175 742 4238 moda
757 4184 952 4255 peecatorum
966 4178 1088 4243 cantes·
1130 4180 1201 4259 lpsa
1217 4193 1287 4244 esse
1302 4185 1512 4258 praeceptum.
1529 4191 1629 4254 neque
1645 4178 1913 4256 carnaliumque
1926 4178 1996 4238 liae·

229 4259 351 4319 sienem
366 4265 436 4319 ante
451 4257 696 4343 praemisissent.
714 4275 719 4282 ·
1026 4327 1030 4336 ,
1130 4264 1218 4326 retici
1233 4267 1358 4340 negent;
1375 4261 1429 4323 sed
1448 4267 1563 4322 tantum
1587 4260 1792 4340 negligentiae
1818 4262 1996 4340 aliquarum

268 4339 377 4402 ilastra
392 4342 482 4402 etiam
496 4340 633 4414 saeculo,
651 4355 712 4418 qua
727 4355 783 4419 per
803 4342 992 4406 lutheranus
1013 4361 1086 4408 can·
1131 4360 1293 4410 accurrere
1320 4360 1356 4406 ec
1371 4349 1491 4422 tempus
1506 4343 1803 4417 determinarentur
1826 4346 1916 4418 acad
1933 4359 1998 4423 per·

225 4421 321 4484 lessio
337 4423 368 4483 in
383 4423 606 4500 septentrione,
623 4439 694 4484 cum
717 4425 891 4488 incredibili
917 4428 1086 4491 animarum
1131 4429 1306 4509 ceptionem
1322 4434 1380 4488 tarn
1406 4425 1555 4488 salutiferi
1579 4427 1760 4488 sacrementi
1782 4424 1918 4488 differre
1941 4441 1997 4486 nan

224 4505 364 4582 pernicie
380 4505 484 4568 multis
497 4504 528 4566 in
544 4504 622 4567 lacis
637 4505 768 4568 extincta
794 4514 853 4571 est·
880 4511 961 4586 apud
991 4527 1087 4575 naras
1130 4512 1250 4575 liceret.
1268 4509 1318 4574 Sic
1333 4509 1425 4588 igilur
1439 4515 1470 4570 et
1479 4507 1679 4570 Innocentius
1690 4507 1809 4570 Ill.nan
1824 4509 1998 4570 contessio-

224 4587 427 4664 christianas,
444 4587 496 4650 ulti
511 4585 649 4650 Ecclesia
665 4587 696 4649 in
716 4589 785 4652 dies
810 4595 907 4671 magis
932 4610 968 4655 aa
988 4595 1086 4674 tnagis
1130 4611 1201 4657 nem
1219 4591 1360 4664 instituit,
1376 4597 1428 4654 ant
1441 4591 1622 4668 simpliciter
1636 4592 1805 4672 imperarit,
1835 4593 1895 4653 sad
1926 4601 1997 4652 tens

223 4667 397 4732 relloreseit
424 4687 460 4732 aa
475 4675 671 4748 propagetur,
686 4677 777 4749 atquc
791 4675 871 4752 apud
885 4675 1021 4754 lapaces
1033 4693 1086 4758 pa·
1131 4695 1201 4756 pus,
1219 4676 1294 4738 ultra
1311 4674 1392 4753 quad
1409 4687 1499 4736 nemo
1515 4673 1705 4736 Christianus
1721 4689 1788 4735 earn
1804 4673 1996 4744 differretu-

222 4752 389 4828 tissimum,
404 4754 445 4816 lte
460 4754 553 4833 riget,
569 4759 601 4815 ut
616 4769 712 4832 saepe
725 4754 816 4817 etiarn
833 4757 946 4820 divinis
958 4760 1086 4822 miracu·
1131 4761 1224 4822 tililer
1236 4755 1582 4837 amuinapraescrlpsit.

223 4835 264 4896 lis
278 4835 459 4913 illustretur3
474 4834 557 4912 quod
572 4842 644 4899 ente
658 4851 716 4898 nos
731 4839 885 4901 annotarit
902 4842 1015 4905 lienus
1031 4843 1086 4906 da·
1172 4842 1277 4921 Neque
1292 4855 1363 4903 reru
1378 4840 1535 4901 decretum
1553 4840 1612 4900 hoa
1623 4837 1794 4902 lnnaaentii
1807 4855 1929 4900 narum
1941 4837 2000 4900 diei

224 4933 296 4996 pus,
313 4917 368 4981 lib.
385 4919 416 4980 2.
432 4918 546 4998 dialog.
562 4931 632 4997 cap.
644 4916 697 4982 28.
713 4919 811 5000 Atque
825 4921 974 4986 hactenus
999 4941 1087 5005 argu·
1131 4924 1234 4999 debet,
1251 4924 1306 4985 sed
1322 4922 1497 4984 innotatum
1520 4924 1634 5000 petius,
1651 4928 1681 4984 et
1705 4922 1851 5000 adjuncta
1879 4938 1997 5000 paena.

228 5005 330 5062 menta
347 5017 402 5079 pra
417 4999 624 5064 confirmanda
649 5001 847 5067 contessiane
872 5007 1083 5084 produximus:
1131 5007 1283 5082 serarius,
1298 5004 1328 5067 id
1344 5004 1516 5083 postulante
1531 5004 1706 5067 conditione
1727 5012 1922 5084 temporum,
1948 5007 2000 5064 ira-

105 5159 110 5170 ,
227 5099 310 5145 nunc
335 5085 372 5147 nd
399 5081 546 5148 saltenda
570 5084 814 5150 adremariarcm
839 5095 1017 5170 argumente
1037 5106 1088 5154 re·
1131 5097 1280 5170 peratum.
1295 5087 1361 5150 lum
1376 5088 1458 5150 enlm
1472 5103 1565 5164 supra
1580 5102 1618 5150 cx
1632 5085 1781 5166 Gregorio
1795 5103 1957 5167 nyssena.
1972 5093 2000 5146 et

227 5165 363 5231 memus·
492 5203 500 5227 ⁸
1128 5171 1250 5236 laanne
1274 5172 1486 5266 chrysostomo
1511 5171 1805 5266 demonstravimus,
1833 5169 1923 5232 cirea
1950 5187 1999 5245 pa

544 5297 663 5362 ret
1131 5251 1654 5402 catarrumartare
1802 5253 1844 5316 ἰ

287 5429 428 5495 soluitur
441 5442 669 5513 arpumentum
683 5435 709 5498 l.
725 5436 863 5501 loannis
889 5437 1026 5504 Caluini.
1172 5417 1303 5494 Delssdsss
1318 5435 1387 5480 Μ’
1402 5424 1531 5491 iillum,
1559 5426 1650 5496 illue
1662 5417 2002 5512 ⁰¹ll¹⁰F⁸1¹¹⁸¹⁵⁰¹ssltli

1132 5502 1164 5565 in
1179 5502 1316 5564 Ecclesia
1330 5500 1431 5572 luerit,
1447 5517 1510 5563 nan
1525 5502 1620 5564 licere
1636 5502 1686 5570 lis,
1713 5517 1765 5579 aar
1791 5509 2003 5578 peccatoram

266 5559 412 5642 Sequitur
426 5573 460 5661 ut
473 5568 715 5664 adversariarum
729 5582 907 5661 argumente
924 5577 1087 5642 diluemus.
1131 5585 1303 5649 mortalium
1318 5583 1377 5646 sibl
1394 5585 1509 5646 conscii
1525 5585 1648 5652 suntad
1664 5583 1893 5646 Eucharistiarn
1913 5601 2003 5646 aree-

226 5638 265 5701 lc
281 5649 313 5705 ut
328 5663 343 5706 a
359 5645 483 5712 Calama
497 5667 694 5730 incipiamus,
711 5657 739 5718 is
753 5657 808 5719 lib.
824 5658 855 5722 3.
867 5660 965 5725 instit.
978 5663 1088 5742 capi.
1133 5669 1218 5745 dere,
1235 5668 1293 5730 nisi
1316 5682 1371 5746 per
1395 5667 1623 5730 contessionem
1648 5673 1678 5730 at
1703 5667 2003 5732 reconciliationem
