4084 6275
235 347 289 407 9444
1038 349 1143 408 thottrt

236 479 312 552 cles,
327 481 358 541 44
371 481 444 540 4444
460 491 521 538 444
534 480 664 555 augetur
677 477 784 560 gratia,
801 477 925 560 quando
946 478 996 544 bis
1010 497 1065 543 sn·
1151 495 1221 559 pus,
1238 479 1291 560 444
1317 480 1434 545 utiliter
1458 485 1585 544 sumunt
1609 485 1641 541 44
1665 479 1867 546 comeduut,
1904 479 1981 541 4444,

233 559 448 624 4444444444
463 564 614 636 tompore,
630 562 700 640 quia
711 561 843 626 sumitur
856 577 912 640 per
935 562 1063 636 modum
1148 578 1219 622 eum
1248 563 1348 626 tructu
1373 569 1405 627 et
1416 561 1554 633 ellectu,
1585 579 1642 626 seu
1668 561 1767 643 gratia
1792 560 1982 641 justificans

232 646 325 706 unius
340 639 613 704 reiectionisihid.
1146 639 1221 708 382.

189 725 319 790 Fructus
336 739 372 787 cx
386 729 516 800 utraque
532 723 638 799 speeie
654 741 669 783 a
686 727 802 804 populo
817 725 885 802 capi
898 731 1002 803 potest
1016 731 1061 789 et·
1104 721 1239 804 Indigne
1249 726 1436 788 4444444444
1449 726 1486 788 ad
1502 727 1755 789 communionem
1773 723 1982 804 puniebantu-

231 807 318 868 iamsi
335 811 465 886 utraque
480 806 605 884 species
621 821 682 868 non
700 809 904 871 manducetur
915 808 997 872 ibid.
1011 808 1062 871 lli·
1146 808 1220 869 olim
1235 825 1251 870 4
1268 808 1332 871 4444
1354 824 1453 886 44444
1479 808 1685 886 intirmitetis,
1702 815 1735 871 ct
1761 807 1884 868 mortis
1904 809 1981 870 etian

231 887 357 952 dolls.
1146 889 1318 968 corporalis
1332 889 1405 952 233.
1420 889 1494 952 284.
1511 890 1585 953 3444.

191 970 257 1032 Non
274 971 371 1050 major
386 967 499 1030 utilitas
511 967 641 1031 sumitur
656 985 695 1032 ex
717 973 936 1035 oornrnunione
951 973 1010 1036 sub
1026 990 1059 1034 u·
1101 968 1235 1048 Indigna
1249 973 1437 1034 accedentes
1465 972 1503 1034 ad
1519 973 1776 1034 communionem
1811 971 1979 1050 reprehen-

230 1059 337 1131 troquc
352 1050 471 1130 specie,
489 1067 579 1129 quam
606 1051 664 1115 sub
691 1069 750 1114 una
776 1053 848 1116 444.
866 1055 912 1118 ad
932 1055 1060 1119 44644
1146 1053 1262 1115 duntur
1275 1053 1338 1116 2844
1358 1059 1465 1133 44444.

224 1149 292 1214 444.
922 1177 923 1180 ,
1104 1133 1293 1196 Eucharistia
1310 1136 1404 1197 44444
1417 1135 1543 1216 quidem
1559 1137 1619 1210 rim
1634 1151 1673 1197 cx
1688 1135 1800 1206 se,sed
1821 1150 1893 1194 non
1909 1151 1983 1197 erer-

187 1215 293 1294 444444
310 1219 409 1275 tamen
426 1212 548 1282 trustra,
565 1220 617 1277 aut
631 1214 779 1278 inutiliter
792 1222 919 1294 utraque
932 1219 1057 1296 species
1146 1221 1195 1278 cet
1209 1215 1292 1278 illam
1310 1218 1339 1278 in
1357 1233 1424 1284 cos.
1441 1218 1493 1293 444
1510 1219 1638 1297 indigne
1654 1218 1739 1278 illem
1759 1223 1904 1278 sumunt
1919 1218 1981 1279 rot.
2016 1248 2017 1283 1

227 1297 360 1359 sumitur
374 1313 389 1356 4
403 1297 617 1358 sacerdotibus
632 1297 704 1359 444.
1103 1297 1151 1358 llli
1168 1297 1297 1377 indigne
1309 1300 1463 1369 accedunt
1479 1303 1516 1362 ad
1529 1298 1768 1371 Eucharistiam,
1780 1301 1845 1376 oui
1859 1303 1981 1375 probant
2008 1270 2015 1357 Ι

187 1377 274 1441 Ritus
290 1379 537 1442 communicandi
554 1379 612 1441 sub
628 1396 700 1451 una,
716 1379 763 1442 rel
790 1380 910 1442 duabus
935 1382 1056 1460 speeie·
1144 1381 1280 1454 seipsos,
1297 1387 1329 1444 et
1343 1382 1500 1446 moraliter
1527 1383 1646 1445 iaciunt
1674 1383 1761 1460 quod
1789 1381 1830 1442 in
1849 1381 1933 1459 ipsis
1946 1396 1983 1443 ea·
2009 1390 2013 1407 ¹

224 1462 358 1532 bosnec
374 1459 410 1521 44
427 1461 628 1522 substantiam
642 1463 827 1524 sacramenti
841 1462 973 1538 pertinet
984 1464 1056 1538 ised
1140 1457 1216 1524 438.
2016 1474 2017 1497 ¹

224 1546 325 1605 solum
341 1543 378 1603 ad
394 1543 534 1622 modum)
550 1559 608 1605 444
624 1549 671 1606 444
685 1545 724 1605 44
736 1543 804 1614 iure
817 1544 921 1608 divino
933 1546 1057 1609 ordina·
1100 1541 1252 1623 Dignitas,
1267 1561 1359 1624 qnam
1381 1544 1497 1607 444444
1512 1551 1618 1608 nostra
1633 1544 1864 1607 imbecillitate
1881 1545 1978 1621 erigit.

225 1631 273 1688 tus
288 1623 360 1687 463.
1141 1629 1190 1686 444
1203 1625 1306 1702 444444
1322 1641 1384 1687 444
1399 1626 1577 1706 indignitas,
1601 1643 1695 1705 quarn
1717 1627 1870 1705 dignitas
1884 1625 1964 1688 4344.

182 1705 268 1770 44444
284 1714 315 1770 et
329 1705 469 1769 Ecclesia
484 1706 527 1768 uti
551 1708 649 1784 potuit
675 1707 734 1770 hoc
756 1707 826 1780 ritu,
854 1714 885 1770 et
909 1708 979 1772 laici
1001 1711 1056 1771 ali·
1099 1705 1247 1769 linnditia
1264 1708 1447 1788 spiritualis,
1471 1715 1502 1770 et
1517 1725 1636 1770 summa
1662 1710 1789 1788 puritas
1817 1710 1978 1784 requiritur

221 1790 345 1864 444444
353 1791 756 1866 potueruntoommunicare
768 1790 827 1852 sub
840 1797 970 1872 utraque
982 1807 1054 1870 spe·
1139 1788 1170 1849 in
1185 1790 1234 1864 iis,
1252 1789 1537 1868 quillucharistiam
1551 1791 1704 1853 accedunt
1722 1789 1801 1852 432.
1823 1790 1903 1850 449.
1915 1790 1974 1852 2844.

221 1871 280 1944 444,
299 1870 423 1950 444444
440 1869 516 1932 4444
532 1873 709 1932 communio
726 1879 789 1933 erat
815 1873 960 1936 omnibus
976 1875 1054 1938 libe·
1140 1869 1213 1933 288.
1228 1871 1300 1934 343.
1317 1871 1389 1933 343.
1406 1871 1480 1935 346.

220 1971 264 2029 rc3
282 1954 351 2030 quia
365 1951 505 2014 Christus
522 1950 670 2014 Dominus
687 1969 748 2014 nun
766 1955 934 2030 prohibuit,
949 1973 1053 2036 44444
1098 1950 1294 2033 Praeparatio
1308 1955 1346 2024 ad
1362 1953 1587 2016 Eucharistiam
1614 1954 1825 2022 sumendam,
1853 1970 1918 2012 non
1938 1965 1973 2015 44

220 2037 311 2097 ettam
335 2031 519 2101 carniussit:
537 2050 598 2095 non
616 2050 691 2112 ergo
706 2036 857 2098 habemus
873 2039 1051 2102 mandatum
1139 2037 1204 2097 4444
1229 2034 1321 2110 4444,
1350 2037 1408 2097 444
1432 2051 1502 2096 sera
1534 2035 1736 2114 poenitentia,
1766 2040 1802 2096 et
1826 2036 1972 2098 confessi·

221 2117 357 2178 divinum
374 2117 413 2178 44
429 2118 487 2177 444
502 2131 536 2178 re
548 2116 620 2178 436.
639 2116 712 2180 464.
729 2117 803 2180 462.
1140 2125 1338 2193 peecatorum
1353 2117 1426 2179 433.
1443 2117 1515 2179 4344.
1539 2118 1612 2180 tur.
1630 2117 1703 2179 4443.

182 2195 268 2261 Sitne
283 2207 411 2276 utraque
427 2198 550 2276 speeies
567 2199 744 2261 necessario
759 2202 921 2272 sumenda,
934 2207 1054 2282 tempo·
1098 2195 1176 2261 Vide
1189 2199 1294 2272 etiam,
1311 2200 1338 2260 si
1353 2202 1465 2279 placet,
1483 2216 1562 2277 4444
1591 2200 1755 2261 deservire
1789 2207 1928 2273 possent
1940 2216 1966 2261 aa

221 2297 255 2342 rc
270 2287 447 2342 sanctorum
465 2279 597 2352 Patrona,
611 2297 673 2342 non
691 2280 746 2343 luit
762 2283 838 2344 4444
850 2289 992 2362 quaestio
1007 2287 1052 2347 tn·
1139 2282 1404 2360 praeparationem
1422 2282 1493 2344 449.
1508 2282 1582 2344 2244.
1594 2281 1668 2342 3442.
1680 2281 1758 2342 323.
1777 2280 1862 2341 336.
1876 2283 1926 2341 uhi
1939 2286 1968 2343 de

219 2363 370 2432 troducta,
387 2361 470 2422 nude
487 2361 659 2424 mirandum
687 2379 749 2424 non
774 2369 882 2440 44444,
898 2368 923 2428 44
940 2366 1053 2447 aliquis
1138 2361 1250 2425 4444444
1263 2365 1473 2442 apostolorum
1489 2364 1571 2426 circa
1587 2363 1842 2439 Eucharistiam3
1859 2364 1969 2425 rideo:-

226 2459 333 2506 eornm
348 2443 513 2506 obscurius
527 2444 708 2520 loqueretur
722 2444 794 2508 438.
811 2446 885 2509 toa.
1139 2445 1200 2505 iam
1213 2460 1292 2523 4444
1308 2447 1453 2508 dicuntur
1468 2445 1541 2508 363.

179 2525 243 2588 Sub
259 2525 365 2604 specie
378 2525 466 2600 panis
482 2525 629 2588 omnibus
644 2526 760 2589 debere
785 2523 927 2590 diitrtbui
951 2547 1052 2593 saera·
1097 2525 1162 2588 lton
1180 2527 1269 2589 44444
1288 2526 1409 2608 jejunis
1424 2543 1538 2607 corpus
1554 2526 1676 2588 Domini
1692 2525 1756 2588 rite
1775 2527 1867 2588 sumi
1882 2534 1968 2606 potest

219 2613 356 2670 mentum
370 2607 654 2684 Eucharistiae35ub
670 2609 777 2686 specle
792 2615 895 2672 autem
910 2612 1051 2689 rini‚non
1142 2607 1214 2668 4444.
1230 2609 1303 2671 34444.
1321 2609 1393 2671 384.
1408 2609 1480 2671 434.
1496 2609 1568 2671 333.
1585 2610 1631 2671 44
1645 2607 1719 2670 333.

221 2691 305 2761 item,
324 2690 406 2751 clare
421 2689 599 2769 colligimus
614 2705 652 2752 ex
668 2690 823 2770 Scriptura
838 2691 911 2755 434.
1096 2687 1133 2750 44
1148 2705 1223 2751 4444
1234 2698 1337 2753 tamen
1361 2692 1556 2753 necessitatis
1578 2692 1770 2768 permittitur
1801 2691 1899 2751 etiam
1915 2701 1970 2768 pos:

180 2769 360 2834 commixtio
376 2772 516 2849 corporis
527 2787 597 2833 curn
613 2774 776 2851 sauguine,
793 2791 870 2851 4444
886 2773 920 2835 44
932 2775 963 2836 44
976 2775 1050 2838 mis·
1138 2772 1256 2848 cibum,
1272 2781 1306 2834 ut
1319 2774 1454 2852 aegrotis
1470 2772 1718 2852 periclitantibus
1740 2771 1826 2833 333.
1844 2773 1919 2834 334.

219 2854 927 2935 44,444444444444444ι4444444,444444444
949 2873 1051 2919 sacra·
1094 2854 1558 2930 tcommuutonc,retasacro
1580 2855 1737 2924 iaciendo,
1773 2870 1845 2914 non
1878 2858 1968 2933 44444-

218 2942 355 2998 mentum
372 2935 584 2998 Eucharistiae
599 2935 757 3015 porrigere
769 2937 925 3013 volebant,
938 2941 990 3018 qui
1003 2957 1051 3002 re·
1139 2937 1230 2998 betur
1241 2937 1294 3015 qui
1307 2938 1387 2999 inter
1401 2937 1602 3006 abluendum,
1619 2936 1741 3015 aliquas
1753 2953 1867 3015 aquae
1882 2947 1970 3016 guttas

197 3017 457 3096 'prehenduntur
471 3016 544 3079 449.
1138 3018 1295 3096 trajecerit
1308 3020 1346 3081 ad
1360 3017 1552 3080 stomachum
1566 3017 1648 3080 ibid.

180 3099 338 3162 Sacerdoti
355 3098 548 3178 dispensanti
565 3099 637 3161 olim
654 3099 851 3177 sanguinem,
868 3105 899 3163 44
921 3101 1049 3166 dicenti:
1103 3098 1150 3161 hh
1170 3099 1271 3163 otlicio
1287 3101 1441 3180 coniugati
1454 3100 1571 3162 444444
1591 3099 1765 3169 abstinere,
1785 3100 1847 3177 qni
1864 3117 1970 3175 corpus

221 3184 349 3260 sanguis
365 3181 486 3242 Domini
504 3181 599 3242 nostrl
616 3187 675 3244 ete.
690 3180 811 3244 solebat
835 3185 970 3263 populus
985 3202 1050 3248 res·
1139 3182 1261 3243 Domini
1277 3185 1441 3263 suscipere
1455 3184 1562 3243 solunt
1576 3182 1649 3244 326.
1664 3181 1739 3244 324.
1757 3182 1841 3243 434.
1861 3182 1936 3245 839.

220 3264 369 3342 pondere,
386 3261 483 3324 Amen
500 3262 573 3324 349.
889 3320 890 3329 ,
1095 3265 1226 3342 Semper
1238 3264 1418 3327 inEcclesta
1430 3266 1624 3326 consuetudo
1636 3265 1843 3327 luitnrcendi
1860 3284 1878 3325 a
1893 3284 1969 3326 com·

180 3344 362 3407 Communia
378 3344 436 3407 suh
452 3351 580 3420 utraque
602 3344 709 3424 specie
729 3346 875 3410 bohemis
900 3362 1050 3412 concessa
1138 3346 1286 3410 munione
1299 3349 1553 3418 catechumenos,
1568 3362 1810 3421 energumenos
1822 3355 1857 3408 44
1873 3352 1972 3425 poeni·

221 3426 297 3489 446.
310 3425 383 3489 462.
395 3425 468 3488 464.
481 3425 553 3489 463.
1136 3433 1236 3489 444444
1252 3431 1389 3491 nondum
1405 3429 1620 3490 reconciliatos
1641 3426 1714 3489 348.

430 3512 431 3515 ’
1095 3508 1348 3573 communicandi
1361 3509 1413 3582 jus
1428 3511 1523 3588 lapsis
1535 3508 1794 3571 restituiturltitl.

178 3590 223 3653 De
235 3591 492 3670 praeparatione
506 3592 551 3653 od
565 3595 839 3667 communionem,
855 3599 886 3657 et
898 3595 1051 3658 44444444
1094 3591 1130 3653 44
1142 3593 1362 3654 4444444444
1374 3593 1489 3653 inimus
1499 3591 1678 3653 societatem
1690 3608 1765 3653 cum
1792 3592 1866 3654 Deo
1887 3593 1957 3657 3444.

221 3672 334 3754 effectu
356 3674 594 3751 Eucharistiae,
622 3692 707 3757 4444
731 3679 818 3741 dnae
843 3678 1051 3758 quaestiones
1094 3674 1290 3744 (lummunto,
1306 3691 1365 3737 seu
1378 3677 1575 3752 consumptio
1596 3672 1820 3735 Eucharistiae
1837 3720 1848 3751 ,
1868 3692 1972 3751 nucea

208 3756 373 3835 ,separari
386 3772 455 3819 non
468 3762 615 3835 pessunt.
1136 3757 1253 3835 444444
1267 3755 1311 3831 44,
1329 3773 1391 3819 444
1414 3762 1547 3833 estpars
1561 3754 1716 3829 saerillcii,
1734 3761 1770 3815 ut
1786 3764 1901 3818 autem
1916 3758 1970 3819 444

667 3850 674 3865 ·
1135 3839 1297 3901 sacerdote
1312 3836 1517 3913 sacrificante
1533 3852 1606 3914 pars
1626 3843 1675 3899 est
1699 3839 1908 3911 essentialis,
1923 3843 1969 3902 sed

177 3919 409 3981 llnereticorum
425 3920 600 3984 sententiae
614 3921 653 3984 de
668 3922 726 3984 hac
741 3938 775 3986 re
797 3922 953 3987 habentur
973 3922 1047 3987 433.
1135 3936 1198 3983 uon
1211 3926 1271 3981 tota
1287 3921 1425 3982 essentia
1436 3919 1509 3981 323.
1523 3918 1605 3980 324.·

219 4006 325 4081 etseq.
1094 4001 1276 4065 communio
1288 4002 1460 4081 spiritualis
1484 4016 1565 4077 quac
1579 4001 1611 4061 in
1636 3997 1735 4060 missa
1765 4004 1926 4080 apopulo
1939 4002 1964 4062 ir

178 4082 310 4162 indigne
326 4090 453 4145 sumunt
464 4084 685 4147 Eucharistiam
702 4100 810 4148 omnes
823 4086 879 4163 illi,
897 4086 949 4165 444
962 4104 1050 4151 acce·
1135 4083 1207 4145 343.
1224 4083 1299 4145 343.

200 4164 293 4226 4444
306 4182 375 4227 curn
392 4167 580 4228 conscientia
597 4168 713 4245 peccati
731 4168 889 4244 mortalis3
905 4168 999 4247 44444
1011 4186 1050 4232 ex
1094 4163 1277 4229 Communia
1291 4165 1522 4229 sacramentalis
1536 4178 1595 4241 per
1607 4162 1724 4225 realem
1753 4166 1965 4241 praesentiam

218 4247 384 4323 seripturis
400 4250 545 4325 probatur
560 4248 672 4311 43444
689 4251 852 4312 traditione
871 4257 901 4310 44
917 4266 1049 4314 consen·
1135 4250 1276 4326 corporis
1288 4248 1413 4321 christi,
1430 4254 1462 4309 et
1475 4246 1620 4308 mentalis
1642 4249 1761 4306 tantum
1790 4263 1858 4325 per
1877 4250 1968 4310 solam

217 4346 253 4390 su
271 4330 428 4391 Ecclesiue
443 4328 549 4391 43444
564 4336 601 4393 eri
618 4332 736 4394 ratione
752 4329 901 4395 434444.
912 4334 1049 4395 'sotrum
1134 4329 1243 4406 iidem,
1265 4336 1331 4392 utra
1351 4329 1451 4408 magis
1467 4329 1564 4407 prosit
1578 4326 1650 4389 368.

216 4415 267 4472 tur
280 4410 472 4483 objectiones
488 4413 730 4475 adversariorum
746 4412 818 4476 438.
1092 4409 1127 4473 44
1144 4412 1321 4490 sumptione
1334 4410 1556 4483 Eucharistiae,
1573 4424 1688 4486 corpus
1713 4406 1839 4473 Christi
1856 4412 1968 4473 nullam

176 4490 235 4554 Gur
251 4498 350 4554 autem
367 4494 516 4557 accedere
532 4496 625 4557 licent
639 4511 708 4557 cunr
725 4496 862 4575 pcccatis
873 4494 1048 4561 venialibus
1133 4494 1164 4555 in
1180 4511 1216 4557 se
1232 4495 1401 4557 laesionem
1413 4494 1537 4571 patitur,
1554 4506 1658 4568 44444
1671 4506 1747 4552 4444
1762 4508 1868 4554 suum
1884 4500 1967 4554 nato·

218 4580 333 4635 tontum
350 4574 423 4637 439.
1131 4576 1196 4638 rale
1211 4577 1332 4638 amittit:
1345 4576 1456 4637 amittit
1470 4581 1572 4635 tamen
1586 4588 1659 4634 esse
1680 4578 1922 4636 sacramentale
1942 4584 1970 4636 ct

173 4654 305 4731 Indigna
323 4656 588 4721 communicantes
604 4674 673 4720 cum
690 4659 804 4737 quihus
830 4666 1048 4737 comparentur
1132 4657 1250 4720 desinit
1270 4674 1343 4721 esse
1364 4657 1455 4720 cibus
1469 4655 1631 4718 sensibilis
1660 4654 1734 4715 323.
1762 4654 1849 4718 Vide
1880 4658 1970 4719 etiam

219 4737 291 4799 284.
310 4736 382 4800 324.
400 4738 543 4801 ltiraculo
560 4738 636 4802 tacta
650 4743 679 4801 in
697 4742 819 4820 eosqui
836 4742 973 4819 indignis
985 4758 1049 4803 ma·
1132 4740 1206 4804 429.
1222 4738 1294 4802 4344.

215 4820 309 4881 44444
336 4834 450 4899 corpus
476 4821 600 4884 Domini
626 4830 754 4886 tractare
783 4824 947 4885 votuerunt
972 4822 1047 4887 3443.
1090 4822 1127 4885 44
1139 4823 1359 4884 4444444444
1373 4836 1486 4907 corpus
1498 4818 1588 4883 Cristi
1602 4832 1675 4880 scre
1690 4818 1785 4881 nobis
1798 4822 1971 4901 coniungi·

215 4900 287 4964 306.
670 4909 675 4919 ’
924 4918 925 4925 “
1088 4916 1093 4925 ’
1133 4903 1268 4966 444342.
1291 4902 1364 4966 343.
1381 4899 1715 4981 pataronensis.

173 4981 271 5061 Digne
287 4991 387 5046 autern
402 4985 588 5048 accedentes
603 4987 640 5048 44
663 4986 1045 5067 communionemqutbus
1090 4987 1125 5049 ln
1138 4986 1356 5048 communione
1373 5002 1434 5047 non
1456 4987 1561 5046 unitur
1575 4982 1666 5044 nobis
1679 4981 1829 5044 Christus
1857 4990 1897 5045 ut
1911 4985 1973 5047 eiti-

214 5071 431 5145 comparentur
446 5065 518 5129 328.
1131 5070 1250 5131 ciamur
1261 5084 1331 5130 cum
1346 5068 1401 5128 ilto
1412 5083 1471 5128 una
1488 5078 1631 5143 persona,
1646 5064 1702 5123 sad
1718 5065 1828 5125 solurn
1843 5069 1973 5127 unimur

171 5146 261 5225 lmpii
279 5155 309 5210 44
323 5148 441 5227 indigni
457 5152 719 5214 sacramentaliter
734 5155 850 5213 tanturn
872 5151 1043 5214 communi·
1130 5165 1188 5213 nos
1202 5148 1335 5221 Christo,
1352 5164 1408 5228 per
1420 5147 1550 5212 allectus
1561 5152 1593 5208 44
1605 5145 1772 5207 voluntaris
1792 5148 1972 5210 confoede-

214 5235 296 5303 eant,
314 5232 384 5309 quia
402 5246 472 5292 aare
488 5232 662 5305 suscipiunt
677 5250 790 5311 corpus
813 5233 932 5295 Domini
948 5252 956 5310 ;
981 5250 1042 5295 non
1132 5233 1282 5299 rationem
1299 5230 1372 5293 3448.
2016 5231 2017 5256 ³

215 5318 317 5372 autem
334 5314 562 5375 communicant
574 5315 772 5393 spiritualiter
784 5316 951 5387 44444444,
966 5323 996 5377 44
1010 5334 1044 5377 u·
1090 5315 1126 5377 44
1141 5313 1362 5377 4444444444
1383 5309 1715 5376 chrtsrnsmmratttcr
1737 5311 1850 5371 est-in
1871 5312 1974 5375 nohis.

217 5392 323 5471 tiliter3
340 5396 409 5473 4444
426 5393 568 5457 ellectum
585 5398 723 5475 corporis
739 5397 873 5471 Domini,
901 5397 1046 5460 videlicet
1132 5397 1203 5475 4444
1219 5402 1357 5457 naturam
1374 5395 1477 5456 cernis
1498 5408 1574 5454 susc
1589 5391 1683 5453 nobis
1705 5391 1775 5451 unit
1788 5390 1877 5453 342.
1907 5394 1977 5455 343.

218 5476 324 5552 grotta,
343 5492 406 5538 non
428 5484 554 5540 sumunt
574 5478 648 5541 282.
675 5478 747 5543 3442.
774 5479 847 5544 304.
875 5478 947 5542 346.
971 5479 1044 5542 344.
1091 5478 1127 5542 44
1139 5480 1358 5541 communione
1369 5474 1682 5567 sumimuscbristum
1696 5476 1978 5567 tamqnamcibum

219 5553 290 5616 3²8·
1134 5566 1167 5622 et
1186 5554 1792 5637 444444444444444444444444444
1809 5557 1899 5618 323.
2016 5587 2017 5594 1

178 5632 225 5698 Illi
243 5636 387 5703 dicuntur
401 5640 440 5701 ab
456 5640 624 5719 tcgnsttno
640 5659 711 5707 raro
723 5658 847 5707 sumere
858 5643 969 5707 Christi
981 5658 1048 5707 oor·
1093 5642 1152 5706 Pcr
1163 5642 1415 5706 communionem
1429 5639 1468 5701 ita
1484 5638 1682 5717 participatur
1710 5651 1831 5715 corpus
1850 5646 1888 5701 et
1911 5656 1980 5701 ssu·
