4084 6275
294 415 347 471 tar
1025 383 1188 471 uuntssa

218 547 613 614 iilmtwitobimiliami'b
633 542 987 624 psalmocanticum
1014 557 1081 605 mc·
1125 545 1238 611 iactum
1254 540 1570 623 esse‚utimpteretur
1590 542 1717 606 uerbum
1745 543 1866 608 Domini
1882 556 1993 610 eontra

218 634 363 700 dictoris.
378 635 618 710 conponentem
631 626 749 706 optasti
763 625 857 700 mibi·
869 626 948 704 puio
967 640 1027 702 pro
1041 625 1081 687 il·
1124 631 1237 693 Hetiin
1254 629 1330 694 sito.
1406 647 1409 659 =
1495 634 1500 642 “

217 716 256 776 lii
271 715 419 777 omnibns
433 713 605 790 sabilliil‘i‘i
620 718 650 774 ⁰2
674 707 889 772 ⁰blstli⁰iiib¹l³
904 723 1019 786 ⁰⁰illl⁸⁸
1035 708 1081 784 ⁰s·
1165 713 1365 794 Respondent
1389 708 1428 772 ad
1449 709 1531 771 hanc
1559 708 1765 787 oltjectiouem
1795 711 1991 789 Augustinus

214 798 326 873 sartan
344 805 373 859 ar
388 793 661 874 participantibus
676 793 891 855 minuamur.
909 790 969 852 teo
984 807 1079 852 serm.
1123 798 1193 860 toan
1205 803 1307 868 citato,
1323 792 1501 877 vaticinium
1513 791 1587 853 ittuc
1602 793 1760 869 impiarum
1774 793 1870 880 tuisse
1884 797 1917 857 in
1935 796 1990 856 Sa-

216 879 247 940 8.
261 881 301 942 de
314 882 461 959 passione
477 879 608 939 Domini:
627 875 717 939 Nunc
739 873 926 937 carnaliam
951 873 1079 952 anemii·
1124 880 1237 951 monto,
1255 878 1303 940 rel
1325 875 1437 947 Sadoc,
1460 879 1613 953 quatenns
1629 875 1672 936 itti
1695 877 1845 955 gerebant
1859 875 1992 958 tigrinum

216 964 342 1026 clitum
368 963 524 1024 issiiebsslb
549 965 717 1032 cessama,
745 971 856 1020 ⁰mlii⁸
880 952 1079 1035 differentias
1123 961 1363 1024 Christianorum
1377 957 1583 1020 sacerdotum.
1599 957 1708 1036 Itaque
1722 956 1834 1037 ejectio
1856 961 1939 1034 licii,
1956 979 1992 1024 e·

216 1046 408 1118 trosliacum,
423 1060 495 1106 tana
509 1043 652 1121 volatilis
667 1046 696 1105 el
708 1039 882 1118 canabinis
896 1039 946 1100 ini
966 1038 1081 1118 implet
1123 1052 1170 1107 rat
1186 1045 1280 1119 barura
1297 1041 1460 1120 ejectionis
1474 1037 1637 1107 sacerdotii
1653 1041 1803 1114 Antonini,
1821 1047 1851 1104 et
1866 1059 1991 1105 assum·

216 1127 348 1191 oblatio:
364 1133 395 1189 ct
406 1128 489 1188 sicat
502 1140 608 1188 auant
622 1131 665 1186 cst
684 1138 744 1202 pro
769 1123 859 1184 omni
878 1121 1010 1183 uictima
1023 1137 1075 1184 sa·
1121 1129 1186 1207 ptio
1201 1126 1353 1190 Samnctis
1367 1128 1398 1187 ει
1412 1123 1524 1191 Sadom
1552 1121 1609 1184 tuit
1635 1121 1732 1202 ligura
1761 1127 1987 1203 assumptionis

215 1210 390 1288 miltiibus
403 1211 453 1271 itu
465 1223 556 1271 nanc
570 1222 675 1287 noant
689 1207 729 1269 di
744 1206 834 1267 anmi
857 1208 950 1282 ponte
976 1202 1096 1280 titre-¹
1122 1209 1285 1274 sacordotii
1301 1206 1471 1269 christiani:
1502 1204 1533 1266 id
1555 1204 1638 1282 cuod
1668 1206 1777 1281 probat
1797 1208 1990 1286 Augustinus

213 1307 328 1370 prtum.
341 1292 417 1354 Vidi
444 1292 534 1353 iiiiii]
556 1289 704 1351 liiihiiiffl
732 1287 765 1349 in
785 1285 951 1349 Leuiticnm
973 1285 1029 1347 lib·
1045 1285 1078 1349 5·
1122 1309 1220 1362 enea,
1238 1294 1320 1370 quod
1336 1290 1492 1364 Scriptura
1508 1303 1579 1350 oum
1594 1287 1679 1361 dicit,
1711 1286 1901 1368 ejiciendum
1916 1291 1988 1354 Hali

213 1373 364 1438 Isidorum
380 1373 434 1435 lib·
452 1375 482 1435 l·
505 1373 544 1434 de
559 1371 678 1440 officiis.
696 1387 765 1450 aip-
783 1371 833 1431 ll·
856 1376 887 1430 ei
915 1366 1078 1431 Dimisbb·
1121 1375 1343 1453 compatribus
1362 1371 1440 1444 suis,
1470 1375 1576 1449 aperte
1589 1370 1727 1450 loquitur
1741 1372 1780 1434 dc
1794 1373 1925 1447 barone,
1944 1377 1987 1437 si·

213 1473 287 1520 ¹¹¹1m
303 1458 357 1518 tib.
370 1456 400 1519 4·
417 1457 456 1516 di
471 1454 543 1529 fidi,
560 1470 628 1532 cap.
647 1452 871 1532 14ιΕιιιιιιιιιιε
887 1451 1075 1514 testimoniis
1121 1459 1244 1538 quidem
1260 1455 1492 1525 nominateum,
1515 1451 1567 1532 qni
1584 1453 1702 1531 primus
1724 1453 1755 1515 in
1777 1456 1859 1517 exitu
1875 1457 1914 1518 de
1931 1458 1988 1520 tte·

213 1540 331 1602 Patrunr
348 1537 497 1601 rotellitur
508 1535 705 1612 mendacium
715 1534 985 1612 Kournitiipngina
1002 1531 1075 1597 tib.
1120 1550 1212 1622 gypto
1228 1541 1413 1602 constitutus
1428 1542 1502 1598 esta
1518 1536 1757 1598 prosperandos,

212 1622 265 1683 Ubi
281 1618 753 1699 ⁵1⁰³l¹²¹9b⁰ltle⁸lil⁰l⁰libti⁸
781 1618 841 1680 blla
869 1617 1047 1694 ‘libidimis’
1064 1662 1073 1690 ι
1161 1623 1337 1686 Secundum
1353 1618 1530 1683 vaticinium
1546 1618 1676 1680 sumitur
1686 1634 1723 1680 ex
1735 1618 1987 1696 cupidiore-rb.

213 1707 301 1782 quac
331 1703 545 1781 aaronitae
580 1703 781 1764 tauricorum
809 1699 1073 1776 iaculatorum,
1120 1705 1293 1786 Sapientia
1307 1701 1489 1779 acciacae
1511 1700 1576 1763 siai
1589 1702 1732 1775 cauom,
1748 1703 1987 1767 immunitas·

209 1793 340 1864 praetor
352 1786 555 1863 sacrficium
570 1783 685 1848 Cltrmli
698 1785 736 1846 itt
749 1799 866 1852 crana,
897 1781 991 1844 alind
1004 1798 1076 1845 suc·
1119 1792 1232 1852 primas
1246 1804 1335 1857 suns,
1351 1786 1481 1850 miscuit
1505 1785 1643 1857 ninam,
1661 1791 1691 1846 et
1708 1786 1819 1863 posuit
1837 1802 1987 1851 mm„

211 1871 349 1932 cessisset
369 1867 606 1931 caeremoniale
632 1867 834 1944 sacrificiunt
861 1866 899 1927 iu
923 1880 1007 1928 nouo
1024 1865 1075 1926 Tc·
1118 1870 1438 1936 commonueram
1461 1867 1500 1928 ita
1516 1865 1686 1946 Cyprianus
1715 1868 1771 1930 lib.
1794 1867 1825 1929 2.
1842 1870 1935 1948 epist.
1952 1872 1984 1933 3.

211 1958 382 2014 stamertto.
668 2013 672 2020 ,
921 1979 926 1992 ·
1118 1956 1180 2019 Por
1191 1956 1398 2017 Salomonem
1406 1949 1546 2029 Spiritus
1557 1955 1689 2012 sanctus
1700 1954 1814 2031 tppctrn
1824 1951 1987 2016 Dominici

252 2034 394 2096 Secundo
411 2033 568 2108 probatur,
591 2033 662 2110 quia
685 2029 872 2094 sacrificium
888 2028 989 2092 crucis
1011 2045 1074 2091 non
1116 2037 1530 2116 sacrificiipraemonstrat
1543 2033 1731 2095 immolatae
1745 2033 1867 2097 nostiae
1882 2042 1912 2097 er
1924 2055 1984 2115 pa.

211 2115 267 2177 luit
281 2117 470 2194 imptetirum
486 2115 651 2195 figurarum
674 2114 806 2183 illarum,
836 2111 896 2174 nisi
910 2111 1012 2190 quoad
1028 2111 1074 2191 ip-
1116 2125 1170 2193 uis
1185 2122 1304 2189 etvini,
1320 2119 1378 2180 sed
1392 2122 1421 2178 at
1436 2117 1549 2179 altaris
1571 2119 1601 2177 et
1615 2116 1833 2193 apostolorum
1858 2119 1985 2195 [εεὶειιε

210 2215 275 2260 saut
297 2198 510 2260 mactationem
536 2203 567 2258 et
596 2214 709 2275 paucos
744 2196 820 2258 alias
849 2194 1072 2258 caeremonias.
1115 2208 1323 2268 mencionem,
1348 2201 1421 2261 vide
1449 2199 1539 2262 etiam
1565 2198 1768 2277 angustinum
1801 2199 1924 2264 151),st
1943 2204 1983 2266 de

209 2279 319 2342 llultac
331 2287 431 2342 autern
444 2281 522 2341 aliae
534 2278 746 2342 caeremoniae
758 2276 1076 2354 sacrificiorum‚quue
1118 2287 1262 2354 civirpei
1274 2282 1452 2364 captabunt
1469 2287 1563 2344 totum
1579 2279 1661 2357 hune
1676 2281 1778 2344 iocum
1793 2282 1983 2347 defluentis.

209 2363 277 2426 sinc
293 2363 387 2426 dubia
400 2362 544 2442 figurales
559 2368 657 2436 erant,
676 2369 708 2422 ut
722 2361 803 2438 quod
819 2359 852 2421 in
874 2359 1073 2422 tabernaculo
1117 2372 1173 2435 stra
1191 2371 1327 2448 ρχροῃῑι,
1465 2374 1467 2377 ·
1687 2413 1690 2419 ,

207 2443 400 2520 θῖῐθῐιθιιῑΰιι
418 2446 499 2524 (ιΰθῦ
513 2459 614 2506 ⁰⁰i³m
628 2443 822 2506 fflsslliludissss
835 2441 941 2522 populi
956 2441 1069 2516 fidelis,
1157 2453 1293 2515 Tertium
1308 2445 1518 2510 testimonium
1534 2444 1666 2509 sumitur
1680 2461 1718 2508 cx
1732 2446 1895 2509 illolsniao
1910 2467 1980 2529 cap.

207 2529 288 2600 ‘1⁰⁰d
305 2543 414 2589 minus
430 2529 662 2606 Ῑῐῐψθῐῐθῐθῦῑΰΐ
677 2541 771 2604 subii
792 2524 966 2596 victimam,
989 2525 1071 2604 (1⁰⁰⁶
1118 2536 1168 2601 ie.
1186 2533 1381 2614 capnosecnt
1400 2529 1779 2610 Acppptittiomiaamin
1799 2531 1853 2594 die
1865 2532 1937 2599 itta.
1952 2541 1984 2596 et

207 2609 324 2672 triclinia
340 2611 495 2671 immolato
509 2609 656 2672 continuo
672 2609 920 2679 manducaretur,
944 2608 1072 2669 elatine
1116 2621 1220 2681 corant
1241 2634 1316 2680 enm
1338 2616 1377 2676 ιιι
1406 2613 1522 2677 positia,
1546 2618 1577 2673 er
1598 2611 1800 2675 mmmm,
1826 2613 1980 2678 Eusebius

205 2691 333 2764 similes,
351 2695 381 2754 in
398 2707 491 2756 cruce
506 2692 627 2771 impleri
644 2707 704 2754 non
720 2695 897 2771 potuerunt:
911 2705 1005 2768 quare
1020 2695 1073 2751 aut
1118 2702 1174 2765 tib,
1200 2704 1228 2762 t,
1246 2701 1448 2762 demonstrat.
1479 2693 1619 2772 evangel.
1645 2711 1715 2772 cap.
1731 2695 1761 2757 b.
1779 2702 1810 2756 et
1830 2695 1981 2779 Hierony.

206 2775 236 2833 in
251 2774 442 2838 Eucharistia
458 2776 635 2853 implentur,
660 2779 712 2837 aut
741 2772 922 2852 simpliciter
937 2787 998 2833 non
1014 2772 1071 2834 im·
1116 2802 1185 2847 mus
1209 2784 1239 2846 in
1256 2778 1476 2845 commentario
1493 2779 1602 2841 cubae
1622 2778 1704 2849 loco,
1721 2778 1861 2855 probant,
1879 2780 1981 2860 togam

207 2857 339 2934 illimis·
425 2899 428 2902 ·
1116 2885 1188 2930 esse
1204 2868 1377 2928 translatam
1393 2910 1401 2932 ,
1417 2859 1671 2941 quandoquidem
1699 2861 1905 2924 sacerdotium
1934 2873 1981 2926 est

383 2947 384 2950 ¹
1115 2949 1307 3017 translatum.
1325 2962 1394 3008 cum
1411 2943 1492 3023 apud
1508 2943 1683 3022 Aegyptios,
1700 2943 1792 3011 idest,
1808 2947 1889 3023 opud
1905 2965 1980 3025 gen·

1118 3034 1189 3094 tiles
1212 3028 1443 3094 sacritloialleo
1458 3041 1530 3089 roro
1559 3024 1738 3088 atterantur.
1768 3025 1875 3105 Neque
1902 3032 1980 3092 rdet

533 3144 654 3211 cpppp
675 3148 715 3213 [χ
1116 3117 1280 3195 responsio
1296 3108 1424 3185 Caluini,
1446 3108 1502 3173 tib.
1523 3109 1554 3171 l.
1579 3105 1680 3172 instit.
1704 3125 1776 3188 cop,
1791 3107 1875 3191 tat
1903 3111 1935 3176 l.
1952 3114 1979 3175 Ι.

719 3196 728 3213 ’
1116 3201 1211 3261 saiarn
1234 3199 1319 3275 tonui
1344 3197 1384 3258 de
1412 3193 1574 3255 sacriticiis
1601 3192 1841 3271 spiritualibus3
1868 3212 1977 3273 quaen

1117 3281 1299 3345 Christianis
1320 3277 1464 3339 omnibus
1479 3274 1661 3337 atteruntur.
1677 3274 1749 3336 Nam
1763 3276 1792 3337 in
1810 3278 1920 3339 eodem
1936 3281 1979 3343 lo·

230 3444 234 3456 .
257 3388 418 3455 Probatur
431 3388 637 3465 sacrificinm
650 3388 769 3450 missae
785 3400 828 3449 eac
841 3384 1006 3448 vaticiniis
1116 3380 1156 3460 ⁰⁰,
1175 3364 1338 3461 similist?
1359 3361 1464 3459 inii?
1492 3356 1666 3464 ”Qfflissff'fiss'
1684 3356 1754 3419 ¹⁰⁰⁰
1776 3358 1890 3457 risibili
1906 3379 1980 3459 ροι-

511 3490 757 3572 propinarunt.
1103 3453 1227 3593 mc
1238 3443 1439 3610 pappant&
1453 3440 1981 3602 ssss‘c'ffi'ciffirgssasffirffga'ft‘i'fflff

1117 3613 1180 3675 lunt
1197 3614 1291 3674 altare
1306 3609 1428 3671 risibile
1443 3606 1654 3668 necessarium
1669 3611 1727 3668 est.

247 3696 391 3773 Quartum
412 3686 625 3775 argumentum
644 3694 816 3776 principale
834 3739 842 3767 ,
870 3694 950 3755 suini
967 3700 1068 3773 potest
1159 3696 1303 3769 Quartum
1325 3686 1535 3753 testimonium
1551 3688 1681 3751 babetur
1695 3685 1795 3750 Isaiae
1809 3687 1861 3752 db.
1877 3690 1918 3752 Et
1930 3710 1977 3754 ns·

207 3794 245 3841 ex
266 3778 416 3841 vaticiniis
431 3781 658 3858 prophetarum.
675 3778 760 3849 Nam,
776 3784 809 3840 ut
820 3782 903 3840 recte
916 3776 1072 3857 attingu-
1116 3793 1246 3848 manum
1259 3794 1303 3840 cm
1317 3774 1362 3837 cio
1375 3772 1555 3836 coamantes
1571 3777 1601 3832 et
1614 3771 1737 3842 ιειιῑιεε,
1765 3772 1846 3834 dicit
1873 3771 1977 3838 Dona·

209 3862 308 3924 stinus
324 3862 414 3941 epist.
430 3862 482 3922 ib.
498 3869 619 3940 quaesi.
642 3861 673 3922 3.
695 3860 843 3937 Nostrum
867 3860 1071 3936 scantiniam
1112 3877 1191 3923 atas.
1206 3860 1260 3921 Coi
1275 3858 1379 3938 simile
1392 3862 1439 3918 est
1453 3854 1530 3915 iliud
1546 3852 1979 3920 Hierocaesarienses

207 3960 276 4006 rtort
290 3945 396 4007 soltun
409 3944 613 4023 aucupationi,
635 3945 692 4006 sed
706 3944 804 4005 etiarn
816 3942 1011 4022 propheticis
1033 3945 1070 4006 ti·
1115 3944 1155 4006 dc
1167 3942 1341 4014 Bouiania,
1364 3941 1423 4018 qui
1435 3938 1545 4001 sedeat
1564 3953 1663 4015 saper
1683 3936 1838 4000 aaronem
1862 3940 1978 4003 domam

211 4027 275 4089 bris
290 4028 547 4089 demonstratum
560 4032 617 4089 cst.
634 4026 694 4088 Sex
709 4025 881 4088 testimonia
909 4025 1073 4103 propbeta·
1114 4024 1225 4092 lsrael.
1249 4033 1278 4086 ot
1292 4028 1332 4088 dc
1346 4018 1566 4086 sacordotibns
1592 4026 1622 4081 et
1636 4022 1676 4083 de
1691 4020 1792 4081 lenitis
1812 4036 1884 4085 nan
1897 4023 1978 4086 intc-

210 4126 275 4172 rum
292 4109 406 4181 adduci
416 4110 588 4181 solent,sed
604 4116 791 4189 postremum
801 4114 847 4169 est
859 4108 1069 4185 praecipuum,
1113 4108 1190 4170 ribit
1202 4110 1253 4169 nir
1266 4124 1289 4169 a
1301 4108 1386 4185 socie
1398 4120 1483 4176 ntea,
1496 4104 1555 4183 qai
1569 4100 1681 4183 offerat
1701 4102 1979 4169 macomariam

208 4198 238 4252 rt
253 4192 454 4253 ideorcaetera
469 4191 603 4254 breuiter
617 4192 718 4253 sotum
746 4190 955 4271 attingemus,
983 4198 1016 4252 ut
1039 4193 1070 4253 iu
1115 4196 1173 4253 eto.
1192 4190 1272 4252 ilaec
1287 4191 1354 4250 tona
1375 4188 1580 4264 ltieronymos
1609 4185 1639 4247 in
1668 4185 1777 4246 isaiam
1795 4192 1825 4247 nt
1839 4186 1977 4252 'theoda-

209 4282 367 4353 postremo
388 4272 790 4336 diutiusliccotimrnorari.
1114 4279 1199 4335 retus
1225 4274 1255 4333 in
1282 4270 1478 4342 Hieremiam,
1508 4274 1665 4345 exponunt
1694 4270 1733 4330 de
1762 4271 1977 4334 sacerdotibus

248 4356 381 4418 Primum
396 4358 604 4419 testimonium
626 4357 756 4418 habetur
771 4355 824 4417 tiu.
836 4355 983 4432 ilianum
999 4372 1068 4434 cap.
1114 4354 1238 4424 christi,
1251 4356 1302 4433 nni
1317 4361 1466 4432 perpetuo
1481 4350 1704 4428 permanebunt
1716 4368 1814 4428 usone
1830 4354 1867 4412 ad
1885 4370 1978 4415 mnn-

206 4434 237 4501 2.
252 4453 348 4517 prope
364 4438 468 4509 duem,
483 4439 535 4501 ubi
557 4439 682 4518 quidam
698 4439 845 4516 propbeta
860 4438 1070 4501 innominatus
1113 4438 1144 4501 di
1159 4437 1467 4499 consummationem.
1493 4434 1553 4494 lieo
1579 4439 1709 4509 possunt
1733 4436 1822 4495 alitor
1836 4442 1949 4513 erponi
1966 4486 1974 4509 ,

207 4522 354 4597 praedicit
376 4518 442 4582 iicti
464 4522 627 4594 sacerdoti,
651 4521 785 4583 tutorum
800 4519 965 4597 aliquando
992 4527 1066 4582 tem·
1113 4536 1184 4583 ourn
1199 4521 1393 4599 apertissime
1408 4524 1537 4595 uterque
1552 4518 1678 4592 proheta
1693 4517 1835 4595 loquatur
1846 4519 1887 4579 de
1900 4536 1974 4582 con·

206 4620 278 4683 pua,
296 4614 330 4665 ut
351 4608 452 4665 cesset
468 4605 674 4665 sacerdotium
690 4604 799 4680 ipsius,
816 4609 847 4664 ει
859 4608 976 4679 patrum
998 4618 1069 4666 suo·
1113 4604 1256 4680 tersione
1271 4603 1409 4678 gentium
1425 4605 1456 4663 ει
1470 4598 1682 4662 aedificatione
1694 4598 1866 4662 Ecclesiae.

204 4702 284 4758 rum,
302 4693 331 4746 et
346 4692 449 4765 surgat
464 4699 560 4749 novus
575 4684 744 4761 sacerdos,
775 4686 827 4762 qui
857 4685 993 4763 ambulet
1007 4702 1068 4761 co·
1154 4686 1327 4748 llcmnitius
1348 4684 1379 4745 in
1394 4683 1507 4764 2.par.
1530 4696 1627 4743 enam.
1645 4698 1715 4760 pag.
1747 4680 1817 4743 isa.
1833 4684 1976 4761 agnoscit

206 4784 268 4829 ram
285 4766 403 4830 Christo
414 4767 629 4844 llei,omnihus
644 4766 766 4830 diebus.
790 4764 886 4839 Quem
901 4767 1003 4827 laeum
1018 4784 1069 4829 er·
1113 4767 1169 4829 ista
1181 4768 1248 4831 loca
1264 4768 1378 4831 debere
1392 4765 1504 4843 erponi
1526 4764 1566 4827 do
1588 4764 1656 4826 nori
1672 4764 1858 4827 Testamenti
1873 4780 1977 4829 sacer·

206 4857 325 4928 ponunt
345 4850 384 4912 dc
398 4850 569 4913 sacerdotio
599 4855 630 4912 et
642 4850 793 4912 sacrificio
809 4848 1063 4925 Christianorum,
1113 4850 1249 4913 dotibus:
1263 4866 1365 4929 neque
1379 4847 1495 4926 aliquid
1509 4847 1688 4925 respondet,
1714 4846 1772 4908 nisi
1799 4847 1856 4908 ista
1871 4850 1975 4911 ratici-

204 4934 287 5010 quod
302 4930 658 5005 successitlaronicoet
670 4932 804 4995 manebit
818 4930 964 5010 usquead
981 4948 1067 4995 mun·
1114 4933 1164 4995 nia
1177 4935 1284 5009 partim
1301 4934 1424 5011 impleta
1441 4930 1556 4992 esseio
1571 4927 1704 4992 Christo:
1731 4929 1783 5007 qui
1812 4928 1868 4992 init
1882 4946 1975 4995 rarus
2038 4975 2039 5004 ,

181 5026 185 5031 ·
203 5017 233 5077 oi
246 5010 555 5079 consummationemi
583 5014 752 5096 Cyprianus
779 5014 881 5075 litut.
898 5018 1001 5074 contra
1015 5013 1066 5077 Ju-
1113 5016 1269 5088 snoerdos,
1288 5022 1318 5078 et
1332 5012 1484 5082 successit
1497 5012 1710 5074 sacerdotibus
1721 5011 1908 5074 testamenti
1923 5030 1976 5076 re·
2038 5017 2039 5094 i

201 5098 309 5173 dacos,
326 5096 639 5179 onp.ll.dugustinus
653 5098 708 5159 lib.
727 5096 818 5158 ilde
833 5093 977 5158 divitari
995 5112 1066 5176 cap.
1113 5100 1198 5174 teris,
1215 5099 1325 5176 partim
1341 5095 1462 5175 impleri
1490 5093 1523 5157 in
1544 5094 1688 5157 omnibus
1709 5094 1903 5167 Christianis,
1920 5098 1975 5174 qui
2038 5097 2039 5116 ³

202 5180 233 5241 5.
251 5178 403 5243 Eusebius
423 5180 478 5241 lib.
498 5180 530 5242 l.
553 5182 753 5243 demonstrat.
770 5176 910 5256 evangel.
927 5194 995 5258 cap.
1012 5179 1064 5243 26.
1111 5189 1184 5243 sont
1198 5182 1373 5259 spirituales
1385 5178 1575 5241 sacerdotes.
1590 5176 1627 5239 itt
1641 5182 1748 5240 neutra
1764 5179 1917 5254 expositio
1931 5178 1975 5241 ia·

202 5262 388 5341 Gregorius,
401 5262 481 5325 lleda
497 5269 526 5324 et
543 5262 714 5325 Eucherius
741 5262 772 5323 in
799 5268 964 5343 comment.
995 5262 1065 5342 ejus
1111 5265 1152 5325 oit
1163 5265 1200 5324 od
1215 5280 1291 5326 rem.
1308 5263 1373 5325 lton
1387 5262 1427 5325 de
1441 5261 1509 5323 soto
1523 5260 1606 5322 enim
1620 5257 1741 5323 Christo
1769 5265 1902 5335 possunt
1924 5261 1973 5323 in·
2038 5305 2039 5344 ,

200 5345 273 5407 loci.
1112 5348 1207 5426 tolligi
1223 5366 1259 5409 ea
1274 5346 1425 5419 vaticinia,
1441 5359 1511 5406 oum
1526 5342 1641 5405 diserte
1656 5342 1686 5403 in
1714 5358 1843 5404 numero
1871 5343 1974 5405 multi·

242 5427 301 5489 Sed
322 5434 428 5490 contra
444 5426 537 5508 objici
553 5434 671 5508 posset,
684 5426 780 5489 rideri
802 5425 963 5503 impletum
985 5425 1062 5489 iliud
1109 5430 1225 5492 tudinis
1239 5436 1355 5507 ponant
1376 5428 1553 5491 sacerdotes
1568 5429 1598 5487 et
1612 5425 1731 5486 lenitas:
1761 5440 1864 5505 neque
1881 5428 1922 5487 dc
1938 5444 1976 5489 o·

198 5510 373 5572 sauciatum
397 5511 428 5571 in
441 5510 595 5585 Samuele,
612 5511 659 5573 rel
675 5508 706 5571 in
722 5510 832 5572 Sardoo.
848 5510 921 5572 Nom
936 5509 1061 5571 Samuel
1105 5513 1229 5575 mnibus
1244 5510 1427 5574 Christianis
1442 5508 1571 5585 intelligi
1587 5514 1728 5584 possunt,
1752 5523 1822 5569 cum
1840 5514 1977 5586 uterque

198 5594 350 5655 successit
363 5592 443 5670 Ηειίς
460 5599 490 5657 ει
503 5594 618 5656 deinde
639 5592 780 5656 Salomon
796 5593 888 5672 ejecit
902 5591 1057 5666 abiathar,
1105 5597 1253 5674 propbeta
1269 5594 1437 5675 distinguat
1455 5591 1633 5663 sacerdotes
1658 5590 1777 5653 tuturos
1803 5607 1819 5651 a
1846 5591 1974 5669 reliquo

196 5676 248 5748 aui
262 5676 471 5739 descendebat
482 5676 521 5737 de
535 5675 646 5737 inmitia
663 5672 728 5736 Heli
747 5722 754 5751 ,
778 5682 809 5737 et
822 5675 982 5737 constituit
1002 5689 1059 5752 pro
1104 5679 1232 5758 poptrto.

198 5774 235 5821 eo
257 5758 367 5833 Sados,
384 5765 414 5821 et
429 5758 512 5822 addit
524 5758 690 5839 Scriptura,
707 5759 760 5822 tib.
774 5759 804 5822 3.
823 5758 895 5837 aeg.
911 5774 979 5837 cap.
995 5757 1059 5820 tid
1145 5757 1370 5840 Diocletianis
1386 5753 1722 5839 loquuntorratioinia
1749 5755 1788 5819 de
1817 5754 1974 5820 ministris
