4084 6275
274 331 328 392 too
849 305 851 310 ’
992 329 1036 390 oa
1054 330 1154 395 tttsst

199 465 516 547 triperpropbatam
527 471 710 548 praediscit.
737 466 878 548 lienique
902 465 1058 548 liupertus
1141 465 1301 530 Pmetcrea
1314 463 1381 545 ipsa
1395 461 1487 528 rerba
1500 461 1709 528 Samaritanae
1721 465 1849 542 augunt,
1866 461 1908 521 ut
1921 471 1989 538 per

199 549 231 610 in
247 550 463 614 commentario
478 553 671 630 apertissime
693 553 732 616 dc
747 551 899 617 saorillcio
912 550 1058 615 Huobtri·
1101 548 1311 614 adorationem
1322 546 1421 619 intelli
1443 563 1531 611 emus
1546 545 1754 619 sacrificium:
1778 564 1850 610 narn
1865 546 1985 625 loqui·

200 632 278 696 stiae
293 633 465 698 vaticinium
477 635 614 715 exponit.
1101 631 1201 694 tarde
1215 631 1391 695 adoratione
1436 628 1526 711 ligata
1540 634 1626 694 certo
1640 631 1721 706 loco,
1743 637 1775 694 ει
1795 645 1877 710 quae
1895 631 1983 691 alibi

883 735 885 746 ¹
1100 730 1163 777 non
1178 714 1235 777 rite
1248 713 1311 776 ilat:
1330 713 1398 787 les,
1413 713 1524 790 iuquit,
1539 712 1658 786 dicitis,
1680 715 1762 794 quin
1783 713 1984 790 Hierosoly·

1102 798 1164 860 ιιιιιι
1178 802 1223 859 eat
1236 797 1336 869 ιοσιιε,
1350 795 1410 859 ubi
1427 797 1570 860 odorem
1590 802 1724 874 oporcq
1752 813 1792 860 ac
1810 796 1838 859 si
1870 797 1985 857 dixis-

624 945 627 951 ,
1103 887 1162 943 sat:
1179 878 1240 944 los
1252 878 1360 942 ludaei
1374 877 1602 957 reprehenditis
1613 894 1685 951 nos,
1700 881 1784 960 quod
1795 885 1881 946 extra
1900 879 1987 940 Hie·

538 985 658 1054 qquq
678 987 734 1052 χι,
1102 963 1236 1025 rusalem
1251 963 1413 1024 adoremus
1425 961 1511 1042 iuxta
1525 965 1615 1024 ritum
1630 961 1750 1024 latrum
1764 968 1952 1025 nostrorum
1973 1007 1983 1032 ‚

707 1119 708 1122 Ἴ
1030 1111 1034 1118 ,
1104 1061 1206 1123 neque
1221 1044 1305 1120 alibi,
1321 1060 1412 1124 quarn
1433 1046 1465 1106 in
1480 1043 1674 1108 Hierusalem
1703 1045 1815 1107 licitam
1843 1059 1925 1106 esse
1948 1061 1983 1102 a·

1103 1129 1293 1192 iterationem
1308 1126 1456 1190 asseritis.
1472 1125 1509 1186 lt
1520 1132 1605 1190 certe
1619 1143 1786 1207 numquam
1815 1126 1875 1190 luit
1889 1127 1983 1203 apud

518 1241 519 1246 ι
1103 1211 1237 1274 iudaeos
1251 1210 1385 1272 adoratio
1400 1208 1520 1288 alligata
1537 1216 1621 1272 certo
1642 1209 1712 1272 loce
1729 1254 1749 1283 ,,
1767 1209 1828 1272 nisi
1851 1210 1984 1271 ratione

316 1287 407 1367 idern
418 1300 576 1382 medetur
590 1317 633 1365 cm
647 1317 720 1382 cap.
736 1301 768 1364 l.
783 1302 934 1368 ioannis.
1104 1293 1259 1357 sacrificii:
1275 1292 1412 1373 loquitur
1427 1292 1519 1370 igitur
1533 1291 1716 1354 Samaritana
1727 1292 1774 1354 de
1787 1291 1981 1354 adoratione

1105 1393 1162 1456 per
1176 1375 1371 1439 sacrificium.
1389 1373 1476 1448 Quod
1487 1379 1516 1436 si
1527 1376 1586 1438 hoc
1600 1375 1641 1436 ita
1666 1374 1819 1448 sehabet,
1836 1390 1983 1436 necesse

1106 1465 1168 1532 est,
1184 1465 1218 1521 ιιι
1232 1457 1323 1521 etiam
1338 1457 1460 1519 Domini
1474 1458 1639 1536 responsio
1665 1458 1705 1520 de
1718 1457 1906 1519 adoratione
1922 1473 1983 1534 per

240 1545 457 1622 Argumentum
473 1538 617 1613 Quintum
632 1539 705 1603 duci
719 1546 822 1621 potest
835 1557 874 1604 ex
894 1537 963 1621 ca'p.
978 1538 1009 1604 ι.
1028 1559 1060 1606 e·
1104 1541 1289 1605 sacrificium
1303 1539 1502 1620 intelligatur,
1534 1538 1650 1617 alioqui
1674 1540 1824 1602 bominus
1838 1556 1909 1600 non
1929 1557 1981 1601 sa-

201 1625 336 1706 rangelii
351 1622 522 1686 secundum
537 1623 710 1700 ioannem,
737 1625 789 1686 ubl
814 1624 964 1686 Dominus
990 1625 1060 1704 ipse
1105 1625 1272 1687 tisteeisset
1285 1623 1457 1702 quaestioni
1471 1623 1657 1701 propositae.
1673 1621 1755 1702 Ergo
1783 1619 1857 1684 curia
1870 1622 1984 1683 Homi-

201 1707 375 1772 vaticinium
387 1704 564 1779 lialaobiae,
594 1706 708 1786 dequo
730 1706 804 1770 datis
823 1707 887 1786 jam
912 1708 1061 1770 disserui·
1106 1724 1165 1770 nus
1186 1707 1239 1768 ait:
1254 1705 1370 1769 diutior
1383 1706 1477 1768 crede
1497 1705 1589 1776 mibi,
1621 1707 1703 1786 quio
1728 1707 1836 1769 occid
1867 1703 1980 1772 bora.

201 1808 282 1864 mus,
298 1788 451 1869 explicare
467 1787 596 1861 ridetur,
610 1804 680 1851 eum
695 1789 741 1851 sic
756 1789 807 1874 ait:
838 1788 926 1852 Venit
951 1789 1058 1869 born,
1105 1791 1239 1871 quando
1252 1787 1407 1870 coqueio
1416 1792 1525 1851 moute
1539 1788 1609 1859 boc,
1621 1801 1727 1868 neque
1740 1789 1779 1850 in·
1789 1787 1981 1868 Hierosoly·

199 1875 332 1955 quondo
346 1871 499 1950 coqueio
512 1873 620 1934 monte
634 1872 814 1952 bacasque
828 1872 866 1936 io
877 1872 1058 1956 Hierosoly·
1104 1873 1167 1936 mis
1181 1871 1360 1935 ιιιιοταιιιιιιι
1374 1871 1631 1935 Potromssensas
1645 1873 1714 1934 erit:
1725 1870 1835 1934 leniet
1848 1875 1982 1948 tempus

198 1959 260 2020 mis
275 1954 452 2020 adorabitis
467 1953 646 2017 PutremHt
663 1953 845 2033 paulopost:
863 1954 951 2018 lorott
965 1955 1058 2022 born.
1106 1956 1228 2034 quando
1243 1971 1305 2018 non
1321 1954 1378 2016 erit
1392 1953 1513 2032 alligata
1528 1954 1664 2016 adoratio
1692 1969 1749 2032 per
1761 1952 1979 2025 sacrificium,

201 2045 231 2100 ει
241 2053 332 2103 nuno
346 2040 402 2112 est,
415 2037 548 2115 quoodo
576 2036 848 2101 cenodorotoraa
876 2037 1063 2116 odorabunt
1106 2055 1208 2119 neque
1223 2037 1529 2116 huicmonti‚neque
1552 2035 1774 2115 Hierosolymis
1789 2083 1798 2111 ‚
1813 2037 1873 2098 sed
1900 2036 1981 2098 ino·

200 2121 330 2185 Putrem
341 2120 380 2182 ιιι
389 2119 511 2198 spiritu
521 2123 549 2198 et
562 2120 707 2182 ueritate.
722 2119 788 2183 Huc
816 2120 898 2182 enim
922 2120 991 2183 loeo
1006 2139 1062 2200 per
1106 2121 1169 2182 mni
1191 2122 1260 2183 loco
1275 2119 1419 2183 olleretur
1432 2119 1562 2180 ltomino
1575 2117 1772 2180 sacrificium.
1785 2118 1824 2180 ιιι
1835 2120 1901 2180 boc
1917 2126 1978 2189 cst,

201 2205 408 2266 adorationem
424 2217 485 2263 non
507 2201 687 2280 intelligitur
701 2201 988 2280 quaeris-adoratio,
1005 2205 1063 2267 sed
1105 2203 1187 2282 quod
1203 2200 1675 2283 praedixitllalacbiaszlacmoi
1687 2202 1755 2264 ioco
1766 2199 1906 2282 effatur
1918 2217 1978 2264 no·

201 2285 351 2350 solemnis
380 2291 411 2346 et
426 2283 560 2363 publica,
587 2300 643 2364 por
658 2285 841 2347 sacrilleium
870 2284 994 2364 proprie
1015 2287 1063 2350 di·
1105 2287 1275 2350 minimae
1289 2283 1407 2347 oblatio
1421 2286 1559 2348 muodo.
2028 2324 2029 2355 ι

202 2377 297 2432 ειιιιιι.
314 2366 349 2430 ld
361 2383 434 2430 vero
449 2366 547 2428 tribus
558 2368 746 2445 argumentis
767 2367 1061 2444 comprobabimus,
1147 2369 1246 2432 Verba
1258 2373 1359 2430 autem
1374 2367 1548 2444 sequeutia:
1569 2367 1639 2430 Veri
1648 2367 1840 2430 ιιιιοταιειεε
1852 2367 1978 2430 adoro·

205 2453 231 2514 si
248 2453 380 2531 primum
393 2448 529 2512 breviter
553 2451 781 2513 ostenderimus
799 2495 806 2522 ,
837 2451 867 2510 in
895 2449 1063 2529 scripturis
1111 2451 1192 2514 bunt
1205 2451 1386 2515 Patremic
1398 2450 1518 2528 apia-itu
1545 2455 1575 2511 ει
1587 2451 1731 2518 cericis,
1747 2450 1833 2512 hunc
1848 2465 1980 2511 sensum

201 2552 263 2596 ιιοιι
276 2547 347 2595 esse
365 2533 557 2607 inusitatum,
573 2537 606 2594 ut
618 2547 674 2611 per
688 2532 898 2595 adorationem
912 2533 1063 2613 intelliga-
1109 2533 1236 2611 iaciunt3
1257 2533 1325 2596 leri
1336 2533 1513 2595 adoratores
1529 2577 1538 2604 ,
1561 2532 1662 2606 idest,
1679 2531 1731 2609 qui
1752 2547 1862 2594 rerum
1878 2531 1978 2593 ileum

203 2623 251 2680 tur
265 2614 465 2678 sacrificium.
1111 2616 1249 2696 legitime
1276 2616 1391 2686 colent,
1418 2613 1562 2676 nimirum
1590 2613 1776 2687 christiani,
1800 2614 1979 2676 adorabunt

245 2697 359 2765 denes.
381 2697 434 2759 22.
456 2696 610 2759 Abrabam
631 2691 797 2761 instructus
818 2696 921 2777 gladio
943 2705 973 2758 ot
987 2697 1060 2776 igne
1107 2699 1237 2774 Patrem,
1253 2697 1347 2772 idest,
1362 2697 1427 2760 lleo
1441 2695 1667 2760 sacrttleabuat:
1683 2696 1715 2759 ln
1729 2697 1886 2776 spirituet
1901 2697 1977 2758 reri·

202 2780 241 2846 ad
263 2779 495 2844 sacrificandum
524 2781 599 2843 dixit
623 2779 744 2843 lamulis
772 2780 847 2843 suis:
874 2777 1065 2858 Hocapeotote
1108 2788 1180 2856 tate,
1194 2781 1286 2855 idest,
1302 2778 1454 2844 saerlileio
1465 2780 1616 2858 spirituali
1631 2785 1663 2842 ει
1676 2795 1760 2851 ιειο,
1776 2795 1842 2841 non
1856 2780 1976 2841 carnah

202 2865 255 2928 bic
270 2878 344 2926 oum
355 2863 522 2941 mesonpa
537 2866 567 2925 ct
579 2877 662 2940 puer
674 2863 754 2925 illua
767 2877 870 2941 usquc
883 2878 1065 2942 properan-
1109 2870 1139 2927 ει
1153 2864 1268 2945 typico,
1284 2862 1436 2926 utludaei
1450 2861 1614 2925 iaciebant.
1626 2861 1801 2942 (lpponitur
1813 2860 1904 2926 euim
1916 2863 1978 2939 spi·
2028 2860 2029 2927 l

203 2955 259 3018 tcs,
273 2949 448 3024 postquam
462 2945 924 3019 udoroceoimtcs,rcoertcmur
938 2947 983 3008 od
995 2961 1063 3008 cos.
1110 2949 1186 3010 ritus
1200 2945 1285 3010 carni
1296 2953 1328 3010 et
1338 2946 1449 3009 ceritas
1470 2944 1599 3023 ilgurac:
1615 2950 1702 3008 erant
1722 2945 1804 3008 enim
1820 2943 1976 3008 sacrificia

204 3030 268 3091 Hoc
285 3030 364 3098 loeo,
381 3027 523 3092 adorare
538 3025 710 3091 saorttoare
724 3026 887 3106 significat:
904 3044 973 3090 narn
989 3027 1065 3091 alio·
1105 3028 1228 3111 judaica
1244 3029 1387 3103 earnalia,
1403 3027 1475 3106 quia
1488 3027 1521 3090 iu
1536 3027 1717 3090 mactatione
1738 3027 1843 3090 carnis
1858 3032 1892 3089 el
1905 3043 1974 3088 sao·
2028 2998 2029 3069 ι

129 3129 135 3143 ·
204 3112 256 3189 qui
273 3110 388 3190 ubique
400 3108 525 3184 adorare
540 3109 702 3190 potuisset,
718 3109 744 3173 si
758 3116 871 3174 tantum
892 3126 947 3187 per
959 3112 1065 3174 adora·
1108 3113 1213 3193 guinis
1226 3111 1378 3177 ellusione
1390 3109 1610 3186 consistebant,
1627 3115 1657 3173 et
1671 3109 1764 3173 simul
1785 3109 1848 3189 typi
1862 3115 1897 3171 ει
1911 3125 1978 3171 urn-

204 3200 320 3256 tlonem
336 3192 504 3255 incurvatio
519 3192 669 3270 quaedam
681 3192 916 3275 intelligeretur3
931 3194 987 3257 sed
1000 3200 1064 3271 jus·
1110 3197 1185 3260 brae
1200 3201 1288 3258 erant
1308 3196 1490 3259 futurorum.
1519 3193 1557 3256 dt
1570 3191 1761 3257 Eucharistie
1788 3191 1976 3256 sacrificium

205 3282 286 3339 serat
299 3274 329 3337 ei
344 3276 500 3350 ltominus,
524 3281 564 3338 ut·
585 3275 616 3337 in
638 3281 743 3339 moute
769 3274 954 3339 sacrillcarct
982 3282 1012 3340 et
1027 3292 1065 3339 eo
1110 3286 1158 3345 est
1169 3276 1415 3359 spirituale,quia
1430 3274 1477 3354 (ιιι
1487 3290 1581 3355 saepe
1595 3275 1740 3354 diximus)
1751 3292 1809 3354 per
1822 3271 1973 3355 Spiritum

162 3376 165 3387 ·
205 3357 468 3439 prolicisocbatur,
484 3364 516 3419 ιιι
528 3358 680 3433 diximus,
703 3359 740 3421 ad
756 3356 988 3422 sacrificandum
1003 3359 1067 3439 gla·
1109 3367 1250 3432 sanctum
1262 3368 1293 3425 at
1306 3361 1398 3423 rerba
1418 3356 1659 3423 consecrationis
1674 3356 1814 3432 allicitur,
1832 3366 1865 3419 ct
1878 3358 1974 3421 simul

206 3442 256 3503 dio
282 3445 372 3519 atque
388 3440 460 3519 igne
485 3442 665 3505 instructus.
685 3440 774 3505 ioan.
805 3440 855 3503 tt.
880 3442 1067 3523 Hrontqui·
1110 3453 1328 3510 cstaerumac
1345 3442 1680 3519 impletirumrctorum
1695 3440 1874 3521 figurarum.
1899 3440 1971 3502 llam

206 3526 285 3589 dom
297 3524 441 3601 pactiles,
456 3525 513 3604 qua·
527 3525 763 3598 escenderunt„
774 3529 812 3588 ut
832 3524 1010 3589 odoacrem
1031 3526 1069 3589 in
1111 3528 1170 3592 etsi
1185 3535 1233 3591 est
1247 3527 1338 3590 etiam
1364 3524 1499 3603 typicum
1514 3530 1658 3601 respectu
1673 3519 1816 3586 saoridoii
1845 3525 1973 3593 crucis,

207 3608 260 3671 dic
273 3606 363 3684 festo.
379 3607 445 3669 dot.
460 3606 491 3669 8.
504 3606 671 3671 Eunuchus
686 3606 834 3685 Aethiops
860 3615 982 3670 venerat
996 3608 1068 3669 ado·
1110 3616 1214 3674 ιιιιιειι
1226 3614 1370 3689 respectu
1390 3605 1610 3670 suentisiorum
1630 3605 1839 3681 ludaicoram,
1852 3621 1919 3667 non
1934 3612 1977 3685 ty-

207 3704 276 3753 rare
290 3688 322 3750 in
337 3689 540 3753 Hierusalem.
551 3690 585 3751 ln
598 3690 646 3753 his
675 3696 706 3753 ει
719 3690 873 3753 similibus
889 3688 966 3752 loeis
980 3688 1068 3769 (ado
1116 3698 1233 3773 pleuto,
1246 3692 1302 3755 scd
1316 3706 1422 3753 terum
1438 3688 1603 3752 dicendum
1621 3694 1679 3751 est.
1691 3689 1734 3751 lta
1746 3694 1909 3767 exponunt
1922 3689 1975 3750 has

206 3771 296 3851 ratio)
311 3770 493 3835 sacrificium
508 3772 672 3853 significan
687 3774 758 3835 ideo
772 3772 854 3837 cuim
880 3788 918 3835 ex
948 3773 1069 3851 longin-
1112 3776 1290 3856 particulas:
1303 3772 1476 3851 inspicite
1490 3771 1686 3847 etoeaa'ietc,
1709 3770 1973 3852 chrysostomus,

208 3854 279 3933 quis
293 3855 472 3932 regionibus
486 3855 628 3918 homines
643 3856 675 3918 iu
687 3854 880 3919 Hierusalem
893 3854 1069 3928 veniebant,
1116 3858 1258 3939 cyrillus,
1273 3853 1453 3936 llutbymius
1465 3854 1495 3915 in
1512 3853 1594 3917 buno
1605 3853 1860 3918 locum.Possent
1874 3859 1975 3915 mmen

208 3936 279 4016 quia
295 3952 357 3997 non
370 3944 507 4014 poterant
520 3940 551 3999 in
567 3938 626 4000 alio
640 3938 709 4001 loco
734 3937 798 4001 ltco
822 3952 894 3999 nero
920 3934 1071 3999 saoridoia
1116 3942 1207 4004 etiarn
1222 3942 1262 4003 ita
1274 3936 1508 4018 distinguiillae
1522 3952 1623 4010 voees,
1638 3944 1671 3999 ut
1682 3936 1932 4015 theophylactus
1945 3944 1974 3997 ct

209 4021 266 4081 rite
278 4016 392 4080 otlerri:
409 4018 544 4083 adoratio
559 4027 660 4082 autern
675 4020 818 4099 simplex,
833 4024 869 4081 ut
883 4016 974 4081 etiarn
1001 4024 1071 4099 press
1116 4025 1277 4087 sidonas
1288 4018 1974 4098 incommentariodistinguunt,ulspiritualis

210 4116 276 4171 ces,
292 4100 408 4180 ubique
422 4100 489 4164 ilari
510 4108 661 4183 poterant.
858 4133 860 4139 v
984 4138 991 4155 ι
1116 4107 1229 4179 uultus,
1245 4108 1418 4185 opponatur
1432 4101 1527 4164 cultui
1542 4102 1656 4164 carnali
1668 4101 1867 4165 ludaeorum:
1882 4116 1971 4162 uerus

252 4184 308 4247 Hls
321 4198 394 4263 crgo
410 4184 599 4261 praemissis.
614 4185 748 4247 Primum
770 4187 994 4263 argumentum,
1011 4198 1072 4262 qua
1116 4196 1217 4253 autem
1231 4192 1404 4266 opponatur
1419 4184 1513 4249 cultui
1529 4184 1605 4247 laiso
1630 4184 1901 4249 Samaritanorum.
1922 4185 1973 4262 qui

212 4267 380 4347 probamus
395 4266 446 4328 illa
462 4268 553 4329 rerba
568 4264 778 4330 Dominizleri
792 4267 979 4329 adoratores
994 4266 1072 4328 udo·
1117 4286 1222 4334 revera
1238 4287 1300 4333 noo
1315 4266 1463 4345 legitime,
1486 4272 1518 4328 ει
1531 4284 1587 4345 per
1614 4267 1674 4331 boc
1700 4283 1762 4329 non
1788 4281 1860 4329 rere
1875 4266 1970 4329 ileum

210 4348 332 4415 rubum
342 4348 380 4411 ia
393 4348 510 4427 spirito
524 4352 554 4413 ct
566 4350 712 4420 petitote,
728 4348 927 4427 intelligenda
945 4364 1016 4411 esse
1032 4348 1072 4411 dc
1118 4354 1260 4417 colebant
1272 4349 1432 4415 sacrifieiis
1443 4347 1521 4411 suis.

210 4430 374 4505 sacrilleio,
391 4432 542 4495 ducitura
567 4429 729 4511 principali
753 4448 848 4509 scopo
873 4432 965 4494 totius
989 4431 1074 4493 illius
1158 4436 1336 4499 Secundum
1346 4437 1558 4512 argumentum
1572 4430 1694 4496 ducitur
1707 4430 1745 4493 ah
1757 4430 1819 4495 illis
1843 4430 1970 4495 uerbis:

214 4514 285 4577 loci.
303 4512 518 4587 Quaestionem
530 4520 729 4594 proposuerat
744 4513 927 4577 Samaritana
943 4513 1073 4576 Domino
1121 4519 1211 4582 Venit
1223 4518 1307 4581 born
1320 4521 1349 4579 et
1368 4530 1459 4579 aune
1472 4519 1529 4577 eat.
1551 4512 1633 4579 Haec
1651 4514 1733 4577 enim
1762 4513 1853 4576 verba
1879 4516 1974 4576 mani·

213 4598 252 4661 de
266 4596 434 4659 schismate
447 4596 631 4661 iudaeorum
645 4602 675 4659 et
689 4597 956 4660 Samaritanorum:
969 4596 1076 4659 Domi·
1117 4602 1196 4665 leste
1209 4595 1553 4679 significantllominum
1565 4597 1697 4674 loquide
1708 4596 1885 4661 adoratione
1896 4614 1971 4660 nora

211 4695 265 4749 oe,
282 4678 392 4758 iuquit,
404 4678 510 4751 uideo,
523 4679 604 4761 quin
615 4680 772 4758 propbeta
786 4697 818 4743 es
832 4685 877 4743 tu.
892 4681 1002 4742 Patres
1015 4695 1074 4743 oc·
1119 4694 1297 4761 quaeantea
1318 4698 1380 4745 oon
1395 4685 1482 4754 erat,
1512 4685 1543 4743 et
1566 4695 1645 4754 quae
1666 4680 1785 4742 initium
1815 4678 1969 4741 babereta

212 4762 323 4826 atalia
335 4766 444 4825 nicole
458 4763 516 4825 boo
545 4764 917 4838 neocaesariensium
945 4758 1072 4837 dicitis,
1119 4766 1251 4831 christo.
1267 4766 1305 4828 ιιι
1315 4765 1450 4828 adoratio
1475 4760 1619 4841 simplet,
1650 4767 1682 4825 ει
1708 4762 1810 4825 omnia
1824 4762 1970 4824 sacrificia

214 4846 296 4924 quic
308 4843 534 4927 Hierosolymis
546 4850 592 4909 est
607 4846 705 4919 iocus,
718 4844 777 4908 ubi
787 4846 927 4911 odorare
939 4849 1073 4923 oportet.
1118 4848 1286 4929 improprie
1300 4849 1391 4919 dicta,
1408 4852 1440 4909 ut
1450 4846 1564 4920 hymni,
1581 4860 1702 4924 preces,
1727 4846 1968 4925 eleemosynae,

213 4927 276 4991 ista
291 4926 617 5007 quaestio‘uooessario
639 4929 678 4990 dc
698 4928 875 4991 adoratione
890 4942 946 5005 per
959 4926 1073 4989 saerlll·
1120 4948 1244 5010 semper
1254 4932 1288 4995 ιιι
1302 4947 1362 4995 usn
1375 4929 1575 4999 ineruditum
1590 4929 1622 4990 in
1637 4927 1784 5007 tegetum
1798 4928 1889 4990 etiarn
1903 4932 1972 4990 anto

215 5010 296 5089 ciunt
308 5010 508 5089 intelligenda
524 5017 580 5073 est.
597 5011 667 5075 liam
681 5008 729 5088 (ut
743 5026 780 5072 cx
793 5011 930 5087 ioscpbo
946 5008 1076 5088 intelligi
1119 5014 1234 5092 lagena
1246 5030 1307 5076 nan
1323 5028 1396 5091 erga
1406 5011 1556 5075 Dominus
1569 5010 1704 5090 loquitur
1730 5011 1769 5073 de
1797 5010 1971 5073 adoratione

216 5098 330 5172 potest,
342 5092 398 5155 lib.
415 5094 465 5155 ιι.
478 5094 617 5171 antiquit.
633 5109 702 5171 cap.
717 5091 765 5167 8.)
780 5092 914 5155 schisma
945 5090 1077 5155 Judaeo·
1119 5096 1264 5175 simplici,
1277 5096 1332 5159 sed
1348 5096 1388 5157 de
1401 5096 1579 5159 adoratione
1594 5109 1649 5173 per
1663 5092 1858 5166 saerillciurn,
1874 5098 1904 5155 et
1918 5108 1971 5171 per

215 5182 282 5237 ium
298 5181 329 5237 et
343 5172 600 5239 Samaritanorum
617 5182 755 5237 exortum
771 5182 819 5239 est
844 5191 881 5237 ex
911 5190 960 5249 eo,
990 5174 1074 5251 quud
1120 5178 1303 5242 sacrificium
1332 5179 1393 5240 nen
1429 5177 1596 5258 improprie
1620 5174 1737 5240 dietum
1756 5183 1788 5239 et
1811 5190 1971 5239 commune

216 5256 393 5319 Samaritani
407 5258 552 5337 templum
569 5256 804 5321 aedilleaaerunt
825 5256 856 5319 iu
871 5264 975 5320 monte
990 5257 1073 5321 Gari·
1118 5262 1201 5326 orani
1216 5262 1318 5335 aetati,
1333 5260 1389 5325 sed
1404 5276 1460 5340 per
1472 5258 1657 5325 sacrificium
1677 5258 1801 5339 proprie
1815 5258 1927 5320 dietum
1941 5268 1969 5320 ct

216 5340 373 5413 aira,etibi
388 5340 619 5411 saerilleandurn
632 5356 702 5403 esse
718 5341 955 5403 contendebant:
964 5338 1073 5403 ludaei
1117 5344 1274 5424 propriora
1290 5343 1485 5407 Testamenta
1499 5357 1578 5409 noro
1605 5345 1637 5405 et
1655 5340 1816 5406 Hoolesiac
1829 5340 1968 5405 christia·
2028 5353 2029 5400 t

214 5424 608 5497 autemcontradooebant,
636 5423 878 5503 insototenpto
905 5424 1073 5505 hierosoly-
1117 5442 1238 5491 tiorum.
1478 5486 1482 5493 ,

217 5503 329 5579 milano
344 5505 479 5585 legitime
492 5505 656 5569 sacrificari
671 5505 866 5585 pusseHanc
878 5506 968 5589 igitur
980 5524 1072 5584 quae·
1159 5508 1293 5572 tertium
1305 5513 1517 5587 argumentum
1529 5510 1661 5572 sumitur
1684 5523 1723 5571 ex
1736 5522 1787 5581 eo,
1808 5505 1892 5586 qued
1903 5506 1968 5570 sinc

215 5588 359 5661 sationem,
375 5598 540 5665 quaetune
568 5588 682 5651 multos
706 5590 856 5670 vexabat,
887 5590 1074 5655 Samaritana
1119 5591 1525 5672 dubioloquiturllomiuus
1554 5592 1594 5654 de
1622 5590 1799 5653 adoratione
1827 5596 1967 5665 externa,

217 5669 336 5733 ttntsto
353 5670 562 5751 utpoopbctae
578 5669 748 5750 proposuit.
1119 5675 1243 5756 publica
1271 5681 1302 5738 ει
1329 5673 1460 5739 solemni
1478 5692 1487 5755 ;
1503 5689 1565 5738 non
1580 5673 1620 5737 de
1648 5672 1768 5737 interna
1796 5677 1827 5735 et
1850 5672 1971 5753 priuata.
