4084 6275
817 293 820 298 ⁵
845 338 942 402 ureae
959 336 1084 398 rmuus
1737 348 1793 408 tre·

82 478 211 544 mein
266 473 767 553 ’mndndhatreeddoehlaeo
791 478 871 541 seer
894 480 950 550 etr,
995 475 1751 559 ptismnnnnerederelldeprepria,serlatiena.
1769 481 1861 548 beni·

81 580 151 626 esse
162 563 212 626 eie
226 562 270 626 ab
324 563 413 634 edne
427 563 563 626 ἀὶοῑυοι·
578 573 639 625 nee
653 559 801 624 eoinmtee
816 559 876 629 boc
899 562 950 626 di·
995 576 1058 638 nue
1071 557 1120 634 (ul
1143 561 1278 627 emittam
1293 564 1447 638 nanterus)
1472 559 1618 628 lllartinus
1640 563 1815 637 heruniti'us
1829 569 1860 632 iu

81 651 174 708 etum
188 646 311 710 diuinis
337 648 527 715 testimoniis
552 643 700 723 probari.
729 639 815 719 Quin
835 646 952 710 asseri·
995 643 1029 708 2.
1046 659 1110 721 pur.
1127 640 1266 708 Eremia.
1295 645 1452 712 tridentini
1469 645 1593 712 onueilii
1620 647 1860 712 arramiet.

80 727 158 792 med
171 730 330 807 paruulos
342 745 478 808 prorsus
490 744 560 793 nem
574 741 641 792 esee
667 725 893 802 baptizandos,
921 728 954 792 ei
996 741 1077 791 sess.
1095 743 1163 805 pag.
1180 726 1254 792 238.
1271 734 1301 796 et
1317 745 1385 805 sen.
1409 728 1483 798 dieii
1497 729 1623 805 nitidem
1649 743 1720 796 esse
1736 729 1862 796 dillleile

79 827 200 876 vernem
221 819 289 887 est,
309 811 351 874 e’te
368 813 531 890 baptismo
549 825 620 874 mort
640 810 795 882 eredere,
815 825 857 873 me
876 810 952 876 illut·
995 808 1165 878 intellectu.
1192 819 1222 874 el
1251 813 1415 890 explioulu,
1442 810 1701 888 quemadmodum
1729 811 1862 882 inientes

80 895 185 958 detor
199 893 378 972 majestatis
390 899 633 958 sacramentum
660 891 952 961 eruebamltebe·
996 892 1133 960 eredunt:
1154 893 1282 966 team,
1300 895 1410 972 tenuit.
1426 895 1588 973 poenrndn
1603 894 1662 958 hoe
1687 896 1863 974 simplicia·

80 993 157 1040 nume
178 984 291 1042 aulem
311 983 342 1040 et
361 977 447 1040 hereo
466 983 606 1056 nepetae
623 975 664 1038 in
691 976 840 1059 pareretis
869 975 951 1052 iudei
994 974 1352 1054 eimeposeilr'ntellipe'.
1369 977 1556 1055 enplteuter
1576 975 1771 1052 inlbrrnuln
1785 995 1863 1046 een·

81 1075 231 1123 errorem
244 1059 398 1138 Sepbbte'e
421 1066 480 1123 ete.
506 1059 562 1122 libi
589 1057 786 1132 apertissime
815 1057 952 1136 loquitur
995 1058 1225 1124 eordieeinter
1249 1060 1410 1135 thenteres
1426 1057 1609 1130 semoniae.
1627 1065 1656 1126 et
1680 1061 1861 1138 superioria

81 1146 123 1204 ue
138 1142 201 1208 ilde
216 1144 339 1209 aeturli.
356 1159 418 1206 neu
433 1145 473 1205 de
488 1140 647 1206 habituali:
664 1154 767 1220 oenoe
789 1140 873 1204 enim
895 1139 952 1206 de·
997 1140 1191 1206 Germaniae
1215 1157 1305 1208 amno
1322 1140 1412 1208 tile.
1440 1142 1615 1208 remittam
1632 1146 1698 1214 ele.
1725 1143 1761 1206 ttt
1777 1143 1863 1226 penit

81 1227 227 1296 eblueus,
243 1233 294 1288 eut
308 1225 508 1304 Augustinus,
524 1230 576 1288 eut
589 1222 788 1293 Sebnlestiei,
803 1240 883 1300 nuos
898 1225 951 1288 ille
995 1223 1128 1286 breviter
1139 1240 1288 1286 summam
1303 1239 1506 1307 eorumquae
1519 1239 1556 1292 er
1567 1223 1782 1302 eontentieuto
1794 1227 1862 1293 wir·

81 1308 251 1386 sophistes
265 1316 363 1373 ruent.
378 1307 471 1372 fidem
487 1307 675 1372 habitualem
690 1307 722 1367 in
738 1307 876 1384 paruulis
897 1323 953 1372 nu·
994 1307 1205 1386 tombergensi
1220 1324 1311 1385 supra
1329 1307 1501 1372 oilerimus.
1625 1357 1632 1364 .

80 1399 209 1468 gerunt.
224 1389 434 1472 Elpraeterea
450 1392 514 1452 rult
540 1391 693 1454 botherus
718 1388 814 1452 iidem
834 1389 951 1455 esseio
1038 1388 1090 1452 ilsl
1116 1398 1215 1456 autem
1244 1389 1293 1454 hie
1315 1389 1555 1462 obseruandum,
1582 1388 1775 1455 liemnitium-
1787 1391 1862 1458 mira

83 1473 222 1550 parvulis
236 1480 309 1536 ante
322 1473 524 1553 baptismum.
540 1474 614 1536 dum
629 1470 849 1545 exorcizantur,
863 1480 894 1538 et
906 1474 951 1533 iu·
994 1469 1101 1536 iruulta
1126 1479 1156 1534 et
1170 1473 1310 1544 ertilleie,
1327 1473 1422 1538 immo
1437 1481 1542 1550 apertu
1564 1472 1727 1544 mendacin
1742 1490 1862 1540 assere·

83 1561 293 1633 terrogautun
309 1554 361 1617 iltu
378 1563 480 1618 autem
496 1572 557 1619 uon
573 1560 760 1633 potestesse
788 1553 868 1618 lides
889 1553 950 1622 uisi
993 1571 1040 1626 re,
1058 1557 1136 1618 bano
1151 1556 1334 1624 sententiam
1357 1554 1561 1622 oonrentieuli
1577 1552 1862 1635 witembergensis

82 1639 226 1710 actualis,
244 1638 408 1702 habitualis
423 1641 507 1701 entra
522 1654 583 1704 nou
598 1635 769 1702 infunditur
798 1641 869 1704 ente
898 1637 951 1703 lia·
993 1636 1185 1706 eonoerdem
1198 1655 1269 1704 eum
1284 1637 1409 1704 Lutheri
1425 1636 1589 1703 sententiis
1604 1652 1696 1714 supra
1712 1636 1863 1712 nitatis‚et

82 1723 246 1798 plisnrum,
262 1720 368 1786 sedin
384 1721 632 1801 ipsobaplismo.
649 1718 735 1786 idem
760 1717 851 1783 etiarn
873 1721 951 1784 seri·
993 1737 1116 1784 rursum
1133 1719 1299 1783 Lutberum
1315 1737 1387 1782 eum
1405 1719 1587 1800 Augustium
1605 1728 1635 1780 el
1650 1726 1754 1786 eontra
1769 1737 1861 1802 syno-

82 1804 146 1880 psit
161 1806 194 1866 iu
209 1804 264 1865 lib.
280 1804 318 1864 nd
332 1801 528 1878 waldenses,
544 1803 598 1866 ubl
611 1801 663 1875 uit,
680 1808 837 1880 praestare
865 1818 951 1881 pror·
994 1803 1065 1864 dum
1082 1803 1278 1868 tridentinam
1294 1802 1461 1866 dissentire
1476 1805 1506 1864 in
1524 1803 1581 1864 hae
1597 1817 1629 1863 re
1645 1819 1660 1862 e
1676 1804 1796 1880 synoda
1807 1820 1860 1883 ge·

80 1903 138 1948 sus
152 1887 295 1948 emiltere
306 1886 493 1964 Baptismum
509 1886 542 1948 in
557 1883 705 1964 parvulis.
734 1899 827 1961 uuam
851 1883 949 1963 bapti·
995 1886 1090 1946 nerali
1108 1886 1280 1957 viennensi,
1298 1884 1381 1964 qued
1398 1885 1536 1964 synodus
1552 1886 1732 1946 viennensis
1748 1886 1860 1950 deene-

80 1968 398 2036 aareeossinellde.
415 1968 487 2034 lium
509 1970 535 2032 si
562 1968 633 2032 sine
659 1966 721 2032 ilde
745 1968 881 2046 eeeiples
901 1986 950 2030 se-
993 1971 1033 2031 rit
1058 1968 1224 2030 tutantibus
1247 1967 1276 2028 in
1305 1967 1461 2047 Bapiismo
1487 1967 1604 2030 inluudi
1632 1966 1759 2029 habitus
1775 1968 1860 2045 lldei,

80 2057 482 2127 urarneutummagnotue
498 2051 577 2114 mele
602 2048 752 2128 eeeipies.
779 2048 817 2114 m
841 2051 955 2128 prebet
992 2050 1060 2130 spei
1089 2057 1119 2114 et
1148 2051 1314 2114 eharitatis:
1342 2050 1466 2130 synodo
1492 2056 1594 2114 nutem
1620 2047 1862 2114 tridentinanitu

82 2151 122 2196 er
150 2133 207 2198 ilio
221 2133 325 2196 idere.
355 2137 413 2196 uit.
440 2131 501 2210 our
519 2133 695 2198 erenteerir
713 2139 744 2196 et
764 2131 949 2212 baptizetur
993 2131 1145 2196 sorduerit
1160 2133 1234 2204 illud
1251 2133 1460 2196 decretumst
1476 2149 1514 2196 ne
1531 2132 1720 2194 mentionem
1736 2131 1861 2214 quidem

77 2217 195 2296 summ.
211 2215 270 2290 oui
284 2215 373 2278 loeus
387 2217 429 2278 de
442 2217 555 2280 uetuali
570 2215 632 2278 lde
647 2213 839 2295 intelligitur.
992 2215 1062 2295 ejus
1078 2218 1177 2279 tenere
1192 2214 1332 2278 voluerit.
1351 2215 1612 2289 praemandare
1626 2215 1717 2294 paulo
1734 2224 1803 2293 pust
1814 2219 1862 2280 re·

124 2297 208 2362 tlaee
218 2299 373 2362 sententie
388 2298 450 2362 risa
465 2306 514 2364 est
528 2297 692 2363 admodum
708 2298 782 2364 dure
803 2297 950 2368 omnibus
992 2301 1147 2379 lellemus3
1164 2305 1255 2378 atque
1271 2300 1348 2362 bnee
1363 2299 1404 2362 de
1420 2299 1515 2378 primu
1531 2298 1697 2362 sententie.

79 2382 164 2454 altis,
182 2389 349 2460 etpepertt
366 2388 428 2444 tres
442 2389 544 2446 saetas
559 2382 708 2446 diuersae.
725 2380 948 2455 t'luidarnenim
1034 2385 1130 2446 litera
1157 2382 1308 2445 sententia
1331 2382 1362 2443 in
1389 2382 1485 2444 nitere
1511 2387 1660 2444 extremo:
1682 2379 1859 2462 ,infantibus

80 2468 241 2544 negarunt
252 2463 397 2543 parrulos
412 2465 623 2543 baptizandos.
641 2480 712 2527 eune
741 2465 867 2527 omuino
882 2481 949 2526 ere·
992 2468 1107 2529 urrllam
1124 2465 1215 2528 lldem
1232 2465 1262 2526 in
1279 2464 1433 2540 baptismo
1449 2479 1520 2527 esse
1537 2463 1754 2526 neeessariam.
1773 2461 1858 2526 Hune

79 2548 193 2610 darent
208 2548 279 2610 sine
292 2547 354 2610 fide
371 2547 558 2626 baptismum
570 2547 646 2610 nibil
658 2547 822 2626 prodesse,
834 2548 867 2609 in
888 2547 949 2608 Lu·
991 2551 1113 2611 ridetur
1128 2549 1244 2627 primus
1260 2548 1348 2609 etiam
1366 2547 1517 2626 lutherus
1533 2545 1688 2614 debuisse.
1701 2543 1774 2606 liam
1786 2547 1860 2609 lieet

80 2633 190 2692 therus
204 2627 333 2694 dixerat:
363 2636 394 2692 et
419 2629 513 2694 simul
539 2629 752 2707 experimento
776 2629 949 2695 certissime
991 2619 1154 2711 ent'enunm
1170 2629 1388 2707 dnnbaptistee
1401 2629 1605 2699 exorirentur,
1618 2628 1666 2688 ille
1683 2627 1854 2704 scripserit,

79 2717 238 2786 tenerent,
255 2712 401 2789 parrulos
415 2729 476 2775 nen
493 2713 632 2776 eredere.
648 2727 720 2774 eum
734 2719 840 2790 aperte
868 2713 948 2780 reni·
992 2729 1071 2793 pune
1087 2731 1179 2794 supra
1206 2713 1378 2776 uitnriruns:
1396 2720 1497 2780 tannen
1522 2717 1685 2790 postquem
1706 2710 1752 2774 illi
1766 2727 1860 2790 eppa·

79 2801 195 2866 tantm,
212 2801 243 2856 et
257 2794 378 2873 eiulnul
392 2811 463 2858 enta
479 2796 684 2874 baptizantur.
700 2794 796 2873 hique
822 2793 852 2858 bi
876 2803 949 2861 sunt
991 2803 1131 2869 ruerunt,
1147 2796 1272 2875 seripsit
1288 2795 1399 2860 librum
1415 2802 1523 2859 eontra
1538 2809 1605 2862 eos,
1620 2807 1703 2856 nono
1721 2792 1812 2856 1528.
1830 2803 1862 2858 ut

81 2876 314 2956 anabaptistae.
331 2877 501 2956 dequibus
516 2895 607 2956 supre
623 2877 769 2942 diximus.
991 2881 1044 2944 ubi
1061 2881 1098 2944 ad
1114 2881 1174 2944 lroe
1184 2886 1399 2958 argumentum
1413 2877 1550 2941 rurrisset
1561 2877 1600 2940 de
1612 2874 1673 2940 ilde
1686 2875 1860 2954 orientium,

122 2960 182 3021 Alii
201 2977 264 3022 nen
280 2967 432 3036 negarunt
445 2962 588 3040 parrulos
604 2960 814 3038 baptizandus,
827 2961 882 3021 sed
896 2978 948 3028 ne·
992 2963 1068 3027 dixit
1083 2963 1158 3026 nihil
1174 2960 1406 3034 interesse,sire
1421 2959 1630 3032 ereeautstre
1640 2973 1704 3022 rron
1721 2959 1860 3024 erebant.

79 3048 195 3117 gerent
210 3041 304 3108 iidem
319 3043 353 3106 in
367 3047 503 3120 paruulis
517 3044 645 3117 repuirb
660 3051 692 3104 et
707 3041 727 3106 ii
742 3050 815 3105 sunt
843 3043 949 3106 Suara·
993 3046 1182 3124 iluptlsmum
1197 3043 1282 3108 enim
1308 3059 1371 3106 non
1389 3042 1508 3106 lunderi
1530 3057 1627 3119 super
1641 3039 1733 3104 iidem
1749 3039 1862 3118 dentis,

82 3124 425 3205 ruerttarii,dequibus
453 3144 522 3191 mox
547 3126 699 3200 dieamus,
729 3125 803 3193 dum
823 3128 948 3195 atteram
993 3136 1045 3192 aul
1072 3127 1357 3205 resistentisque
1385 3123 1670 3198 incertissimaest,
1697 3123 1865 3205 sedsuper
1902 3204 1903 3209 ἵ

81 3208 269 3271 sententiam
284 3208 469 3274 releremus.
723 3263 726 3268 .
992 3212 1048 3279 liei
1066 3212 1239 3277 mandalum
1265 3218 1296 3273 el
1324 3208 1559 3273 institutionem.
1586 3206 1623 3271 lit
1643 3206 1755 3273 similia
1772 3209 1866 3273 haber

120 3290 265 3366 [lenique
288 3290 340 3353 alii
369 3307 472 3370 neque
495 3290 601 3365 briem,
631 3306 734 3369 neque
760 3290 947 3372 eaptismun
994 3296 1027 3359 in
1043 3293 1179 3358 bamttlh
1194 3292 1233 3357 de
1248 3291 1401 3373 ltuptismn
1417 3306 1499 3355 anuo
1514 3290 1566 3353 31.
1583 3298 1613 3353 οι
1628 3290 1679 3353 lb.
1694 3290 1864 3355 bubittrna·

81 3372 280 3451 paruulorum
297 3382 459 3451 negarunt,
473 3376 531 3439 sed
553 3373 675 3438 mollire
688 3375 789 3442 enneli
818 3382 902 3451 sunt,
918 3385 950 3439 et
994 3394 1067 3439 erun
1083 3378 1142 3441 hoa
1158 3376 1343 3456 principium
1359 3374 1483 3437 Lutheri
1502 3390 1563 3435 non
1579 3380 1626 3436 est
1641 3373 1864 3437 solidumdlnrn

79 3464 239 3534 exponere
253 3454 382 3519 butberi
394 3454 590 3523 seutentiam.
606 3456 714 3538 ltaque
729 3471 812 3523 enno
822 3457 948 3521 ideon-
992 3460 1115 3524 etiamsi
1128 3474 1165 3523 ex
1181 3458 1315 3535 senune
1331 3462 1558 3522 mernutenlum
1574 3473 1635 3519 non
1648 3458 1789 3535 pendete
1802 3456 1864 3521 ilde

79 3542 236 3603 serrerunl
248 3536 415 3603 benemar
428 3541 466 3603 ad
492 3539 731 3604 eeneiiiabulum
759 3540 949 3605 wirtember·
995 3552 1113 3611 uestra.
1129 3543 1184 3605 sed
1201 3558 1217 3603 a
1233 3540 1332 3603 diuina
1349 3539 1552 3613 institutione,
1577 3545 1724 3618 sequetur
1739 3537 1814 3601 illud
1830 3541 1863 3603 in

80 3637 193 3697 pense,
209 3620 302 3711 euius
317 3627 385 3683 neta
398 3628 520 3686 exstent
532 3624 613 3701 apud
631 3622 816 3687 Cooblaenm
837 3623 892 3687 lib.
913 3622 947 3687 3.
992 3642 1031 3689 se
1045 3638 1170 3703 semper
1184 3640 1255 3687 esse
1271 3621 1389 3689 ellloax.
1408 3638 1469 3685 non
1488 3630 1588 3685 lamen
1615 3622 1757 3699 sequitur
1773 3622 1864 3686 nobis

81 3706 352 3768 nuseeltaneerum
368 3711 455 3767 bret.
470 3704 502 3769 8.
518 3722 591 3784 ουρ.
604 3703 637 3774 2.
651 3705 688 3769 ln
713 3721 749 3768 eu
777 3708 948 3785 pseudesg·
993 3724 1066 3771 esse
1082 3708 1156 3771 utile
1172 3712 1202 3769 et
1217 3705 1422 3775 irueluosum.
1439 3706 1498 3767 nisi
1516 3721 1587 3767 ourn
1602 3702 1666 3766 lide
1681 3703 1861 3782 scriptarum

81 3788 165 3848 undn
179 3788 258 3856 haee
272 3783 471 3862 prenuneiale
498 3788 661 3851 ltaeenlur.
686 3786 831 3860 Primum,
847 3789 948 3868 rejiel·
992 3791 1106 3867 ulloqui
1123 3788 1226 3863 aliern,
1241 3792 1294 3867 neti
1308 3784 1380 3851 delo
1395 3788 1500 3852 uuiruo
1515 3787 1677 3859 resedent,
1688 3786 1736 3849 rel
1753 3802 1861 3865 penae·
1981 3814 1985 3821 ·

80 3870 198 3931 endum
214 3883 287 3931 esse
301 3884 439 3933 errorem
455 3870 589 3944 illorum,
605 3872 659 3950 qui
674 3869 878 3948 inreginnulur
888 3872 946 3937 sul·
993 3881 1058 3937 turn
1073 3873 1219 3937 deserere
1233 3872 1353 3941 uolunt,
1370 3886 1427 3947 per
1439 3870 1630 3949 Baptismutn
1643 3878 1860 3948 purgarentur.

79 3952 144 4013 rari
159 3950 293 4013 inientes
316 3950 387 4013 sine
401 3953 503 4031 alique
527 3951 813 4032 netioeeipsurum.
831 3953 947 4019 Senon
993 3956 1068 4019 ideo
1093 3953 1325 4021 Saararneuturii
1351 3960 1524 4032 sequuntur
1548 3952 1672 4031 quidem
1694 3952 1861 4017 barbarum

78 4038 167 4107 dum,
180 4030 243 4095 ‚etsi
259 4048 317 4095 nes
333 4048 394 4097 nne
409 4034 618 4114 intelligamus
630 4036 734 4114 neatis
748 4037 789 4097 sit
802 4036 948 4101 illumatio
988 4040 1024 4103 in
1037 4054 1087 4110 ee,
1103 4039 1184 4117 «ruod
1196 4038 1308 4100 seribit
1323 4050 1385 4098 non
1402 4036 1517 4113 requiri
1543 4034 1650 4099 tidem:
1666 4034 1722 4097 sed
1746 4050 1782 4099 er
1798 4037 1859 4100 alio

79 4118 291 4195 parvulorum,
301 4124 403 4181 maten
419 4124 536 4182 eertuln
552 4131 626 4181 ese
638 4120 670 4179 iu
685 4120 732 4186 eis
743 4119 811 4182 lteri
823 4127 948 4186 subeles
990 4122 1190 4185 laudamento
1206 4123 1236 4185 ld
1248 4121 1408 4201 eolligunt,
1437 4118 1581 4181 nimirum
1597 4134 1636 4183 er
1651 4117 1859 4197 promissione

80 4206 112 4260 et
127 4214 226 4273 noros
251 4203 363 4273 motus,
380 4198 461 4261 siout
485 4201 517 4261 in
531 4199 808 4287 Jeanneqbaptisla,
824 4202 948 4278 nuende
989 4205 1223 4267 taeta-lbrabae
1249 4210 1279 4265 nt
1306 4201 1418 4267 semini
1444 4200 1524 4281 ejus,
1542 4200 1588 4263 rel
1604 4208 1687 4264 eerte
1703 4214 1740 4263 ex
1756 4199 1859 4263 diuina

81 4280 274 4343 exultaritin
288 4280 546 4350 sembernon.
561 4281 636 4347 lieet
648 4298 710 4347 nou
723 4284 766 4347 sit
778 4284 947 4365 imaginen·
991 4286 1283 4368 praedestinatione.

79 4367 168 4434 dum,
184 4362 267 4439 quod
293 4363 430 4427 irrlrntes
443 4364 628 4445 intelligant,
654 4373 755 4429 tamen
776 4376 878 4431 metus
893 4383 945 4430 en·
1034 4369 1176 4436 Calvinus
1191 4369 1246 4431 lib.
1273 4368 1304 4431 1.
1322 4368 1456 4431 institut.
1472 4382 1541 4445 ουρ.
1571 4365 1621 4428 lo.
1637 4364 1784 4444 eupiebal
1798 4366 1858 4441 prl-

78 4458 162 4515 runr.
178 4452 212 4513 et
223 4445 440 4510 inuiinetienee
454 4448 494 4511 ud
507 4448 696 4514 eredendum
711 4455 744 4512 el
756 4449 947 4529 diligendum
988 4452 1204 4517 mumbulheri
1216 4454 1506 4527 sententiaro.nuum
1517 4464 1610 4527 supra
1623 4448 1857 4527 explieavimus,

78 4528 192 4600 ileum,
219 4527 339 4591 similes
364 4544 436 4593 esse
450 4528 585 4595 motibus
607 4529 681 4597 lldei
701 4534 734 4598 el
759 4531 946 4608 dileetienis,
993 4535 1175 4608 demanare,
1191 4535 1247 4597 sed
1263 4552 1325 4597 non
1341 4540 1390 4597 est
1403 4548 1509 4595 ausus.
1526 4530 1614 4595 Unde
1628 4532 1674 4593 siu
1692 4530 1856 4613 loquitari

78 4619 111 4673 et
124 4612 187 4673 hoe
200 4624 274 4673 esse
297 4610 549 4692 intelligendum.
563 4630 635 4680 ourn
660 4613 804 4679 dieunlur
814 4616 947 4682 inianter
994 4616 1045 4681 ts.
1062 4617 1220 4681 densete
1236 4624 1340 4681 hrtmn
1351 4616 1449 4695 luerit
1462 4614 1522 4677 boe
1543 4614 1688 4677 adimere
1702 4612 1853 4687 Domino,

78 4694 224 4757 eredere.
380 4747 385 4756 .
990 4700 1188 4763 nesmedte‘e
1198 4700 1424 4780 punpnomodo
1433 4696 1857 4777 emhtbereeepeeeeendern

119 4773 207 4839 tinae
220 4774 443 4863 mitigationem
456 4777 628 4841 sententiae
648 4778 783 4852 buthan,
799 4779 889 4858 senui
903 4781 945 4844 ri·
990 4790 1101 4864 pereae
1116 4790 1147 4845 et
1162 4782 1178 4863 1
1195 4782 1324 4848 111.Νοο
1335 4780 1551 4864 puedeadem
1565 4796 1632 4843 eree
1645 4778 1709 4858 lide
1721 4780 1854 4857 praedi·

76 4860 193 4921 dentur
216 4866 424 4923 eommunrler
441 4858 618 4925 Lulberru‘e
645 4861 807 4943 Phiiippus
822 4862 853 4934 ip
868 4863 946 4929 loeis
990 4871 1038 4929 tos
1052 4872 1168 4930 temere
1181 4863 1345 4945 affirmare
1359 4864 1468 4937 eelim,
1492 4862 1743 4943 qoaminmobia
1757 4876 1855 4943 empe-

77 4940 152 5003 anni
167 4938 220 5003 58.
236 4940 282 5003 tit.
298 4939 339 5003 de
352 4941 507 5022 baptismo
521 4942 729 5019 parrulorurm
749 4942 943 5025 Deinfume‘·
988 4949 1313 5014 rinturmnl'nmnimo
1325 4944 1604 5011 boberemnle'te'am
1614 4942 1852 5023 fideimmilem.

76 5024 139 5087 bur
152 5022 304 5085 heeeelie
316 5029 498 5101 est-temere
511 5026 658 5105 sphetm
672 5033 804 5092 semmae
812 5043 875 5107 per
883 5036 942 5093 tto·
987 5030 1071 5093 liaeo
1085 5030 1244 5094 illelides
1257 5032 1415 5107 quomodo
1430 5028 1531 5109 rejicit
1552 5029 1708 5093 deeretum
1725 5027 1855 5089 wirtem-

74 5108 234 5184 ptirnrrem
244 5106 291 5201 eie
304 5105 479 5188 deterget
491 5108 588 5189 effluit
597 5110 637 5173 in
647 5111 696 5173 eb
709 5125 808 5178 nobee
822 5118 940 5183 metue,
985 5111 1158 5193 bergense?
1172 5113 1248 5177 inde
1262 5111 1280 5194 1
1295 5112 1347 5181 tl.
1364 5112 1449 5192 Quos
1460 5110 1613 5175 electione
1623 5126 1687 5174 eea
1698 5110 1853 5189 dipnatnr

74 5187 596 5255 amneinelenatioeeeadlleum
604 5193 940 5272 prnipeerummode.
987 5203 1033 5259 eet
1057 5198 1231 5268 Dominus,
1256 5198 1287 5259 ai
1318 5200 1448 5281 eeuepte
1476 5193 1734 5273 regenerationis
1757 5194 1851 5272 er’prm

75 5272 163 5333 idem
180 5270 274 5333 babel
285 5268 423 5335 ioannes
436 5274 578 5337 breulius
600 5276 634 5337 iu
647 5275 777 5355 apolog.
794 5292 850 5353 pro
862 5274 940 5341 (ion-
982 5280 1150 5359 praesenti
1162 5280 1230 5342 uile
1241 5282 1318 5342 ante
1329 5278 1627 5357 dempnentorum
1639 5276 1851 5351 ademerint·

73 5354 154 5416 less.
171 5352 386 5435 wirtemberg.
399 5371 469 5435 ουρ.
486 5358 526 5419 de
540 5356 706 5436 Baptismm
723 5371 754 5421 et
767 5358 859 5421 butiri
871 5358 942 5423 (lhi-
986 5378 1039 5429 ees
1052 5363 1169 5426 uirtute
1180 5362 1233 5425 sni
1245 5358 1501 5442 Spimlrmmobis
1515 5358 1788 5440 incomprehensa
1801 5375 1851 5421 re-

73 5444 182 5498 traeus
195 5438 227 5498 in
241 5452 299 5499 sue
314 5438 503 5501 eamchismn
517 5440 587 5503 ibeo
601 5438 631 5502 1.
644 5440 940 5517 sessonensium
985 5451 1094 5521 meet,
1108 5444 1270 5527 quomodo
1283 5442 1439 5523 empede're
1449 5443 1537 5509 antea
1550 5442 1622 5523 epse
1630 5442 1788 5522 providet.
1805 5442 1851 5504 Si·

72 5519 219 5599 lllgrieus
231 5535 303 5581 eum
316 5517 578 5586 centuriatoribus
592 5529 712 5587 eantur.
727 5524 830 5601 beau.
842 5524 939 5589 boul.
985 5528 1068 5590 milia
1084 5528 1177 5589 habet
1190 5526 1371 5589 Theodorus
1385 5526 1461 5587 Bere
1477 5526 1507 5587 in
1524 5540 1579 5587 sue
1594 5525 1730 5597 aeoless.
1745 5523 1847 5603 cepi.

72 5602 127 5665 bd.
143 5611 176 5665 et
188 5608 311 5665 eenmr.
329 5601 360 5665 5.
371 5621 448 5682 ουρ.
465 5604 497 5667 d.
509 5606 571 5670 eal.
588 5604 662 5669 stt.
673 5605 875 5685 reprehendit
888 5607 940 5671 lu·
985 5616 1041 5671 ert.
1058 5608 1110 5673 18.
1126 5618 1157 5672 et
1172 5612 1278 5673 Petrus
1291 5614 1403 5689 martyr
1419 5612 1449 5669 in
1466 5622 1535 5687 ουρ.
1550 5610 1579 5671 1.
1597 5608 1849 5687 eripuerisne

73 5690 192 5749 stinum
208 5691 240 5749 et
254 5684 473 5765 augustinum,
487 5690 681 5768 gandrelinl
696 5690 828 5753 tutantes
840 5689 871 5753 in
887 5690 940 5753 ba·
986 5692 1170 5771 cerinthius,
1189 5692 1241 5755 ubi
1255 5698 1363 5772 aperte
1378 5691 1602 5765 dieil‚iuluntes
1623 5708 1683 5753 nun
1697 5690 1848 5770 tritollige·
