4084 6275
808 406 811 412 ·
847 385 1106 474 eroenlournrus
1712 391 1766 449 tet

88 543 120 590 se
134 522 190 585 crit
203 519 340 586 annau
358 521 470 586 dhristi
490 537 594 588 rerum
607 523 791 590 sanriilciurn
804 525 939 588 interris
983 539 1056 585 aera
1078 523 1188 602 aliqui,
1203 529 1236 586 ιιι
1250 524 1565 604 Samnitium-aegaei
1580 522 1847 605 propositionem,

89 605 282 684 offerri,nuod
298 621 355 666 nos
370 607 585 670 contendimus
600 654 608 682 ‚
625 614 675 670 aut
689 617 772 672 certe
787 607 939 672 Christum
984 606 1079 684 aliqui
1095 608 1338 686 assumptionem
1354 627 1362 670 ι
1389 616 1517 684 utraque
1541 607 1697 686 probanda
1727 607 1795 683 erit,
1811 623 1848 670 ac

89 707 148 754 nou
160 701 230 750 esse
246 701 317 752 rere
345 705 381 750 ac
401 688 524 768 proprie
548 691 738 754 sacerdotem
756 729 766 760 ,-
794 691 875 768 nund
893 697 941 752 est
984 690 1098 752 dende
1113 699 1290 768 argumenta
1305 690 1453 754 Eamnitii
1468 688 1848 767 diluendanuibusbuac

88 769 350 842 absurdissimum,
371 777 403 834 ei
424 778 528 834 contra
558 772 734 849 meniiestas
756 775 938 852 Scripturas.
985 773 1134 834 rationem
1148 771 1454 836 intirmereconaiur.
1622 849 1625 853 ¹
1683 808 1685 811 -
1711 797 1715 805 ·

90 857 120 918 ld
135 859 232 916 nutem
248 853 337 931 sequi
351 855 549 933 perspicuum
565 863 624 927 est,
648 857 718 934 quia
749 875 809 920 nun
839 863 941 932 potest
1028 854 1113 927 Quod
1130 858 1402 933 igitur-celebratio
1416 855 1488 931 agni
1500 854 1757 933 paschalisluerii
1770 853 1849 935 ligu-

88 951 240 1002 asserere
265 953 300 996 ec
330 941 453 1013 proprie
482 939 648 1010 sacerdos,
681 939 733 1016 qui
756 939 940 1002 sacrificium
984 953 1015 994 ra
1032 938 1250 1000 celebrationis
1276 938 1674 1016 Eucharistiae‚probatnr
1689 937 1788 998 Primo
1809 953 1849 1000 ex
1889 992 1892 997 .

87 1035 187 1084 rerum
202 1035 238 1080 ac
253 1020 411 1096 preprium
425 1017 536 1082 ollerre
553 1026 743 1098 nnnpotest.
985 1019 1161 1095 Scripturis,
1179 1021 1209 1081 i.
1222 1019 1358 1082 corinth.
1375 1020 1406 1082 5.
1420 1021 1549 1083 Etenim
1563 1020 1685 1097 puecha
1698 1025 1846 1083 ausimne

20 1125 22 1154 ψ
126 1103 234 1178 Quarta
246 1102 392 1162 liemnitii
415 1103 492 1164 ratio
508 1102 618 1164 similis
640 1109 688 1166 est
709 1105 874 1181 superiori:
890 1120 944 1183 pe·
984 1101 1169 1166 irnmotctcs
1183 1108 1228 1164 eat
1240 1100 1519 1177 Christcstc'iuane
1535 1105 1703 1181 epulemini·
1715 1103 1754 1165 in
1769 1119 1847 1184 azy·

87 1185 170 1248 sindo
186 1184 267 1246 enim
284 1192 333 1245 est
343 1182 495 1246 Christum
509 1186 698 1248 sacerdotem
715 1203 769 1266 pru
791 1188 943 1254 nohisin·
984 1185 1046 1246 mis
1065 1186 1263 1248 sinceritatis
1283 1194 1314 1248 et
1340 1187 1495 1249 ueritatis.
1527 1185 1570 1248 Er
1591 1187 1649 1247 hnc
1672 1186 1739 1248 loco
1762 1193 1847 1248 nerto

88 1267 255 1339 incendere,
271 1268 629 1344 uuae-eratlertiarati03
645 1276 675 1330 ei
690 1285 747 1332 nos
763 1285 817 1346 per
842 1286 942 1332 sacer·
987 1271 1173 1328 constituere
1189 1285 1365 1344 possumus,
1389 1285 1502 1342 annum
1525 1270 1715 1345 paschalem,
1744 1267 1796 1344 nui
1819 1274 1850 1328 et

89 1354 187 1412 dotem
203 1347 358 1410 Christum
374 1350 488 1412 editum
504 1349 619 1412 habere
644 1351 681 1413 ad
699 1351 817 1414 Patrem
835 1400 843 1427 ‚
865 1367 943 1430 quae
988 1352 1101 1426 pascha
1113 1352 1224 1414 dicitur
1239 1355 1268 1425 in
1284 1353 1456 1430 evangelio,
1480 1349 1607 1427 figuram
1630 1350 1850 1412 ifflffltltliffllis

20 1447 21 1490 i
89 1437 276 1510 eratquurta.
766 1473 768 1478 ν
930 1485 935 1499 ,
987 1431 1475 1512 Christiiuissc:quandoauieor
1491 1431 1582 1494 hierii
1610 1432 1758 1508 impleta,
1785 1447 1849 1494 uon
1946 1485 1949 1488 ,

126 1515 235 1590 Quinta
248 1514 336 1586 ratio,
350 1514 431 1593 quod
448 1513 571 1576 saltare
587 1515 618 1577 in
635 1522 817 1596 perpetuum
830 1517 943 1596 pessit,
987 1516 1028 1576 iia
1043 1523 1127 1576 certo
1142 1531 1179 1577 er
1201 1517 1260 1578 boc
1274 1519 1341 1580 sole
1355 1519 1423 1579 luco
1438 1515 1585 1592 constitui
1596 1522 1710 1594 potest.
1784 1536 1789 1545 ·

20 1615 22 1658 i
89 1597 775 1680 prnbnieumSalraiaramrsse,nonautem
804 1601 946 1661 secerdo-
991 1645 994 1652 .
1027 1597 1137 1660 Dicent
1152 1600 1233 1660 enirn
1246 1601 1422 1662 aduersarii:
1439 1598 1615 1677 Apostolum
1632 1599 1717 1676 loqui
1739 1595 1778 1659 de
1794 1595 1853 1657 i·

20 1711 21 1724 ι
91 1693 160 1746 tarn.
177 1678 283 1754 Neeue
299 1682 377 1742 baec
398 1681 473 1742 ratio
489 1679 650 1744 dissimilis
679 1689 726 1743 cst
740 1683 895 1744 secundae
911 1699 947 1744 ac
987 1682 1152 1742 motatione
1165 1682 1195 1742 in
1212 1699 1303 1743 cruce
1325 1684 1413 1751 tecta,
1430 1689 1460 1744 et
1475 1683 1514 1741 de
1535 1680 1772 1742 manducatione
1786 1680 1849 1756 spi

88 1765 202 1836 tertine;
217 1763 346 1839 preinde
359 1762 470 1824 eodem
485 1763 576 1826 modu
592 1765 752 1828 retellitur.
768 1765 867 1842 Quare
885 1781 945 1826 nun
988 1764 1100 1833 rituali,
1116 1764 1241 1841 auacht
1257 1781 1312 1842 per
1327 1766 1432 1826 iidem.
1463 1765 1523 1825 Sed
1547 1781 1604 1826 nos
1625 1779 1662 1824 ex
1686 1762 1851 1839 ¹eranpelio

87 1845 411 1928 proberitllemnitius
427 1844 579 1908 Christum
594 1846 654 1910 dici
670 1863 763 1927 posse
786 1855 944 1913 ueternum
989 1845 1328 1928 probabimnsilguram
1344 1849 1427 1909 iliam
1444 1847 1571 1925 proprie
1583 1846 1742 1922 impletam
1756 1844 1853 1906 tuisse

87 1929 277 1994 sacerdotem
303 1928 372 1990 sine
387 1928 542 1990 oblatione
557 1928 697 1993 victimae
718 1947 774 2009 per
789 1931 946 1993 Ecclesiae
988 1928 1019 1988 in
1036 1929 1228 1992 institutione
1241 1935 1272 1992 ei
1286 1930 1494 1997 celebratione
1509 1925 1808 1991 Eucharistiaellam
1821 1926 1856 1988 in

86 2013 255 2076 ministros.
272 2009 327 2073 Est
342 2018 444 2074 autem
454 2010 514 2072 boc
529 2011 598 2074 ioco
613 2013 798 2085 addendum,
817 2029 873 2076 nos
890 2013 945 2074 mi·
988 2011 1097 2090 primis
1112 2028 1150 2074 ex
1164 2014 1324 2093 evangelio
1335 2018 1465 2075 constat.
1483 2012 1640 2087 apostolos
1654 2008 1851 2072 antechristi

20 2113 21 2122 ¹
86 2099 165 2158 nima
181 2109 309 2172 negare,
322 2094 395 2170 nain
408 2094 612 2156 sacerdotium
629 2093 741 2158 Christi
753 2096 890 2158 absolute
907 2098 946 2158 sii
991 2095 1169 2172 passionem
1182 2097 1385 2159 manducasse
1397 2100 1525 2158 'earnem
1538 2093 1649 2158 christi
1671 2092 1704 2154 iu
1720 2091 1851 2153 norissi-

87 2177 219 2240 iutur'um
236 2182 393 2238 ueternum
410 2176 528 2238 ratione
543 2175 838 2256 allectus‚quaienus
853 2180 948 2240 virius
990 2193 1038 2238 mu
1060 2193 1169 2252 coena,
1197 2187 1228 2241 et
1245 2180 1376 2258 proinde
1398 2180 1601 2241 manducasse
1616 2191 1721 2239 rernm
1736 2190 1853 2252 agnum

20 2281 22 2312 ι
87 2258 251 2324 oblationis
267 2258 334 2330 ejus
349 2264 542 2323 consummat
555 2259 585 2320 in
602 2267 760 2324 aeternum
776 2260 946 2324 sanctitica-
990 2261 1180 2336 paschalem,
1198 2262 1235 2323 ad
1252 2262 1342 2342 euius
1357 2263 1466 2339 epulas
1482 2276 1539 2323 nos
1561 2261 1705 2321 'hortatur
1727 2259 1855 2333 hpnsio·

20 2361 22 2404 i
88 2341 401 2422 tos,utextpnstotn
423 2342 945 2424 doceis'llromaspar.3.quaast.
990 2336 1577 2426 tu's‚aumair:tteqeeepntemcrin
1604 2342 1731 2423 azymis
1750 2340 1853 2402 since·

86 2425 136 2488 22.
151 2431 208 2486 nrt.
224 2423 256 2486 5.
280 2426 315 2486 Et
329 2426 400 2501 quia
413 2423 553 2488 Christus
568 2425 599 2486 in
615 2443 676 2504 quo
691 2441 815 2504 semper
835 2427 949 2488 residet
987 2426 1147 2489 ritctiaei
1157 2428 1316 2490 ueritatis.
1329 2453 1336 2466 ··
1344 2427 1405 2489 Sed
1435 2428 1560 2506 epulum
1582 2425 1721 2502 sequitur
1748 2423 1857 2486 immo·

87 2524 205 2570 snrnmn
222 2507 421 2570 sacerdotatis
444 2506 588 2584 dignitas.
606 2523 676 2570 rere
691 2517 793 2570 munet
805 2509 836 2570 in
852 2516 948 2570 aeter·
990 2510 1148 2571 tationem:
1168 2510 1253 2588 prius
1264 2511 1348 2573 enim
1363 2511 1461 2588 agnns
1477 2510 1663 2580 immutatur,
1680 2511 1786 2584 postea
1802 2521 1854 2566 cn·

20 2607 22 2650 t
89 2607 174 2662 num,
189 2595 220 2651 ei
232 2605 355 2670 semper
370 2588 626 2652 beosacritlcium
654 2591 754 2654 laudis
782 2596 812 2651 et
839 2592 947 2670 gratin-
992 2592 1125 2653 mediter
1137 2609 1229 2654 none
1245 2595 1408 2661 contrario,
1423 2593 1507 2670 prins
1520 2589 1692 2652 comeditur
1704 2593 1735 2649 et
1745 2593 1854 2667 postea

20 2707 21 2730 r
88 2691 153 2736 rum
170 2673 300 2736 actionis
315 2673 463 2733 lrnnrulat:
487 2677 589 2734 tantan
605 2674 723 2736 ratione
741 2672 832 2736 oilleii
848 2689 949 2734 sacer·
992 2674 1294 2737 immolatur.ltcbnii
1308 2692 1382 2754 ergo
1397 2674 1582 2753 praecedere
1593 2671 1760 2733 immolatio
1772 2668 1857 2733 Chri·

88 2757 200 2818 dotalis
217 2754 438 2833 prepriedieii,
467 2760 498 2816 ei
522 2753 606 2840 juxta
635 2757 811 2818 vaticinium
837 2755 946 2836 psalm.
991 2762 1029 2818 sit
1046 2757 1128 2818 iliam
1151 2759 1416 2820 manducationem
1446 2772 1572 2828 coenae,
1597 2770 1689 2832 quam
1716 2753 1859 2815 iecerunt

90 2838 161 2902 titt.
178 2839 386 2900 Sacerdotium
401 2837 511 2900 Christi
528 2838 588 2900 dici
617 2839 827 2902 existimamus
850 2846 949 2902 aeter·
991 2839 1121 2916 apostoli
1137 2847 1207 2901 ante
1224 2844 1401 2918 passionem
1423 2839 1568 2912 bomini;
1599 2853 1661 2899 noa
1685 2853 1759 2909 eren
1787 2836 1854 2896 sota

86 2937 174 2991 num,
193 2937 256 2982 non
272 2921 343 2996 nula
358 2920 534 2982 duraturum
550 2921 590 2982 sit
604 2921 724 2984 inilniio
738 2920 945 2999 temporesed
992 2923 1097 2998 passio
1119 2929 1167 2982 esi
1178 2923 1345 2985 immulatio
1360 2925 1399 2984 de
1414 2939 1473 3000 qua
1499 2921 1633 2996 loquitur
1661 2919 1785 2991 Paulus,
1801 2919 1859 2980 sed

83 3005 155 3082 quia
174 3004 294 3064 nullum
308 3003 337 3064 ei
353 3003 556 3064 secerdotium
570 3021 703 3083 unquam
719 3005 877 3066 suecedet.
894 3002 948 3067 lle·¹
993 3006 1084 3066 etiarn
1101 3008 1293 3068 consecratio
1322 3012 1353 3066 et
1364 3006 1480 3068 oblatio
1495 3003 1706 3064 Eucharistiae
1728 3007 1776 3061 est
1803 3002 1859 3062 im·

84 3102 145 3165 que
158 3085 243 3149 enim
259 3085 351 3147 David
367 3085 465 3148 solum
479 3087 530 3151 aii.
546 3086 589 3149 lu
603 3103 636 3149 es
651 3087 795 3150 sacerdes
807 3086 837 3149 in
851 3092 949 3150 aeter·
994 3086 1118 3150 molatio
1134 3103 1189 3166 per
1210 3089 1279 3166 agni
1294 3087 1447 3169 paschaiis
1463 3082 1858 3158 innotatinnamttaurata.

87 3186 173 3241 nura,
199 3169 256 3231 sed
268 3170 537 3234 anuuitnannndurn
553 3170 691 3233 ordinem
707 3170 948 3245 Melchisedech,
1036 3170 1205 3245 Praeterea,
1220 3182 1253 3233 ut
1268 3188 1304 3233 ex
1319 3173 1429 3233 eodem
1444 3170 1607 3246 euangelio
1635 3172 1776 3237 constat,
1793 3166 1852 3227 bn·

86 3254 179 3323 idest,
195 3259 229 3314 ui
244 3268 282 3315 ex
296 3250 435 3313 Patribus
464 3251 751 3320 demonstravimus.
782 3252 825 3315 Tu
842 3268 877 3315 es
899 3268 946 3315 sa·
994 3252 1099 3315 minus
1114 3261 1183 3330 posi
1197 3256 1423 3317 caeremoniam
1449 3252 1519 3329 agni
1533 3250 1688 3327 paschalis
1702 3250 1851 3309 continuo

86 3336 197 3397 nendos
209 3336 243 3397 in
263 3340 420 3397 aeternum
436 3332 571 3397 atterens
586 3351 640 3413 per
655 3336 812 3397 ministros
834 3343 903 3399 tuos
918 3336 949 3397 ln
994 3335 1155 3413 subjunxit
1169 3337 1408 3399 celebrationem
1425 3333 1647 3407 Eucharistiae3
1662 3346 1765 3409 neque
1790 3330 1855 3392 dis·¹
1880 3333 1883 3338 ’

87 3416 228 3479 Ecclesia
245 3420 293 3479 tun
309 3415 493 3479 sucrillcium
509 3418 648 3492 corporis
675 3426 705 3480 ei
726 3416 886 3495 sanguinis
909 3418 950 3479 iul
996 3418 1110 3479 tulitin
1127 3419 1356 3497 aliudtempus,
1383 3426 1434 3479 ant
1446 3419 1559 3481 lacurn.
1582 3421 1616 3477 ut
1635 3422 1740 3492 aparte
1752 3420 1856 3475 osten·

87 3500 117 3560 in
140 3500 249 3578 specie
262 3500 350 3577 panis
362 3505 393 3559 ci
404 3498 670 3561 rinisnerilieium
685 3506 786 3563 autern
800 3500 829 3561 in
846 3500 952 3577 specie
995 3500 1083 3561 daret
1097 3505 1131 3563 se
1148 3518 1224 3561 noca
1237 3502 1294 3563 ista
1305 3499 1498 3563 caeremonia
1510 3498 1604 3561 tinem
1617 3500 1776 3577 imponere
1791 3512 1861 3558 cae-

88 3583 176 3657 panis
189 3588 221 3644 ei
232 3583 294 3643 nini
317 3597 379 3642 non
395 3581 518 3644 durabit
533 3579 652 3643 infinito
674 3584 812 3660 tempore'
828 3627 836 3654 ,
866 3588 896 3642 ei
912 3588 954 3643 ta·
995 3583 1152 3644 remoniae
1166 3586 1275 3645 reteri.

86 3680 155 3726 men
169 3664 294 3729 durabit
307 3664 337 3725 iu
354 3668 528 3735 ueternum,
559 3664 629 3740 quie
657 3680 781 3743 semper
802 3663 947 3737 durabit,
1036 3664 1166 3737 Deinde,
1183 3666 1209 3726 si
1221 3666 1457 3727 consideremus
1472 3662 1718 3740 circumstantias
1748 3662 1859 3723 utrius·

90 3747 238 3823 quamdiu
253 3745 436 3810 suorilleiunr
449 3747 572 3824 proprie
602 3746 715 3809 dietum
731 3748 971 3812 necessarium
996 3764 1057 3824 qne
1073 3748 1318 3817 celebrationis,
1349 3747 1524 3809 ridebimus
1556 3745 1671 3815 unllam
1693 3745 1821 3822 liguram
1843 3760 1862 3805 a

88 3832 153 3903 erit,
170 3832 263 3899 idest,
281 3844 379 3906 usquc
391 3828 430 3889 ad
441 3828 545 3891 mundi
572 3830 881 3891 consummationem.
897 3829 949 3891 Ju-
992 3828 1117 3891 ,Chrisio
1131 3830 1324 3894 maniiestins
1337 3830 1508 3909 impletam,
1524 3844 1616 3907 quarn
1639 3828 1740 3887 istam.
1755 3826 1862 3905 tignus

88 3915 162 3974 ravit
176 3913 259 3975 enirn
275 3912 424 3973 Dominus
453 3917 484 3971 ei
506 3926 569 3971 nnn
584 3912 754 3987 paenitebit
769 3926 865 3981 eum,
890 3911 949 3975 hoc
997 3913 1152 3990 paschalis
1175 3913 1226 3975 ιι.
1243 3914 1294 3975 die
1309 3910 1399 3992 primi
1422 3912 1539 3973 mensis
1563 3909 1600 3971 ad
1629 3921 1790 3987 vesperam
1805 3908 1860 3969 im-

89 4002 146 4059 est.
159 4012 222 4059 non
240 3994 367 4057 mutabit
383 4008 516 4072 unquam
533 3994 592 4056 hoo
614 3994 819 4055 sacerdotium
836 4010 906 4056 cnm
919 4012 951 4054 a·
997 3996 1103 4057 molari
1119 3995 1237 4069 debuit,
1255 3998 1348 4059 Exod.
1367 3996 1417 4056 ta.
1431 4000 1462 4057 et
1476 3993 1531 4055 init
1546 3994 1622 4054 haec
1633 3992 1863 4053 circumstantia

87 4078 126 4139 lin
143 4076 414 4149 sacerdotie,sicui
427 4075 553 4139 mutarit
564 4076 768 4139 sacerdotium
781 4077 951 4141 secundum
992 4093 1120 4139 summe
1135 4080 1324 4151 necessaria,
1342 4085 1374 4139 ut
1388 4094 1425 4140 ex
1452 4076 1557 4143 multis
1585 4075 1664 4147 locis
1689 4073 1864 4151 Scripturas

88 4161 227 4223 ordinem
243 4161 343 4222 Aaron
359 4174 429 4222 eum
441 4159 612 4222 sacerdotio
624 4159 797 4223 secundum
812 4160 952 4222 ordinem
998 4162 1121 4239 probari
1137 4161 1484 4239 posset,Eueharistiam
1501 4159 1641 4223 Christus
1656 4154 1788 4218 instituit
1802 4159 1862 4218 hoc

90 4242 335 4307 ilelchiscdeob.
385 4249 387 4256 ’
812 4244 813 4247 ’
997 4250 1481 4330 ipsoiemporc,ntnntumcsi.
1505 4240 1660 4310 Secundo,
1683 4254 1783 4318 agnus
1808 4240 1865 4299 ira·

998 4327 1169 4391 mnlahaiur
1184 4326 1213 4388 in
1231 4326 1409 4389 memoriam
1426 4326 1573 4387 transitus
1588 4322 1722 4394 bomini,
1742 4328 1773 4383 ei
1785 4320 1864 4383 lihe-

878 4444 880 4456 ι
997 4411 1124 4475 rationis
1140 4411 1247 4487 populi
1258 4412 1298 4473 de
1314 4413 1461 4488 Aegypto:
1478 4414 1509 4468 et
1520 4405 1710 4468 Ehcharistia
1726 4403 1874 4465 celebra„

720 4534 725 4542 ·
998 4494 1094 4558 turin
1111 4495 1287 4555 memoriam
1305 4494 1450 4554 transitus
1465 4489 1584 4552 bomini
1613 4488 1862 4567 perpessionem

334 4628 335 4631 ,
421 4558 538 4621 CAPUT
559 4557 624 4621 VH·
757 4626 761 4634 .
1000 4596 1040 4641 ax
1053 4576 1240 4638 boemundo
1256 4577 1293 4637 ad
1315 4575 1446 4645 Patrem,
1462 4578 1495 4635 ei
1516 4564 1641 4634 nostrie
1671 4569 1864 4632 liberationis

813 4671 818 4679 ·
1000 4662 1040 4723 de
1056 4662 1207 4737 potestate
1222 4657 1363 4733 Satanae,
1380 4672 1460 4737 quac
1475 4672 1530 4734 per
1543 4656 1642 4733 ipsam
1659 4650 1771 4715 Christi
1784 4666 1864 4715 mor·

400 4801 401 4805 ,
438 4796 440 4799 -
999 4751 1061 4805 tem
1078 4742 1153 4803 lacta
1170 4747 1228 4803 cst.
1245 4741 1358 4813 lertio,
1373 4756 1473 4818 agnus
1488 4737 1714 4806 immolabatur,
1731 4740 1765 4797 ui
1780 4750 1866 4795 mun·

175 4821 339 4887 Probabit·
353 4819 555 4899 sacrificium
567 4820 687 4885 ιιιιειαο
701 4836 744 4883 ιω
757 4818 869 4899 iiptttd
915 4834 919 4845 ’
999 4827 1176 4896 duceretur,
1201 4829 1232 4885 ei
1252 4828 1336 4885 esset
1357 4824 1445 4900 quasi
1460 4822 1602 4883 viaticum
1618 4817 1865 4898 peregrinorum

387 4925 468 5004 aym·
479 4923 655 5003 papppapp,
999 4926 1068 4971 nam
1086 4908 1156 4969 iden
1177 4906 1447 4969 manducabatura
1461 4903 1600 4976 ludaeis,
1624 4901 1761 4996 habitum
1777 4914 1866 4977 pere·

998 4991 1155 5069 prinnrnrn
1171 5005 1245 5065 prae
1267 5004 1302 5051 se
1322 4987 1494 5051 terentibus
1518 5003 1588 5049 cum
1613 4984 1733 5045 baculas
1761 4983 1864 5044 elcal-

91 5114 95 5121 Δ
702 5136 706 5144 ,
755 5128 761 5143 .
999 5069 1489 5148 caisetcEtEucbaristiaquid
1513 5076 1561 5131 est
1585 5066 1682 5138 aliud,
1710 5063 1863 5127 oisiraie·

20 5176 21 5183 ¹
133 5156 269 5220 Alterum
286 5157 495 5221 testimonium
524 5172 580 5237 pro
600 5154 750 5219 sacrificio
776 5154 891 5217 missae
905 5172 955 5220 su·
1000 5158 1061 5219 ctio
1076 5154 1259 5217 atriaticum
1280 5153 1544 5234 peregrinantium
1575 5150 1613 5212 ad
1627 5164 1729 5211 reram
1744 5164 1781 5209 ac
1795 5161 1866 5211 coe·

98 5238 185 5301 mitur
200 5256 239 5303 ex
260 5239 317 5302 lib.
334 5240 430 5304 Exad.
453 5257 522 5317 cap.
550 5240 600 5303 ti.
617 5246 647 5303 ei
669 5238 824 5303 similibus
850 5238 927 5301 locis
944 5286 952 5309 ,
999 5242 1111 5303 lesiem
1124 5237 1270 5315 patriam?
1285 5236 1399 5313 Quarto
1414 5251 1514 5314 agnus
1528 5250 1588 5295 non
1602 5236 1720 5311 potarat
1736 5230 1863 5291 mandu-

20 5342 22 5381 i
98 5322 146 5383 nbi
160 5322 260 5402 egitur
282 5324 321 5385 de
336 5338 415 5401 agne
431 5322 580 5401 paschali.
596 5323 650 5384 Est
663 5328 763 5385 autern
787 5321 845 5383 boc
867 5338 955 5401 argu·
1001 5325 1077 5393 cari,
1093 5322 1151 5384 hisi
1166 5338 1183 5382 a
1199 5319 1391 5381 circumcisis
1419 5324 1451 5379 ei
1475 5316 1601 5379 mundis
1629 5321 1660 5377 et
1675 5316 1706 5374 in
1722 5313 1865 5376 ttierusu-

98 5411 244 5467 mentum:
262 5404 431 5469 celebratio
444 5405 512 5482 agni
525 5406 679 5485 paschalis
704 5402 800 5483 ugare
826 5410 891 5466 erat
905 5420 955 5467 cs·
1000 5410 1077 5480 iem;
1092 5404 1133 5464 iia
1149 5400 1351 5484 Eucharistia
1365 5416 1426 5463 non
1439 5406 1541 5476 potest
1555 5397 1649 5471 sumi,
1666 5396 1753 5457 nisia
1768 5395 1867 5472 bapti·

100 5500 202 5564 pressa
215 5487 433 5551 celebrationis
447 5486 664 5551 Eucharistiae.
695 5487 756 5549 Sed
772 5486 824 5547 illa
850 5486 956 5561 immo·
1002 5490 1077 5551 retis
1088 5490 1119 5547 et
1131 5484 1267 5559 munds,
1280 5489 1312 5546 et
1325 5484 1403 5545 intra
1418 5481 1590 5547 Ecclesiam
1605 5480 1785 5558 catholicam
1800 5478 1864 5541 eni-

101 5570 170 5633 tatin
185 5572 338 5649 quaedam
351 5582 415 5633 erat
429 5570 569 5633 victimae
584 5570 646 5631 beo
662 5570 800 5645 oblatae,
810 5584 884 5649 ergo
907 5585 956 5631 ee·
1002 5568 1170 5635 stantibus.
1596 5589 1601 5597 ¹

99 5651 223 5715 lebraiio
235 5653 446 5719 Eucharistiae
458 5653 623 5717 immolatio
646 5652 785 5716 victimae
797 5652 860 5717 lieo
874 5652 957 5715 oble·
1043 5650 1212 5725 athanasi
1226 5664 1288 5713 non
1303 5646 1441 5726 implerit
1456 5647 1595 5713 christus
1609 5662 1676 5711 eam
1690 5642 1864 5727 liparam'in

20 5756 23 5801 i
99 5740 226 5801 incesse
238 5736 344 5817 debet,
360 5743 393 5803 ut
414 5736 510 5819 igere
532 5734 662 5817 figurato
676 5736 956 5815 respondeatiiuia
980 5817 983 5823 Ι
1001 5733 1194 5802 institutione
1206 5730 1428 5808 Eucharistiae,
1443 5732 1549 5797 dicant
1562 5726 1866 5808 adversariiqeenm
