4084 6275
808 367 904 430 [ABER
922 367 1097 434 SECUNDUS
1701 379 1754 440 637

16 495 22 548 Ι
79 502 337 573 diaboioeuctere
359 505 547 586 dignasunt:
564 503 622 570 nisi
648 519 717 569 cam
741 502 927 570 dianienacis
968 509 1006 580 ri,
1022 515 1113 586 atoue
1127 509 1267 590 inspirari
1282 514 1514 576 contenderent.
1529 513 1589 576 Sed
1603 513 1662 576 troc
1683 520 1820 595 tempore

16 577 22 629 ¹
78 594 167 656 etiam
183 590 338 652 diabolum
354 589 449 652 Deum
465 589 595 653 iactatis.
971 593 1046 654 satis
1061 610 1130 655 cum
1147 593 1327 657 lirinerenis
1353 598 1565 666 convenimus,
1591 596 1824 676 Paenitentiam

16 661 22 708 ¹
115 673 233 736 Deinde
247 669 407 746 Ninivitas,
424 679 500 735 teste
517 671 594 736 lona
618 687 688 748 cap.
711 670 742 734 3.
764 686 868 734 nonne
887 670 927 734 de
970 690 1006 736 ac
1021 689 1077 753 per
1091 676 1148 738 troc
1165 675 1511 752 Contritiooemdonum
1526 693 1598 744 esse
1612 678 1739 750 lisinec
1754 697 1825 758 pos·

16 749 22 796 ¹
76 757 257 819 remissione
272 761 469 834 peccatorum
485 755 674 825 dubitationi,
687 769 756 815 cum
777 755 927 816 dicerent:
970 772 1006 819 sc
1029 760 1099 819 sino
1112 758 1211 820 divina
1226 761 1436 839 inspiratione,
1462 763 1537 823 sotis
1563 767 1685 824 naturae
1710 764 1824 826 cirinus
1867 769 1871 772 ’

16 829 22 904 Ι
78 838 150 916 Quis
163 839 233 908 acii,
249 839 279 900 sl
293 844 499 902 concertetur
527 845 557 901 et
568 836 717 915 ipeoecot
732 837 831 898 Deest
846 843 875 898 ct
888 843 928 896 te·
971 838 1115 902 obtineri.
1793 876 1796 881 -

16 915 21 965 ¹
75 937 142 984 men
158 922 254 982 territi
266 924 298 982 ei
311 921 488 1000 compuncti
501 921 537 983 ad
551 918 807 994 praedicationem
819 918 925 995 lonae,
1010 922 1085 998 Quia
1101 929 1200 985 umen
1217 923 1361 985 Martinus
1375 924 1547 987 Kemnitius
1563 926 1593 986 in
1606 927 1638 988 2.
1661 943 1725 1005 par.
1751 944 1820 989 era·

75 1021 133 1067 non
148 1003 305 1084 inplebant
320 1019 337 1064 a
354 1001 431 1074 lico,
448 1017 549 1080 neque
564 1002 710 1067 adversus
724 1017 793 1063 eum
819 1001 926 1064 treme·
969 1003 1062 1064 minis
1075 1021 1144 1084 cap.
1159 1007 1191 1068 l.
1207 1009 1246 1068 de
1263 1007 1448 1068 Paenitentia
1462 1025 1530 1088 pap.
1543 1009 1756 1072 titilscribcre
1768 1029 1819 1072 eu·

16 1081 20 1128 ¹
77 1087 220 1158 bant,scd
236 1101 306 1149 cum
322 1084 795 1163 potiusPecuitentiaeoperibus
808 1085 927 1160 placare
970 1102 1024 1148 sus
1038 1093 1096 1159 est,
1113 1090 1277 1150 concilium
1303 1088 1498 1152 tridentinum
1524 1090 1659 1152 stabilire
1686 1093 1820 1155 uetuisse

16 1165 20 1211 ¹
72 1167 608 1248 satagebantetearatioaetandem
621 1167 928 1228 misericordiamim·
971 1169 1182 1248 cognominum,
1209 1172 1290 1248 quod
1318 1172 1421 1233 tribuit
1447 1174 1587 1234 burnonis
1612 1176 1728 1238 viribus
1749 1177 1818 1237 sine

16 1251 20 1306 t
76 1250 322 1330 patraruntlera
337 1247 930 1330 igiturContritioetiamsinccertadde
970 1252 1097 1327 spectati
1112 1253 1225 1314 auritio
1250 1253 1303 1314 liei
1330 1256 1396 1314 eam
1422 1255 1654 1329 Poenitentiam,
1683 1259 1823 1335 quaesit

16 1335 19 1376 Ι
76 1334 270 1396 remissionis
285 1338 491 1412 peccatorum,
508 1349 569 1395 non
585 1338 632 1394 cst
645 1331 713 1409 iuga
736 1332 801 1403 liei,
827 1347 928 1410 nequo
970 1333 1128 1395 suiiiciens
1142 1336 1302 1413 dispositio
1315 1337 1353 1396 ad
1375 1337 1587 1400 remissionom
1614 1347 1819 1416 pcccatoromz

16 1415 19 1462 ¹
75 1419 171 1494 reptet
185 1416 348 1478 hominem·
370 1414 517 1494 peccatis,
542 1429 644 1492 neque
670 1412 760 1474 nonis
781 1415 927 1492 operibus
970 1417 1085 1478 ideirco
1100 1420 1307 1479 necessarium
1324 1435 1394 1491 esse
1409 1421 1563 1493 duximus,
1581 1421 1822 1484 Primumadier·

16 1499 19 1544 Ι
74 1496 925 1579 priratsedestpotiussacrificiumtieogretissimum,
971 1500 1543 1578 retestimoniaejusdemooncilii,et
1563 1505 1732 1566 recentium
1755 1507 1823 1565 tire·
1861 1543 1867 1554 ,
1960 1509 1973 1536 ·

74 1589 103 1644 ct
117 1582 272 1644 antidotus
289 1586 495 1658 peccatorum,
512 1586 543 1642 et
557 1578 600 1641 aia
616 1580 653 1640 ad
670 1578 809 1659 gratiam,
835 1585 865 1641 ct
879 1595 926 1641 sa·
971 1583 1141 1661 elegorum.
1156 1582 1275 1645 Deinde
1288 1586 1472 1646 sententiam
1487 1585 1608 1647 concilii
1621 1593 1652 1646 et
1662 1587 1824 1662 theologo·

16 1669 18 1716 t
74 1665 179 1726 tutem.
970 1680 1049 1738 rum,
1065 1673 1155 1742 atoue
1169 1666 1247 1728 adeo
1261 1668 1353 1730 totius
1368 1667 1725 1742 Ecclesiae,testimeniis
1737 1669 1819 1733 Sori-

16 1749 19 1792 Ι
114 1746 331 1826 compunctio,
348 1741 446 1822 innuit
458 1743 623 1821 sliphrena
636 1743 668 1805 in
682 1741 737 1806 lib.
753 1743 791 1806 de
809 1742 926 1822 jndicio
971 1755 1077 1830 pturae
1091 1755 1122 1810 et
1136 1756 1271 1811 veterum
1284 1749 1475 1814 confirmare.
1785 1781 1788 1786 ·

16 1833 19 1876 ¹
73 1837 205 1895 extremo
221 1845 289 1908 cap.
305 1827 336 1890 5.
351 1827 476 1890 sortitae
490 1827 623 1890 oaimee
647 1832 702 1899 eet,
724 1825 924 1889 illumiaatio
1011 1831 1107 1910 lgitur
1133 1832 1332 1894 tridentinum
1354 1832 1518 1895 concilium
1543 1848 1624 1895 sess.
1649 1831 1680 1895 d.
1706 1849 1774 1910 cap.
1791 1833 1823 1896 5.

16 1917 19 1960 Ι
70 1914 184 1976 ruentis
198 1916 258 1975 cst.-
273 1911 476 1990 compunctio
489 1911 711 1972 remissionom
732 1910 923 1972 delictorem
971 1913 1048 1974 haec
1064 1914 1156 1976 habet
1170 1914 1272 1976 rerba:
1288 1914 1438 1979 Declerel
1455 1917 1750 1997 praetereo(sancta
1775 1932 1825 1994 sp·

17 2019 18 2076 3
72 1995 162 2060 nodis
176 1994 331 2075 acquirit:
357 1993 560 2072 compunctio
585 1991 697 2056 lesem
719 1993 927 2069 culpantium
973 1997 1088 2071 nodus)
1101 1997 1207 2076 ipsius
1217 1997 1460 2074 laetificationis
1474 2000 1647 2062 coerctione
1666 1999 1704 2060 in
1727 1999 1822 2061 edel·

16 2081 19 2126 ¹
72 2079 149 2158 fecit
161 2079 199 2141 ie
213 2077 305 2139 neom
320 2075 477 2138 neddere.
493 2075 530 2136 et
544 2074 632 2136 intre:
652 2073 802 2150 mendo,
816 2077 925 2152 inquit,
966 2079 1009 2141 tis
1023 2096 1046 2140 o
1059 2078 1117 2142 ilci
1128 2095 1187 2157 per
1202 2079 1359 2142 Gerulum
1372 2080 1481 2142 lesum
1492 2082 1721 2158 precuenientc
1746 2097 1820 2160 pro·

16 2165 19 2242 ¹
69 2164 169 2225 uirtus
183 2166 230 2222 eat
244 2158 498 2240 lachrymarum,
510 2158 725 2238 multumque·
737 2158 928 2236 moraciani
970 2163 1017 2224 llo
1029 2163 1224 2224 sumendum
1237 2177 1314 2241 ease.
1329 2163 1447 2224 ticinde
1462 2180 1530 2241 cap.
1543 2163 1573 2224 e.
1587 2163 1823 2242 disponentur,

16 2249 19 2294 Ι
76 2243 367 2324 incommomodum
381 2237 674 2326 secundemjlieum
686 2239 822 2302 suntid
836 2256 862 2302 s.
878 2238 928 2302 le·
969 2245 1080 2322 inquit,
1096 2244 1432 2341 edipcemjualillom
1445 2247 1524 2308 dum
1549 2248 1682 2309 moduli
1707 2247 1823 2309 diolco

16 2333 20 2376 i
73 2343 167 2388 annes
182 2327 414 2404 chrysostomus
428 2324 511 2385 trem.
527 2323 559 2385 5.·
575 2324 613 2384 de
627 2322 827 2385 Paenitentia:
850 2321 925 2385 Poe·
969 2327 1622 2408 prelio,etqueedyrati,lidcmeeceuditu
1641 2330 1823 2408 concipien-

16 2417 20 2460 t
71 2411 220 2481 nucetio,
232 2406 927 2486 inquttcslmceicomontem,pacorumeac·
971 2417 1026 2483 tos,
1044 2408 1141 2473 litere
1155 2416 1324 2474 mouentur
1336 2411 1374 2475 in
1388 2410 1489 2472 licem
1502 2416 1560 2472 etc.
1577 2412 1652 2472 turn
1676 2427 1746 2488 cap.
1770 2412 1819 2477 tl.

73 2495 232 2568 tineaene,
248 2492 373 2560 donum
386 2489 516 2550 coelites
528 2489 654 2560 dotum,
665 2489 767 2550 viritas
778 2489 925 2551 admiro-
973 2489 1035 2568 Qui
1047 2508 1135 2564 uero,
1152 2493 1307 2571 inquitet>
1321 2498 1454 2573 eccepto
1461 2491 1702 2572 tristificationis
1715 2496 1826 2573 pretio

17 2583 19 2626 Ι
73 2575 155 2644 bilis,
172 2573 281 2653 oralia
294 2573 360 2635 vim
375 2573 482 2650 lenum
493 2585 665 2648 moerore.
681 2571 779 2650 atquo
794 2571 832 2633 ad
854 2586 928 2634 aun·
966 2591 1028 2654 per
1039 2581 1208 2654 peccatum
1221 2577 1425 2648 ameidereol,
1440 2591 1561 2639 rursus.
1572 2574 1746 2654 laetificere·
1765 2593 1825 2654 po·

16 2667 19 2710 t
71 2657 139 2719 dem
156 2657 280 2720 modurn
295 2656 460 2732 loquuntur
474 2653 588 2716 caeteri
614 2653 728 2726 Patres,
757 2668 835 2732 quos
863 2669 925 2715 uon
970 2663 1089 2730 terum,
1105 2674 1177 2720 cem
1191 2660 1354 2724 eccitenlc
1368 2659 1430 2720 lieo
1448 2673 1508 2736 per
1532 2657 1749 2723 Paenitentiac
1773 2675 1827 2722 so·

16 2749 19 2794 t
71 2748 118 2802 est
131 2755 211 2817 opus
225 2738 284 2801 hoc
298 2738 366 2799 loco
380 2737 545 2810 adducere,
563 2751 633 2798 oum
655 2750 760 2798 eorum
789 2735 924 2798 testimo·
970 2747 1172 2803 crementum
1184 2743 1298 2803 merilo
1315 2740 1429 2805 Geruli
1443 2743 1597 2804 emacem
1621 2743 1764 2820 proriam
1777 2752 1826 2804 re·

16 2833 17 2878 t
70 2825 119 2883 nia
134 2823 165 2883 in
182 2819 305 2883 taudem
320 2819 527 2886 Paenitentiae
551 2818 616 2880 sire
640 2818 833 2881 contritionis
857 2833 926 2897 pas·
970 2837 1128 2900 eupererc
1147 2825 1405 2900 procuraverint.
1431 2823 1469 2884 lit
1493 2823 1569 2886 inira
1593 2839 1705 2902 aunon,
1732 2823 1762 2884 3.
1790 2822 1826 2886 Si

16 2925 17 2928 ¹
73 2910 131 2968 sim
149 2901 351 2965 occurrant·
678 2949 682 2961 .
970 2905 1044 2983 quis
1060 2907 1268 2977 diceritsinc
1281 2907 1509 2984 praeveniente
1524 2904 1649 2984 Spiritu
1661 2908 1768 2968 secoli
1777 2908 1827 2970 in-

107 2987 214 3064 deque
229 2991 329 3048 tamen
345 2981 562 3046 Gentritionem
576 2983 645 3046 sinc
657 2968 739 3043 oiuni
751 2997 807 3060 spe
821 2982 926 3044 verdae
968 2989 1166 3064 spiratione,
1183 2996 1281 3068 otone
1298 2988 1369 3065 cios
1383 2989 1557 3068 adjutorio.
1575 2987 1738 3051 hominem
1763 3005 1829 3051 cre·

67 3085 140 3131 esse
155 3083 253 3147 pesse
269 3067 480 3141 concedimus,
497 3066 551 3128 sed
568 3065 667 3128 solum
682 3064 751 3127 sine
777 3073 857 3126 certa
873 3066 922 3127 itta
970 3071 1058 3141 alere,
1076 3085 1220 3149 operere,
1236 3071 1382 3150 dilipcre.
1402 3076 1462 3132 aut
1473 3071 1638 3150 poenitere
1661 3087 1766 3150 posse,
1787 3072 1830 3133 si·

66 3152 127 3215 tide
142 3150 339 3213 remissionis
356 3155 561 3225 peccatorum,
579 3164 668 3227 qoam
694 3148 856 3211 lutherani
878 3164 924 3210 rc·
970 3158 1025 3215 out
1038 3159 1172 3232 oportet,
1187 3161 1224 3217 ut
1238 3155 1269 3217 ci
1281 3154 1529 3236 justificationis
1552 3156 1662 3232 pretio
1677 3155 1829 3234 vconiere-

65 3238 201 3315 qutrunt:
222 3234 382 3321 sequimus
396 3234 478 3293 enim
494 3246 521 3293 s.
538 3231 720 3310 cyprianum
733 3231 764 3291 in
777 3246 871 3293 scrin.
885 3233 924 3292 de
973 3242 1038 3308 tur,
1054 3238 1231 3299 anathemo
1244 3238 1296 3299 all.
1317 3237 1458 3314 Denique
1473 3253 1555 3299 sess.
1574 3236 1622 3297 tl.
1639 3253 1709 3316 cap.
1724 3236 1755 3297 l.
1769 3252 1830 3297 neu

16 3354 18 3379 t
68 3318 165 3391 lapsis
181 3319 222 3377 ita
239 3316 428 3391 toquentem:
444 3314 503 3377 ilco
517 3314 722 3392 desperantes
747 3314 926 3375 mameae·
971 3318 1698 3398 modononhabetur,quodltemnitiusttngit,
1719 3320 1829 3380 contri·

16 3420 19 3461 t
71 3401 162 3463 diem
177 3398 315 3474 ltomtni,
332 3396 743 3476 neclameojomoeelem
756 3394 927 3459 uindican-
971 3401 1085 3463 tionem
1100 3417 1137 3463 ex
1152 3402 1228 3462 sotis
1242 3401 1359 3463 riribus
1370 3402 1459 3463 liberi
1475 3401 1590 3463 arbitrii
1607 3402 1729 3476 concipi
1756 3416 1827 3478 pos·

71 3489 126 3549 tce.
142 3483 163 3542 Α
180 3498 239 3561 que
255 3480 406 3543 sententia
422 3479 586 3541 concilium
599 3478 801 3540 tridentinum
813 3492 927 3553 nequa·
970 3499 1017 3561 sc3
1033 3484 1088 3544 sed
1105 3485 1195 3544 etiam
1210 3484 1334 3545 disertis
1348 3485 1449 3546 verbis
1476 3485 1542 3562 ipse
1568 3484 1657 3547 etiam
1684 3484 1829 3545 contritio

16 3582 19 3627 t
71 3580 160 3646 quam
176 3564 317 3637 recessit,
333 3560 591 3625 cumetscss.ti.
607 3576 675 3639 cap.
702 3560 927 3623 amusium
971 3564 1163 3643 imperiectio,
1193 3582 1283 3644 quam
1312 3566 1498 3627 attritionem
1525 3564 1677 3639 dicimus,
1704 3566 1830 3627 conciti·

16 3670 19 3715 t
73 3650 195 3711 inanem
210 3647 353 3709 diductam
369 3644 602 3715 haeretieorum,
619 3642 673 3721 qui
686 3648 767 3705 certa
788 3640 850 3705 ilde
862 3658 928 3707 ere·
970 3664 1021 3710 um
1044 3664 1116 3710 osse
1136 3652 1228 3711 docet
1247 3649 1363 3710 donum
1385 3646 1829 3727 liei,etSpiritussanctiim·

16 3752 19 3797 t
73 3732 206 3792 dandum
222 3744 294 3792 asse
308 3729 422 3790 docent
435 3726 565 3789 remissa
581 3728 835 3805 esaepcccatazat
846 3740 924 3789 sess.
969 3732 1108 3810 pulsum.

16 3838 19 3881 i
73 3812 121 3875 tl.
137 3826 206 3891 cap.
222 3812 253 3875 l.
269 3826 338 3873 cum
354 3825 423 3872 vera
438 3806 636 3884 contritione,
652 3823 740 3887 spem
751 3806 924 3869 miscricor-
1019 3812 1081 3875 tiec
1096 3812 1196 3876 seium
1221 3812 1386 3875 concilium
1413 3810 1658 3884 oecumenicum,
1686 3811 1716 3872 in
1743 3811 1832 3891 cuius

16 3920 19 3963 ι
73 3898 139 3957 diae
164 3892 402 3974 consequendae
427 3897 624 3968 conjunctam
650 3906 721 3954 esse
747 3890 861 3953 debere
886 3889 928 3952 ai·
976 3895 1207 3959 delinitionibus
1222 3911 1331 3958 omncs
1346 3895 1488 3958 cattrotici
1503 3896 1831 3973 acquiescuntscdct·

975 3980 1034 4041 iem
1050 3979 1248 4041 celeberrima
1263 3978 1438 4041 academiae
1453 3979 1484 4039 in
1499 3979 1636 4041 articulis
1652 3977 1775 4059 publice
1797 3993 1828 4040 e·

16 4090 18 4131 t
543 4096 545 4101 v
603 4104 604 4109 κ
824 4096 828 4105 ·
975 4060 1830 4141 ditiseamlidcmepertissirneprofiteaturlirtantar·

802 4152 806 4159 '
975 4144 1061 4207 ticoli
1076 4144 1267 4206 parisienses
1281 4145 1427 4207 adversus
1441 4143 1630 4206 Lutireraoos
1651 4143 1724 4205 editi
1746 4158 1829 4205 anne

165 4268 182 4312 ,
403 4212 521 4284 CAPUT
549 4212 606 4279 ΠΙ
910 4262 912 4265 -
977 4227 1067 4289 teli.
1084 4243 1190 4289 eorum
1205 4228 1401 4290 articulorum
1416 4228 1573 4289 secundus
1589 4225 1628 4287 ita
1645 4225 1747 4287 habet:
1764 4224 1827 4287 lle·

974 4311 1049 4374 dem
1061 4307 1139 4385 iidci
1152 4311 1353 4373 conaleotlee
1364 4316 1410 4373 cal
1418 4308 1733 4383 tcocodem,homini
1742 4308 1828 4370 ines·

158 4462 391 4531 ⁰⁰¹¹¹¹¹¹¹⁰¹¹⁰¹¹¹
402 4465 473 4529 ¹¹¹⁶
486 4465 622 4545 ΙΡΙΙΙΙΙΙΙ
636 4462 693 4529 ¹¹⁶¹
717 4463 846 4529 nocito
974 4490 1081 4553 apere.
1097 4476 1465 4553 cremonensium
1476 4475 1515 4537 in
1536 4481 1668 4554 peccalo
1689 4474 1825 4535 morteto
1847 4526 1848 4529 ,

337 4568 450 4633 doleri
469 4584 538 4632 eom
559 4582 664 4648 posse,
971 4558 1082 4634 merit,
1098 4560 1160 4621 lieo
1175 4557 1363 4636 adjacente,
1379 4560 1424 4621 ed
1436 4560 1576 4636 praetem
1588 4570 1755 4635 reserpere
1768 4573 1824 4626 oe·

16 4256 18 4297 t

16 4338 18 4463 Ι
971 4408 1007 4455 ec
1020 4393 1159 4456 liberum
1172 4392 1354 4460 ardumum,
1369 4408 1436 4473 que
1447 4398 1547 4471 puteal
1574 4390 1654 4453 bene
1665 4391 1719 4453 ool
1736 4392 1821 4453 mele

16 4504 18 4547 t

16 4590 18 4713 Ι
973 4642 1025 4705 let.
1041 4640 1150 4702 lixtant
1170 4642 1260 4702 etiarn
1284 4642 1403 4703 articuli
1427 4640 1634 4703 lovanienses
1660 4641 1751 4713 paulo
1773 4656 1825 4715 pe·

16 4764 18 4793 ο
973 4724 1087 4787 sterius
1100 4724 1244 4786 adversus
1258 4726 1385 4785 eosdem
1400 4719 1556 4786 Ecclesiae
1572 4724 1677 4783 trustes
1692 4721 1825 4798 promut-

16 4838 18 4873 ,
114 4796 214 4860 littera
229 4799 371 4878 quaestio
385 4806 461 4864 crat.
476 4800 580 4865 lltram
607 4802 764 4881 contritio,
791 4808 930 4885 quanti·
973 4808 1046 4885 pati,
1076 4822 1204 4885 quorum
1230 4807 1381 4883 septimos
1409 4808 1447 4867 ita
1470 4806 1574 4868 nabat:
1599 4804 1690 4887 Certe
1713 4802 1776 4878 fide
1796 4810 1826 4865 tc

16 4920 18 4963 ρ
77 4876 175 4941 heram
191 4884 345 4945 actionem
361 4897 433 4945 esee
444 4886 506 4963 jam
518 4885 848 4959 demonstravimusita
862 4904 929 4966 pro·
971 4890 1112 4953 neodem
1125 4890 1348 4960 calhomiucm
1360 4888 1477 4961 lmecro
1491 4888 1628 4950 liborum
1639 4886 1822 4959 arbitrium,

16 5010 17 5045 ,
78 4963 164 5025 cedat
177 4979 214 5025 ex
232 4964 331 5027 libero
345 4966 480 5042 arietino,
498 4974 530 5031 ut
544 4969 616 5032 siue
629 4971 758 5051 speciali
771 4970 826 5033 liei
847 4972 928 5033 auxi·
972 4974 1409 5052 quopetcsleeote,et,oom
1423 4968 1823 5051 pretioticldoocepcre,

16 5072 18 5131 p
77 5044 364 5140 liocorirurounum
381 5052 931 5137 praevenientcctadjurante,possit
973 5055 1418 5134 etpostmorlelopeccetum
1431 5056 1623 5124 edmiesalm,
1644 5050 1708 5113 lieo
1732 5051 1828 5129 edja-

16 5160 18 5215 Ι
77 5125 192 5190 haben.
209 5130 293 5201 tinae
308 5146 383 5193 sane
398 5137 603 5197 conuocarsia
619 5136 679 5199 troc
693 5142 830 5215 tompore
844 5136 928 5199 nulla
971 5145 1079 5210 route,
1090 5139 1255 5216 poenitere
1265 5134 1741 5217 etpaeeetomrmremisaioucm
1752 5150 1827 5196 ooo·

16 5254 18 5299 1
77 5218 168 5283 esset,
184 5216 211 5273 ai
228 5214 400 5276 Adversarii
414 5217 510 5278 nostri
525 5216 617 5281 duem
639 5220 771 5298 ationem
794 5219 930 5281 iacerent
971 5222 1079 5300 acqui·

16 5334 18 5381 Ι
79 5293 928 5382 calumniandiliuitouideuotimaumPelagiantsgra·
1012 5298 1826 5381 incendemscntcntiamscripseruntttreotogtSatro-

16 5424 18 5465 ,
76 5376 196 5465 tissima
213 5381 413 5453 concertatio,
429 5396 500 5449 curu
525 5383 571 5445 itti
595 5385 778 5465 (Augustino
805 5390 881 5447 teste
895 5385 930 5447 in
973 5386 1071 5447 tostici
1085 5386 1285 5464 antiquiorem
1301 5402 1370 5472 uam
1385 5386 1424 5447 de
1440 5385 1489 5447 tris
1503 5385 1555 5462 oui
1571 5384 1629 5443 troc
1644 5382 1769 5443 saeculo
1784 5383 1825 5440 ai-

16 5490 18 5549 ρ
80 5453 156 5520 libro
170 5461 209 5523 de
224 5462 407 5525 haeresibus
422 5480 491 5544 cap.
506 5463 558 5528 88.
574 5472 605 5528 et
616 5468 647 5529 in
673 5470 763 5547 epist.
790 5465 861 5547 rue)
883 5467 928 5529 di·
972 5458 1094 5541 aomar,
1111 5470 1289 5542 nutrirent,
1305 5469 1390 5529 natta
1406 5468 1554 5548 dubitatio
1569 5480 1640 5526 csse
1655 5464 1829 5542 potcstiteo

16 5588 18 5625 ,
79 5548 192 5614 eereut,
209 5548 336 5623 gratiam
352 5562 410 5624 que
437 5550 602 5611 liberamur
627 5550 665 5611 ab
691 5550 856 5630 impietate,
882 5564 931 5616 se·
976 5552 1077 5614 sotum
1092 5566 1119 5613 s.
1134 5550 1266 5612 ihomas
1281 5552 1312 5613 in
1329 5551 1403 5613 te.
1420 5555 1540 5630 quaest.
1564 5546 1634 5609 tet.
1660 5550 1716 5607 art.
1743 5546 1774 5609 6.
1798 5550 1830 5607 et

16 5668 18 5713 ρ
81 5626 210 5719 eundum
227 5630 333 5691 merite
350 5635 452 5692 nostra
467 5629 543 5693 dari:
560 5632 706 5695 catholici
721 5638 836 5701 contra,
859 5648 931 5695 coe·
979 5632 1009 5697 l.
1025 5639 1098 5697 ets.
1111 5634 1318 5698 Bonaroutura
1339 5635 1372 5695 in
1396 5634 1428 5695 2.
1454 5634 1566 5695 librum
1592 5630 1730 5693 Scnteat.
1755 5630 1828 5691 dist.

16 5754 18 5793 Ι
81 5714 249 5773 tersionem
264 5711 304 5773 ed
319 5710 538 5779 Paenitentiam
554 5715 654 5779 diuina
669 5716 763 5796 pretia
776 5715 933 5797 praereoi·
980 5714 1035 5779 ait,
1049 5717 1169 5783 articul,
1184 5717 1219 5783 2.
1233 5724 1352 5796 quaeat.
1371 5716 1400 5777 t.
1416 5721 1448 5777 et
1461 5717 1533 5780 dist.
1548 5712 1600 5777 ae.
1614 5719 1735 5800 nemsi.
1753 5712 1781 5774 t.
1798 5714 1833 5775 et

149 5810 315 5870 Britanniae.
335 5813 395 5874 tat.
419 5814 464 5872 tlt·
1578 5816 1611 5870 lt
