4084 6275
26 601 31 700 7

250 369 304 428 920
1055 363 1162 422 thuait

256 498 336 564 intra
350 497 454 562 lunam
471 495 512 558 oh
533 491 772 576 indignitatem,
799 495 923 576 quinam
946 497 1089 576 negarint
1174 491 1301 560 nisteria
1321 509 1379 573 per
1402 509 1513 571 manos
1538 493 1792 575 impositionem,
1817 513 1881 562 noa
1901 507 1988 567 autem

254 583 328 646 369.
537 643 539 648 s
1173 578 1298 640 luerunt
1311 576 1443 638 ordinati
1459 576 1496 640 ad
1512 577 1682 658 legendum
1698 581 1908 662 evangelium,
1929 587 1987 664 qaia

216 667 272 729 dci
288 660 423 725 adoratio
439 675 501 724 non
513 663 561 723 cst
576 657 697 737 alligata
713 665 797 724 certo
812 660 881 725 loco
896 659 970 725 763.
1173 677 1235 722 333
1251 666 1317 724 3337
1331 675 1411 736 3333
1425 657 1496 736 739,

216 747 273 811 dei
289 741 499 808 reconciliatio
515 757 583 804 eum
600 756 716 820 genere
731 743 885 814 humano,
909 741 966 805 luit
987 741 1088 821 proxi·
1132 741 1261 804 diaconi
1277 758 1359 802 nunc
1374 757 1430 818 per
1441 741 1539 804 333733
1550 742 1763 808 caeremonias
1773 743 1990 812 ordinanturad

256 843 325 890 333
358 831 389 888 37
419 823 600 903 principalis
628 820 702 886 iiuis
730 826 839 887 mortis
861 823 980 896 ,0337377
1013 822 1087 886 778.
1174 825 1254 884 33373
1271 822 1442 884 ministeria
1457 822 1540 886 7370.

254 909 328 970 779.
1132 905 1339 967 diaconorum
1355 907 1565 976 consecratio,
1582 911 1632 968 est
1656 906 1811 970 ordinatio
1839 907 1909 970 769.
1930 911 1992 974 773.

213 991 269 1054 dei
283 986 401 1070 justitia
417 994 448 1051 et
462 985 675 1050 misericordia
691 985 721 1046 in
735 987 848 1050 0737373
859 986 957 1051 7773373
969 986 1088 1066 passim
1133 986 1694 1065 diaconorumquorundamsuperbia
1708 990 1922 1066 comprimitur
1931 993 1994 1056 737.

259 1071 444 1148 conjunctae
456 1068 672 1148 praedicantur
684 1066 757 1129 720.
1020 1115 1021 1120 .
1133 1068 1277 1131 07333373
1291 1083 1459 1144 numquam
1475 1067 1530 1128 luit
1545 1067 1664 1130 licitum
1679 1085 1869 1148 consecrare
1890 1073 1995 1136 Eucha-

214 1152 368 1229 duidquid
382 1151 561 1224 sumus,dai
577 1163 698 1224 sumus;
712 1155 743 1212 37
757 1150 906 1230 quidquid
921 1150 1086 1225 bohemos,
1174 1149 1289 1211 ristiam
1302 1148 1375 1211 397.
1391 1148 1497 1227 Neque
1513 1166 1648 1228 unquam
1663 1152 1800 1230 legimus
1826 1170 1996 1218 consecras·

256 1234 351 1296 3033
366 1231 605 1297 3333333773.
624 1226 694 1290 777.
824 1285 829 1290 ,
1174 1230 1298 1292 33732.

215 1316 280 1378 033
296 1316 426 1378 0333733
440 1316 602 1395 gratiarum
619 1310 698 1374 aetio
714 1312 754 1376 ob
769 1312 838 1393 ejus
860 1312 1011 1376 beneticia
1034 1309 1087 1375 70.
1133 1311 1278 1374 07333373
1293 1313 1406 1374 033333
1421 1315 1453 1372 37
1472 1318 1664 1388 sacramenta
1691 1313 1869 1377 ministrare
1894 1335 1997 1380 conre-

257 1397 307 1458 ῃ,
387 1409 390 1420 ·
1175 1395 1233 1471 377;
1250 1411 1309 1456 333
1325 1399 1426 1455 tamen
1443 1392 1501 1454 bac
1514 1393 1555 1456 de
1570 1411 1712 1471 caussam
1729 1399 1998 1462 veteribusdieun

214 1478 391 1554 deoquare
405 1482 559 1558 repugnet
572 1475 710 1544 habitare
724 1476 756 1540 iu
770 1477 893 1556 templis
905 1472 1089 1540 munuiactis
1172 1480 1222 1539 tur
1237 1475 1415 1538 sacerdotes
1431 1474 1505 1536 320.

256 1557 329 1622 289.
1133 1557 1277 1619 diaconis
1292 1571 1417 1635 semper
1431 1558 1591 1636 conjungit
1611 1557 1726 1621 Paulus
1749 1576 1823 1622 cum
1847 1561 1998 1641 episcopis

215 1640 280 1704 deo
299 1641 376 1702 nibil
392 1645 438 1702 337
454 1640 647 1720 7333337303
662 1643 734 1706 333.
750 1639 825 1702 Vide
842 1639 913 1701 377.
931 1639 1003 1700 333.
1175 1639 1246 1701 739.
1263 1638 1337 1701 770.

214 1723 331 1802 Regula
348 1722 555 1798 investigandi
572 1726 645 1801 quid
663 1727 745 1788 deus
760 1724 860 1802 possit
871 1720 944 1783 373.
961 1721 1035 1784 373.
1133 1719 1288 1783 diaconos
1303 1720 1384 1782 ulios
1398 1719 1549 1781 ordinavit
1563 1718 1799 1798 Christus3siaut
1810 1723 1997 1787 3307333773

213 1803 279 1867 deo
294 1804 372 1866 Patri
388 1810 418 1865 37
433 1804 508 1866 Filio
524 1820 618 1883 saepe
635 1808 728 1868 muita
744 1805 919 1867 tribuuntur
935 1809 964 1864 37
986 1809 1088 1876 tamen
1177 1803 1326 1881 piscopos
1342 1807 1374 1863 et
1387 1800 1600 1882 presbyteros:
1618 1809 1718 1865 tamen
1734 1803 1869 1868 instituit
1883 1807 1945 1868 hoc
1958 1825 1996 1868 sa-

256 1902 292 1948 33
310 1903 370 1946 nou
388 1893 538 1964 negantur
553 1887 592 1949 de
608 1889 722 1968 Spiritu
738 1892 857 1958 sancto,
875 1885 948 1948 licet
960 1900 1020 1946 noa
1038 1899 1089 1945 ex·
1175 1891 1366 1946 aramentum
1383 1881 1454 1944 768.

255 1969 403 2046 33733733
419 1974 491 2029 7333
507 1968 638 2045 Spiritus
653 1967 867 2033 3333733777.
1132 1965 1318 2027 diaconatus
1329 1981 1392 2026 non
1407 1964 1576 2026 includitur
1590 1967 1797 2028 essentialiter
1817 1967 1850 2028 in
1880 1971 1995 2052 333333-

213 2049 278 2111 7733
293 2048 441 2111 honorem
458 2049 580 2111 deterre
595 2050 768 2131 obligamur
789 2050 829 2112 ob
845 2047 994 2110 indniiam
1017 2046 1088 2126 ejus
1174 2053 1281 2117 teratu,
1298 2045 1380 2109 sicut
1395 2046 1626 2125 presbyteratus
1640 2050 1671 2109 io
1684 2049 1869 2128 episcopatu
1879 2050 1962 2114 ibid.

256 2131 464 2208 nrajestatcm,
481 2130 684 2196 obodensam
701 2135 731 2195 in
749 2132 849 2210 ipsum
877 2131 1089 2201 commissam,
1132 2128 1319 2190 diaconatus
1345 2128 1444 2190 semel
1469 2136 1638 2205 acceptus,
1663 2147 1830 2208 numquam
1857 2133 1995 2196 amittitur

255 2213 295 2273 oh
311 2211 500 2276 333303733
516 2220 677 2292 acceptum
702 2222 733 2277 et
748 2213 788 2278 oh
799 2211 953 2275 heneiieia
965 2215 1088 2292 sperata
1171 2209 1255 2274 7370.

255 2293 328 2355 773.
1131 2291 1319 2353 diaconatus
1333 2290 1473 2366 materia,
1489 2296 1537 2354 337
1551 2292 1673 2354 73307773
1683 2291 1754 2355 libri
1767 2297 1993 2374 evangeliorum

215 2375 280 2437 deo
297 2374 462 2455 insignum
479 2373 661 2440 humilitatis
690 2384 720 2438 et
742 2375 934 2440 reverentiae
957 2375 1087 2438 inclina·
1173 2371 1245 2435 739.
1261 2373 1334 2436 770.

260 2462 309 2519 733
325 2463 428 2533 33337,
446 2463 477 2518 37
491 2474 592 2536 genua
610 2458 809 2522 incurvantur
823 2453 895 2518 333.
1132 2452 1319 2517 diaconatus
1335 2471 1373 2514 an
1389 2453 1430 2515 sit
1443 2469 1548 2516 aarum
1565 2463 1792 2518 sacramentum
1808 2456 1897 2521 7370.

214 2537 292 2608 deo,
309 2540 432 2618 quoties
447 2538 566 2602 dicotur
586 2541 619 2602 in
645 2541 825 2620 Scriptura,
842 2539 997 2602 Memento
1012 2537 1086 2601 337.
1131 2534 1319 2599 8330733337
1336 2540 1478 2615 33733337
1491 2535 1625 2599 33073337
1642 2555 1658 2597 3
1673 2539 1929 2617 chorepiscopis,
1946 2541 1997 2601 itii<

256 2619 329 2684 338.
350 2627 360 2648 “
454 2669 456 2674 ,
1173 2619 1330 2685 370377337.
1347 2618 1399 2696 337
1413 2624 1500 2679 erant
1514 2622 1577 2680 3337
1594 2620 1748 2698 33733337.
1764 2636 1826 2684 333
1851 2628 1959 2686 autem
1972 2626 1998 2684 it·

213 2700 278 2763 deo
293 2702 387 2763 naulta
403 2699 504 2763 303337
521 2701 666 2766 07333733
680 2703 710 2766 73
727 2703 897 2782 Scriptura.
921 2719 1001 2782 quac
1022 2711 1085 2764 uon
1175 2699 1217 2762 lis
1231 2700 1285 2778 qui
1300 2705 1388 2760 orant
1401 2705 1516 2760 tantum
1535 2700 1704 2778 presbyteri
1721 2701 1795 2765 777.

208 2825 210 2830 -
256 2789 388 2861 3333337
402 2783 463 2845 0737
477 2783 540 2846 3773
556 2785 648 2848 modo
665 2784 814 2848 3333777373
830 2784 902 2846 773.
1131 2781 1317 2859 subdiaconi
1334 2779 1360 2841 si
1377 2795 1489 2843 uxores
1503 2781 1658 2857 duxerint,
1682 2783 1713 2844 in
1739 2786 1945 2850 monasteriis
1964 2788 2001 2848 in·

212 2863 312 2926 dcam
328 2881 399 2927 esse
416 2865 595 2939 colendum,
613 2883 684 2930 3333
700 2868 905 2930 invocandum
921 2911 929 2938 ,
947 2880 1018 2928 esse
1041 2864 1087 2926 illi
1172 2863 1258 2924 cludi
1271 2863 1420 2943 jubentur
1432 2860 1505 2925 837.

253 2945 403 3008 333373373
420 2947 586 3008 037333303
616 2956 645 3009 37
661 2949 771 3010 similia
786 2966 794 3023 3
812 2965 890 3023 quaa
915 2947 946 3008 in
969 2961 1086 3024 genere
1130 2943 1318 3008 subdiaconi
1335 2945 1584 3006 conministrum
1599 2945 2003 3025 eucharistiamncqueta·

253 3028 336 3106 apud
353 3043 463 3090 omnes
478 3035 562 3101 sunt,
579 3035 610 3089 et
629 3045 755 3108 semper
769 3029 893 3092 luerunt
908 3029 1031 3105 eadem,
1049 3044 1086 3091 ex
1112 3101 1115 3109 ¹
1170 3041 1242 3088 cere
1257 3031 1389 3105 possunt
1403 3041 1483 3100 quae
1498 3025 1642 3104 diaconi3
1660 3043 1720 3090 non
1747 3031 1912 3106 pertinent
1938 3049 2001 3110 pro

254 3109 337 3171 bono
354 3117 479 3171 naturae
495 3116 567 3171 sunt
578 3110 651 3173 377.
1171 3108 1291 3187 337330
1307 3107 1523 3181 hierarchiam,
1541 3123 1644 3184 nequa
1659 3125 1767 3175 eurum
1781 3111 1945 3176 ordinatio
1957 3117 2003 3177 hr-

211 3191 247 3251 ln
265 3192 327 3251 deo
344 3197 406 3252 tres
422 3206 573 3269 personae
590 3192 661 3253 727.
1170 3188 1224 3251 337
1239 3207 1348 3253 manus
1363 3191 1592 3267 impositionem
1609 3189 1681 3253 777.

211 3273 259 3335 hd
274 3273 369 3334 deum
387 3272 643 3352 accedensque
661 3272 775 3335 033337
789 3274 894 3336 dicere
920 3274 991 3336 777.
1010 3273 1082 3337 778.
1128 3270 1393 3334 Suhdiaconorum
1406 3272 1483 3333 ordo
1498 3273 1623 3350 quando
1641 3272 1800 3337 institutus
1815 3274 1893 3339 777.

210 3352 387 3415 0703333773
403 3354 483 3416 73733
497 3355 710 3425 instrumenta,
727 3354 841 3434 quibus
854 3356 947 3419 utitur
957 3355 1042 3419 deus
1054 3364 1090 3419 et·
1129 3353 1375 3416 subdiaconatus
1389 3370 1427 3414 33
1442 3352 1483 3415 377
1497 3361 1721 3418 sacramentum
1736 3356 1821 3419 7370.

253 3434 368 3512 quihus
383 3440 512 3497 utuntur
523 3436 668 3499 homines
683 3437 753 3499 703.
1130 3433 1378 3499 Suhdiacuuatos
1413 3450 1452 3495 an
1478 3435 1638 3512 imprimat
1666 3437 1894 3501 characterem.
1929 3440 2002 3501 77333

211 3515 296 3578 deus
312 3516 459 3579 hlahozim
476 3519 547 3594 3373
563 3517 600 3579 sit
617 3518 688 3583 739.
706 3518 835 3581 coiit.
1172 3516 1266 3579 hahet
1302 3532 1456 3579 annerum
1485 3518 1626 3580 solamne
1655 3526 1758 3581 notum
1789 3522 2003 3583 continentiae

211 3596 369 3661 diaconus
385 3600 464 3677 apud
479 3598 612 3662 Graecos
624 3600 759 3663 ostendit
770 3601 885 3677 populo
897 3598 997 3663 oblata
1011 3615 1085 3663 con·
1173 3598 1255 3660 thid

252 3680 340 3741 77333
356 3687 427 3759 3337
443 3683 709 3745 consecrationem
725 3680 797 3743 723.
810 3681 884 3744 727.
1131 3678 1379 3742 subdiaconatus
1395 3678 1467 3740 olim
1484 3677 1557 3741 lieet
1572 3687 1657 3743 esset
1671 3688 1926 3745 sacramentum:
1951 3700 2002 3743 333

210 3760 368 3824 diaconus
384 3762 415 3823 in
431 3762 564 3840 liturgiis
580 3763 777 3839 Graecorum,
793 3769 957 3841 postquam
973 3763 1085 3825 elama-
1173 3768 1273 3823 tamen
1290 3761 1350 3824 dici
1366 3765 1486 3841 poterat
1498 3762 1575 3823 3303
1589 3777 1693 3839 secer,
1709 3765 1777 3840 quia
1792 3765 2001 3838 subdiaconis

254 3850 339 3905 33337
354 3849 457 3905 333373
475 3845 603 3921 sanetis,
619 3843 804 3908 arcebantur
818 3844 1034 3909 catechumeni
1055 3850 1085 3906 et
1171 3858 1234 3905 non
1249 3842 1363 3905 licebat
1377 3848 1503 3921 tangere
1518 3860 1604 3905 sacra
1620 3860 1809 3923 rasa,ueque
1824 3863 1868 3907 cx
1882 3847 2004 3908 subdia·

253 3930 435 4002 peccatores
450 3924 521 3987 387.
1171 3923 1261 3986 33373
1275 3923 1347 4001 eligi
1363 3930 1505 4003 poteraut
1520 3926 1671 4005 episcopi,
1689 3944 1771 3989 uuae
1784 3934 1966 4007 utrumque
1977 3930 2005 3988 il·

212 4002 340 4068 diaconi
357 4007 395 4068 ab
412 4023 468 4068 usu
484 4008 572 4068 albae
588 4008 792 4086 prohihentur
803 4008 875 4071 332.
933 4062 936 4067 .
1170 4005 1209 4067 773
1223 4021 1409 4069 concessum
1425 4009 1473 4069 est
1486 4005 1569 4069 7370.

200 4084 347 4165 ,diaconi
363 4088 535 4151 dalmaticis
549 4090 591 4150 uti
604 4090 707 4151 solent
718 4088 801 4153 ibic.
1129 4088 1202 4150 dies
1217 4087 1299 4149 testi.
1316 4086 1393 4151 Vide
1409 4106 1437 4150 3.
1454 4087 1535 4149 Festi
1551 4089 1632 4153 dies.

211 4166 339 4231 diaconi
357 4170 439 4231 soliti
454 4175 540 4234 cruat
556 4186 669 4233 canere
685 4170 879 4250 evangelium
896 4184 934 4233 ex
958 4172 1028 4235 loeo
1042 4170 1085 4232 al·
1129 4169 1272 4231 dilectio.
1288 4167 1367 4244 ¹Vide
1381 4186 1409 4233 3.
1427 4171 1531 4232 Amor.

254 4250 332 4313 tiore
347 4248 420 4313 330.
437 4250 509 4313 337.
1130 4250 1260 4313 07133773
1275 4249 1330 4312 037
1344 4254 1557 4327 superomnia
1573 4268 1612 4315 ex
1627 4250 1819 4314 naturalibus
1832 4250 1951 4317 rirbus
1961 4254 2007 4313 ba·

210 4329 341 4394 diaconi
358 4333 489 4394 ordinati
507 4332 544 4394 ab
560 4333 709 4410 apostolis
725 4330 796 4399 733.
811 4334 882 4397 739.
901 4333 973 4397 770.
1170 4332 1236 4394 3337
1254 4347 1315 4393 333
1333 4337 1435 4410 337337
1449 4330 1524 4394 393.

210 4412 338 4475 diaconi
356 4415 387 4475 in
403 4413 541 4476 absentia
554 4415 772 4493 episcoporum
796 4423 928 4493 possunt
951 4413 1085 4494 baptiza·
1129 4412 1260 4477 dilectio
1275 4413 1331 4475 dei
1346 4413 1557 4493 3333333373
1574 4414 1678 4475 ultima
1700 4420 1750 4477 est
1774 4412 1955 4493 dispositio
1976 4416 2006 4475 at

253 4510 299 4567 re,
316 4494 540 4559 Eucharistiam
556 4497 643 4572 dare,
659 4497 863 4560 reconciliare
888 4498 1085 4577 poenitentes
1170 4495 1300 4575 gratiam
1328 4502 1358 4556 et
1373 4494 1492 4574 peccati
1516 4497 1756 4567 remissionem,
1784 4501 1815 4556 et
1838 4505 2007 4574 33337333Ι

254 4575 412 4653 33377333,
429 4577 620 4655 3333073333,
638 4584 668 4639 37
682 4577 745 4641 7333
761 4580 864 4643 omnia
877 4594 1007 4642 munera
1019 4577 1085 4655 epi·
1172 4583 1287 4639 tautum
1303 4583 1351 4639 est
1365 4577 1451 4656 prior
1461 4581 1613 4649 naturaei
1624 4576 1709 4639 nullo
1724 4582 1843 4656 puncto
1856 4585 2008 4657 lempna-1

251 4672 417 4734 scoparum
451 4663 481 4719 et
496 4659 747 4739 presbyterorum
764 4661 795 4723 in
812 4675 919 4725 eorum
942 4658 1082 4723 absentia
1170 4658 1297 4736 gratiam
1313 4658 1471 4736 praecedit
1483 4656 1557 4719 373.

251 4752 397 4801 exercerc
412 4736 485 4801 739.
503 4740 575 4801 770.
1129 4739 1260 4803 07733773
1275 4739 1330 4801 037
1346 4754 1382 4800 ex
1399 4745 1460 4801 toto
1476 4737 1656 4802 33303678.
1672 4738 1744 4801 379.
1758 4738 1833 4800 337.

212 4816 344 4883 0733337
357 4821 395 4882 ad
412 4821 614 4884 hierarchiam
630 4821 796 4901 pertinent,
810 4828 841 4886 et
855 4822 981 4903 pupulis
995 4838 1084 4901 prae·
1128 4820 1300 4902 diligentes
1315 4820 1413 4884 deum
1428 4838 1466 4883 ea
1481 4820 1661 4893 totocorde,
1678 4823 1746 4881 sine
1761 4820 1826 4881 ulla
1843 4836 1945 4883 mora
1969 4839 2008 4881 sa·

250 4916 323 4964 3333
338 4902 495 4978 dicuntur,
509 4920 569 4967 una
583 4920 652 4969 oum
669 4905 827 4985 episcopis
839 4912 870 4968 ct
890 4904 1083 4986 preshyteris
1141 4919 1148 4928 ’
1170 4905 1249 4965 niam
1266 4911 1464 4981 peccatorum
1478 4908 1712 4980 consequuntur
1726 4899 1800 4963 378.
1827 4902 1914 4965 oto.
1944 4904 2007 4963 637.

249 4983 331 5045 ibid.
1127 4982 1257 5047 dilectio
1286 5000 1397 5065 magna
1421 5000 1532 5047 caussa
1557 4990 1606 5046 est
1631 5000 1761 5064 maguae
1786 4983 2007 5065 indulgentia

209 5062 337 5127 diaconi
353 5064 443 5143 primi
460 5081 497 5129 er
512 5066 676 5131 occasione
699 5066 830 5132 ordinati
856 5068 1000 5141 7333337,
1024 5066 1080 5129 330
1168 5066 1240 5129 637.

247 5162 310 5207 333
327 5162 365 5209 en
380 5148 544 5211 occasione
559 5149 704 5211 inuentus
730 5156 778 5213 est
791 5150 867 5213 3303
879 5150 1080 5215 diaconorum
1126 5148 1257 5209 dilectio
1272 5152 1375 5213 nostra
1392 5148 1421 5209 iu
1439 5147 1534 5209 deum
1554 5192 1561 5214 .
1584 5146 1794 5207 mandatorum
1825 5145 2006 5208 observa?

249 5226 326 5295 739.
340 5227 410 5291 773.
1167 5235 1198 5291 37
1210 5230 1335 5291 07733773
1350 5229 1484 5308 perlecta
1496 5228 1551 5290 dei
1564 5228 1594 5289 in
1608 5245 1664 5291 nos
1677 5243 1757 5306 3333
1770 5228 2001 5290 beatitudinea

207 5307 334 5372 diaconi
353 5326 413 5373 nou
430 5310 553 5373 luerunt
579 5316 717 5387 tempore
742 5314 951 5392 apostolorum
978 5313 1079 5376 solum
1167 5311 1297 5384 3337337,
1315 5319 1385 5372 3337
1401 5317 1463 5371 7333
1478 5311 1592 5388 gradus
1606 5310 1709 5372 statuti
1724 5326 1741 5369 a
1757 5308 1902 5371 domino
1915 5312 1957 5371 ad
1975 5328 2007 5367 a:-

249 5392 380 5453 ministri
394 5407 569 5454 mensarum
582 5392 664 5456 7370.
1165 5398 1224 5455 733
1240 5400 1396 5456 aeternam
1411 5392 1493 5455 ibid.

208 5468 335 5533 diaconi
352 5474 390 5535 ab
406 5474 629 5553 antiquissimis
645 5475 835 5555 temporibus
851 5482 923 5539 sunt
944 5472 1079 5539 ministri
1121 5471 1252 5536 dilectio
1266 5473 1456 5554 imperiecta,
1474 5490 1564 5552 quam
1580 5471 1856 5535 habeuthomines
1872 5480 1957 5533 3373
1971 5488 2006 5532 3·

256 5553 360 5615 3173373
373 5554 456 5617 7370.
1164 5556 1345 5619 missionem
1362 5562 1570 5635 peccaturum,
1586 5555 1786 5633 distinguitur
1800 5571 1817 5613 a
1834 5570 1920 5616 3333
1938 5557 2004 5615 aba·

210 5628 336 5697 diaconi
352 5637 442 5713 33737
455 5635 651 5701 [3333377333
663 5639 793 5702 ordinati
807 5638 843 5703 ad
858 5639 1006 5718 quaedam
1019 5638 1075 5700 mi·
1162 5639 1261 5716 ritate,
1280 5654 1336 5718 per
1350 5655 1442 5719 quam
1457 5644 1616 5705 serrantur
1651 5637 1753 5699 omnia
1780 5636 1942 5700 mandata
1961 5688 1967 5699 .
1989 5651 2001 5694 a
