4084 6275
824 351 919 412 tttttiti
939 351 1084 422 Quintus
1598 347 1602 352 ’
1716 341 1770 411 tos

17 511 18 520 ι
88 481 199 558 petratio
214 481 316 562 inepta
333 483 373 546 sit
388 497 518 548 necesse
533 493 591 562 est,
621 494 651 551 et
667 501 827 567 perperam
851 486 889 548 ab
905 489 943 550 A·
988 506 1055 552 aras
1070 489 1222 552 idolorum
1238 491 1447 558 discumbere.
1460 488 1540 568 Quid
1555 487 1648 560 coito,
1659 502 1785 566 bultio,
1802 493 1850 550 ⁰⁵¹

86 564 203 644 postula
218 565 397 637 abductast
414 566 603 633 Eucharistia
614 587 675 634 non
698 577 745 633 ost
759 569 941 634 sacrificium
988 573 1070 652 quod
1082 574 1123 634 alt
1136 574 1299 650 Apostolus
1313 580 1342 638 l.
1370 575 1507 641 Corinth.
1535 571 1567 633 ll.
1591 570 1627 632 st
1641 571 1713 651 quis
1732 573 1852 634 uiderit

86 648 147 710 ileo
163 648 360 720 immolatum,
376 650 456 712 sicut
469 651 529 714 cibi
545 655 590 715 illi
613 652 796 716 ludaeorum
819 654 849 714 et
869 669 942 732 pen·
988 672 1073 729 cam,
1086 657 1144 735 qui
1154 654 1671 734 moetsciemmmrecambemcm
1682 655 1852 716 irridetis?

86 732 180 792 lilium
194 737 265 792 sunt
281 731 428 793 sacrillcia
441 732 517 810 lleo,
536 738 581 798 rel
594 735 685 798 idolis
701 737 866 799 immolata.
988 741 1062 816 quid
1079 740 1161 801 enlm
1177 747 1225 802 est
1238 743 1366 806 idulium
1383 743 1443 806 nist
1458 741 1546 802 locus
1561 737 1612 798 ubi
1636 743 1684 798 εει
1705 735 1852 799 idolum?

124 813 258 874 Tertium
274 821 486 893 argumentum
515 819 645 880 sumitur
666 835 701 880 er
718 819 944 898 comparatione
989 822 1092 897 Accua
1106 823 1206 886 obstat
1219 828 1299 904 quod
1315 826 1396 888 idem
1413 824 1523 885 Paulus
1550 819 1626 882 dicit
1654 818 1683 880 l.
1709 817 1778 882 Coi.
1797 816 1848 879 td.

84 896 249 966 societatis,
263 913 353 975 quarn
370 898 520 960 babemus
532 917 600 962 cum
617 901 681 962 lieo
704 919 758 978 per
780 901 944 962 manduea-
989 903 1109 984 Siquis
1122 911 1215 969 cocat
1227 924 1282 969 aas
1295 908 1490 986 infidelium,
1507 909 1536 966 et
1559 903 1655 965 uultis
1678 902 1737 974 ire,
1755 916 1851 963 omae

84 979 196 1038 tionem
213 978 434 1054 Eucharistiae,
448 998 516 1042 cum
529 984 674 1046 societate
686 1001 775 1062 qrraur
792 984 945 1045 habebant
989 988 1078 1066 qaod
1090 990 1178 1051 uubis
1192 993 1381 1069 oppomtur,
1403 989 1611 1061 manducate·
1632 985 1746 1063 siquis
1758 986 1850 1046 slime-

85 1059 216 1140 gontiles
231 1077 300 1123 cunr
316 1063 408 1125 idolis
421 1079 475 1142 per
503 1067 767 1128 manducationem
794 1067 945 1146 idolotby·
987 1071 1042 1140 rit,
1058 1069 1334 1134 Hoeimmolalum
1349 1080 1392 1135 est
1411 1120 1417 1146 ,
1442 1071 1540 1134 nolite
1555 1065 1766 1130 ‘munducare
1790 1071 1849 1128 etc.

84 1151 195 1204 turum.
211 1143 319 1205 Paulus
335 1147 416 1205 enirn
430 1145 520 1208 docet
535 1163 600 1220 eos,
615 1151 665 1228 qui
683 1151 865 1210 manducant
881 1139 943 1209 ido·
988 1152 1060 1214 llam
1076 1160 1239 1234 utrumque
1254 1164 1301 1217 est
1315 1171 1441 1220 rerum.
1468 1151 1607 1215 solebant
1621 1147 1735 1228 quippe
1751 1149 1850 1226 genti·

83 1225 195 1304 lothyta
219 1227 258 1287 ita
271 1227 416 1308 conjungi
432 1245 501 1289 oum
518 1231 620 1303 idolis,
637 1236 670 1294 ul
685 1231 943 1294 censeanturveri
988 1235 1047 1309 les,
1062 1242 1092 1295 ει
1106 1237 1143 1296 ad
1160 1253 1226 1298 aras
1243 1237 1393 1299 idolorum
1423 1233 1630 1300 discumbere,
1656 1240 1686 1292 et
1707 1232 1796 1292 etiam
1812 1232 1853 1293 de

83 1308 273 1383 idololatrae,
290 1311 361 1370 ideo
377 1327 509 1388 namque
535 1313 620 1374 initio
649 1313 735 1374 dixit:
765 1313 877 1393 Eupile
902 1312 943 1374 ab
987 1320 1128 1397 reliquiis
1154 1321 1375 1382 immolatorum
1405 1320 1487 1382 dorni
1519 1331 1593 1378 suae
1618 1309 1850 1391 conririum'in·

84 1391 251 1454 idolorum
275 1393 415 1454 cultura.
433 1392 529 1454 lltitur
544 1396 636 1473 igilur
658 1397 717 1458 hoc
738 1402 919 1474 argumento
933 1415 942 1471 3
988 1410 1120 1464 struere.
1135 1401 1233 1474 Quare
1248 1404 1328 1464 male
1344 1408 1486 1483 proponit
1500 1397 1672 1461 llemnitius
1696 1397 1852 1473 quaestio·

83 1473 136 1546 Qui
154 1475 315 1535 manducat
330 1476 507 1556 ldolothyta,
521 1476 552 1538 ttt
568 1479 720 1554 particeps
733 1479 835 1540 altaris
849 1479 945 1539 idolo·
990 1501 1062 1546 nem
1084 1485 1234 1563 Apostoli.
1251 1485 1322 1548 llam
1340 1487 1397 1549 etsi
1415 1501 1475 1546 non
1497 1489 1562 1545 erat
1586 1478 1737 1559 quaestio,
1761 1495 1800 1540 an
1817 1479 1853 1540 li·

82 1560 464 1634 rum1erguconsentitin
486 1561 668 1621 sacrillclum
685 1561 945 1628 idolorumimmo
989 1569 1177 1629 cerelidulls
1190 1568 1376 1630 sacrillcare:
1394 1577 1492 1628 tamen
1522 1581 1580 1626 saec
1602 1567 1667 1622 erut
1687 1561 1850 1640 quaestio,

81 1637 112 1698 m
133 1641 239 1699 socius
255 1639 475 1702 immolantium
492 1641 594 1704 idolis.
610 1643 688 1720 Ergo
712 1643 944 1718 astronomum
990 1668 1029 1711 an
1052 1651 1160 1712 liceret
1173 1651 1204 1712 in
1221 1653 1369 1714 conviciis
1384 1651 1543 1732 gentilium
1566 1647 1730 1718 interesse3
1746 1643 1801 1704 sed
1814 1659 1852 1704 au

81 1719 264 1782 sacrillcium
278 1724 359 1784 enirn
376 1730 422 1784 est
434 1725 578 1803 proprius
594 1733 680 1787 actus
698 1727 814 1788 latriae.
842 1725 942 1799 Quare
990 1733 1099 1794 liceret
1113 1736 1194 1794 resci
1210 1733 1400 1816 idolothytis,
1416 1741 1447 1795 et
1462 1727 1642 1811 praesertim
1656 1729 1687 1787 in
1700 1725 1806 1786 idolio:
1823 1732 1855 1787 ει

82 1805 106 1862 si
122 1810 189 1881 apta
204 1809 252 1865 est
267 1803 350 1866 Pauli
365 1808 564 1885 comparatio,
581 1809 733 1888 oportebit
758 1810 847 1870 etiam
864 1809 945 1870 circa
991 1815 1104 1877 Paulus
1126 1817 1333 1896 nepstlicere,
1347 1815 1417 1895 puio
1432 1817 1493 1877 hoc
1507 1817 1556 1876 cst
1567 1813 1685 1873 socium
1700 1807 1766 1869 deri
1781 1807 1853 1880 dap·

85 1885 304 1947 Eucharistiam
319 1887 359 1948 ita
373 1891 590 1966 argumentari:
622 1891 678 1964 Qui
705 1891 867 1954 manducat
888 1891 945 1953 Eu·
990 1900 1188 1972 munierum,
1219 1905 1249 1962 el
1273 1899 1501 1980 interpretatlre
1527 1891 1701 1958 sacrificare
1726 1891 1852 1952 daemo-

83 1969 268 2040 charlstium,
286 1969 319 2030 tlt
333 1973 489 2050 particeps
504 1973 609 2035 altaris
634 1974 767 2044 Domini,
784 1989 858 2053 ergo
873 1990 945 2034 con·
991 1982 1096 2044 nibus.

84 2053 174 2112 sentit
190 2054 221 2112 in
235 2052 421 2115 oblationem
438 2053 649 2118 Eucharistiae
664 2057 730 2118 lieo
743 2057 864 2129 iactam,
889 2059 944 2114 im·
1032 2065 1147 2125 peina,
1163 2065 1283 2126 erjpmsp
1300 2081 1360 2127 no„
1373 2060 1609 2126 consuevissent
1622 2054 1755 2134 gentiles
1770 2053 1807 2115 „a
1822 2069 1854 2114 ῃ.

84 2150 132 2194 mo
154 2133 186 2194 llt
207 2136 315 2196 socius
336 2149 402 2197 earn
430 2135 645 2216 offerentium3
669 2155 742 2220 ergo
771 2139 868 2202 ileum
890 2139 946 2201 bac
988 2163 1040 2209 ras
1055 2148 1206 2210 idolorum
1222 2148 1428 2218 discumbere,
1446 2151 1478 2205 ιιι
1491 2142 1568 2204 laiso
1580 2139 1654 2203 dicit
1668 2137 1853 2209 llemnitius,

87 2216 242 2277 oblatione
257 2217 342 2279 cultu
358 2218 464 2280 latriae
480 2220 619 2281 honorat.
990 2237 1092 2292 tamea
1108 2248 1212 2292 mensa
1228 2231 1470 2300 daemoniorum,
1488 2226 1537 2288 aui
1559 2226 1852 2300 comparaturmeo·

123 2299 167 2359 Ad
184 2299 262 2362 haec
275 2307 452 2378 argumenta
469 2303 636 2380 respondet
663 2303 837 2367 Kemnitius
867 2305 896 2364 io
913 2305 945 2366 2.
991 2329 1024 2374 sa
1041 2313 1172 2388 bomini,
1189 2312 1288 2375 adbuc
1304 2314 1398 2376 altare
1413 2315 1528 2390 ipsura,
1545 2321 1604 2367 aron
1617 2319 1755 2364 mensam
1771 2310 1854 2364 cotn-

16 2403 18 2442 t
84 2382 707 2462 parteexaminispag.ldl.AcPrimum
722 2388 948 2449 mereamim·
993 2394 1510 2474 murnemsignillcarel.Apostolus
1531 2390 1613 2450 enlm
1642 2385 1695 2447 ubl
1718 2399 1856 2449 mensum

16 2499 18 2526 t
83 2465 236 2540 pudenter
250 2465 428 2538 admodum,
445 2473 476 2527 ει
488 2469 659 2532 scurriliter
683 2469 714 2530 in
730 2485 763 2531 re
786 2475 846 2530 tam
862 2486 950 2532 sacra
992 2479 1222 2541 deramoniornm
1239 2481 1387 2551 nominat,
1398 2493 1458 2538 non
1474 2469 1656 2554 loquiturde
1669 2478 1786 2542 mensa,
1802 2467 1856 2528 ubi

16 2573 17 2610 t
82 2561 115 2608 sc
130 2547 220 2624 perit:
238 2549 290 2612 Eae
305 2547 517 2623 ethericorum,
534 2549 644 2627 inquit,
659 2552 843 2629 sacrifieiis,
862 2567 948 2632 quac
992 2561 1225 2634 comedebatur,
1247 2562 1358 2623 sedda
1380 2573 1498 2621 mense.
1514 2554 1567 2617 ubi
1582 2550 1807 2619 immolabatur,
1824 2556 1856 2610 ct
1883 2570 1886 2576 ¹

16 2653 18 2680 ι
83 2629 266 2693 daemoniis
288 2629 489 2712 offerrentur,
517 2633 708 2711 deploratae
732 2637 852 2697 missac
868 2649 950 2696 suae
991 2644 1075 2705 unde
1090 2642 1151 2703 eibi
1166 2641 1315 2705 immolati
1329 2644 1367 2704 ad
1382 2655 1523 2704 mensam
1545 2649 1740 2698 communem
1768 2632 1855 2694 dete·

16 2741 17 2770 ι
81 2711 265 2774 subsidium
280 2729 442 2778 accersere
455 2729 524 2777 aaa
537 2721 701 2780 vereatur:
712 2731 782 2781 nan
795 2717 949 2781 dissimili
991 2726 1147 2796 rebantur,
1161 2733 1194 2787 ut
1209 2725 1370 2787 muniteste
1385 2731 1469 2801 patet
1482 2739 1519 2784 ειι
1534 2717 1699 2782 collatione
1727 2731 1796 2777 cum
1812 2717 1855 2776 at·

16 2813 18 2836 ι
81 2795 222 2869 ratione,
237 2796 321 2859 sicat
339 2797 396 2859 ille
407 2799 500 2877 apud
519 2799 696 2880 l’irpa'lium,
712 2800 824 2881 inquit:
991 2810 1046 2868 tari
1067 2807 1267 2870 ludaeorum:
1286 2809 1403 2875 Videte,
1419 2805 1529 2884 anquis,
1551 2800 1654 2884 lsrael
1672 2799 1855 2860 secuudum

991 2902 1250 2960 comemmorans
1260 2891 1319 2972 qui
1332 2893 1433 2953 edam
1446 2887 1579 2960 hostius,
1593 2882 1767 2963 participes
1781 2885 1858 2943 suoi

229 2981 280 3035 Vos
298 2980 368 3038 milti
380 2983 475 3038 llanas
992 2975 1128 3036 allatis?

190 3052 255 3108 Este
267 3051 342 3123 boni,
357 3055 490 3124 quoniam
502 3057 611 3127 raperis
623 3071 723 3115 auerso
733 3058 873 3116 noluntas.
1034 3055 1151 3118 brinate
1162 3054 1243 3116 idem
1256 3053 1412 3134 colligitur
1422 3069 1460 3115 ex
1471 3065 1520 3123 eo,
1531 3046 1613 3125 cuod
1624 3044 1789 3140 Apostolus
1804 3059 1855 3104 ro·

992 3146 1042 3201 cat
1057 3156 1195 3201 mensam
1207 3140 1366 3217 gentilium
1382 3145 1521 3199 mensum
1535 3133 1781 3221 daemoniorum:
1807 3142 1859 3187 ro·

17 3248 18 3259 ¹
83 3217 165 3279 llaec
181 3216 246 3279 ille:
264 3232 321 3279 nec
337 3220 550 3284 animadvertit
573 3222 686 3302 impius
708 3225 895 3299 haereticus,
913 3241 948 3290 se
992 3222 1217 3283 catenimeom
1233 3237 1370 3283 mensam
1397 3216 1655 3285 daemoniorum,
1684 3224 1858 3289 qurasacru

84 3300 143 3364 hoc
157 3302 249 3362 modo
265 3302 443 3378 Apostolum
460 3306 560 3382 ipsum
574 3306 713 3377 irridere,
729 3307 838 3385 illique
853 3308 947 3370 insul·
992 3311 1058 3367 erat
1071 3303 1254 3365 daemoniis.
1271 3303 1335 3366 lion
1353 3302 1434 3365 enirn
1450 3304 1572 3361 rocarct
1583 3309 1720 3390 mensem
1735 3294 1857 3361 daemo-

17 3402 18 3415 ι
85 3391 157 3444 ιειε.
176 3382 206 3445 Si
222 3385 305 3445 eninr
320 3400 378 3447 nos
403 3403 419 3445 a
441 3385 658 3452 bttsttanibus
670 3404 834 3452 censemur
847 3391 948 3453 subsi·
993 3386 1127 3457 nicrum,
1140 3402 1277 3448 mensam
1294 3398 1492 3447 communem
1507 3380 1669 3459 gentilium
1686 3423 1695 3447 ,
1711 3376 1855 3452 adquam

84 3466 165 3526 dium
182 3472 298 3545 petere,
315 3467 384 3543 quia
402 3468 567 3543 probamus
585 3472 768 3534 sacrificium
785 3472 898 3534 missae
912 3490 949 3535 ex
992 3470 1189 3549 permittebat
1216 3470 1308 3531 etiam
1324 3466 1479 3529 -lldelthus
1506 3463 1671 3524 accedere.
1700 3458 1860 3537 Bructerae

85 3550 309 3626 comparatione
326 3548 536 3613 Eucharistiae
551 3553 587 3612 ad
603 3554 752 3616 sacrillcia
769 3556 942 3633 gentillum:
991 3566 1055 3613 non
1067 3558 1259 3631 compararet
1279 3566 1406 3613 mensae
1431 3544 1554 3609 Domini
1583 3544 1610 3605 si
1626 3540 1858 3637 loquereturde

87 3630 180 3691 multu
197 3630 293 3711 magis
308 3630 420 3695 Paulus
435 3634 616 3697 censebitur
631 3654 645 3697 a
663 3638 726 3699 lliis
741 3636 881 3700 Manibus
893 3656 945 3702 an·
989 3648 1100 3695 measa
1116 3635 1271 3695 communi
1287 3641 1318 3695 et
1329 3631 1498 3711 prophana,
1514 3627 1575 3688 nisi
1589 3624 1663 3687 retu
1680 3622 1859 3683 llenrnrttus

85 3714 188 3775 xillum
204 3715 344 3792 petiisse,
362 3714 413 3795 qui
427 3717 564 3793 probarit
581 3735 641 3781 non
664 3736 735 3782 esse
762 3721 947 3783 manducan·
993 3732 1133 3778 mensam
1148 3716 1269 3778 Domlui
1281 3730 1353 3778 esse
1368 3727 1505 3776 mensam
1529 3722 1723 3772 communem
1746 3710 1776 3766 et
1791 3720 1860 3782 pru·

86 3796 120 3854 da
137 3794 303 3875 idolothyta
319 3812 355 3858 ex
372 3798 480 3861 eadem
496 3802 723 3877 comparatione
739 3802 947 3866 Eucharistiae
993 3802 1138 3879 phanum.
1671 3862 1675 3868 ,

86 3878 120 3939 ad
143 3878 291 3940 sacrificia
309 3878 472 3943 idolorum.
491 3880 549 3945 Sed
572 3884 724 3965 lacessant
750 3887 861 3966 impiae
891 3902 946 3949 nu·
1034 3884 1155 3943 Adhaec
1170 3881 1347 3961 Apostolus,
1363 3896 1433 3941 cum
1448 3877 1774 3967 dehortaturanmensa
1788 3867 1859 3928 due·

86 3976 139 4037 pac
155 3960 200 4021 vel
219 3960 431 4041 blasphemiae
444 3965 557 4041 polius:
584 3982 645 4027 non
669 3968 782 4029 euima
809 3969 872 4031 lliis
886 3968 946 4030 Ala·
991 3966 1178 4034 munierum,
1191 3965 1266 4025 dicii
1279 3978 1419 4025 caussam
1445 3973 1528 4029 este,
1551 3963 1584 4019 ut
1597 3956 1715 4035 ῐῦιιιθῐιῑ
1742 3952 1860 4045 qustum
1927 3995 1929 4000 ·

87 4042 188 4116 nibus,
205 4046 261 4105 sed
278 4062 292 4105 a
310 4045 410 4107 uerbis
440 4047 560 4109 diuinae
576 4048 762 4127 Scripturas.
787 4056 847 4113 eia
864 4068 946 4114 com-
991 4046 1157 4108 idolorum:
1170 4062 1246 4126 erpo
1261 4044 1396 4126 loquitur
1417 4042 1457 4105 de
1478 4056 1598 4112 mettii·
1622 4041 1653 4132 iu
1670 4051 1730 4115 qua
1750 4048 1859 4094 ¹mffl0·

87 4126 240 4203 paratione
255 4128 286 4189 in
302 4126 579 4209 eadcmScripture
596 4132 882 4211 posita,subsidiurn
894 4134 946 4197 lla·
990 4128 1112 4191 labatur
1126 4130 1229 4205 idolis,
1246 4143 1282 4191 ex
1297 4144 1355 4208 qua
1370 4126 1423 4209 qui
1435 4126 1600 4188 sumebant
1613 4119 1732 4190 erbum,
1748 4129 1858 4180 cense-

89 4208 230 4285 pitamus.
994 4211 1313 4277 bantaridololutrue.
1349 4212 1353 4221 '
1643 4286 1648 4299 ι
1730 4279 1766 4293 ..
1837 4279 1843 4290 ,

124 4290 242 4363 Deinde
253 4290 425 4355 liemntttus
439 4293 520 4357 serio
535 4296 714 4374 respondet,
736 4314 772 4360 ac
784 4300 844 4360 duo
861 4298 946 4360 dicit.
1023 4295 1170 4372 'lienique
1185 4296 1267 4357 idem
1283 4293 1395 4355 Paulus
1410 4291 1440 4352 io
1457 4289 1567 4353 eodem
1581 4290 1683 4379 cupite
1707 4282 1782 4379 drctl
1798 4321 1806 4352 ,
1824 4280 1860 4339 b·

87 4370 336 4456 Primamensam
353 4375 598 4453 gentiliumaum
614 4396 672 4458 qua
688 4381 851 4457 Apostolus
863 4397 946 4443 aom-
992 4375 1086 4438 cltum
1099 4393 1169 4439 esse
1184 4378 1228 4440 ire
1239 4377 1277 4439 ed
1292 4390 1417 4439 mensas
1432 4373 1606 4452 gentilium,
1622 4375 1653 4431 et
1673 4366 1717 4428 abr
1731 4363 1860 4457 mandu-

88 4463 168 4531 parat
184 4470 324 4517 mansam
335 4456 468 4529 bomini,
487 4476 547 4522 noo
563 4478 634 4523 esse
656 4464 750 4525 altare
765 4464 916 4525 idolorum
936 4511 944 4538 ‚
992 4476 1063 4521 eure
1074 4461 1254 4541 idolothyta,
1270 4458 1380 4538 siquis
1395 4454 1618 4535 ignoretclbos
1632 4450 1703 4547 illos
1718 4460 1860 4509 esserm·

18 4574 19 4579 κ
88 4538 294 4601 sedmeosam
318 4554 527 4617 communem,
550 4544 656 4623 inqua
687 4546 838 4608 constrari
865 4548 945 4609 sote·
995 4543 1174 4618 molatttios3
1202 4538 1548 4604 cisimuldicitrllca
1571 4538 1702 4615 potestas
1727 4542 1862 4625 mamae

88 4618 168 4684 bant.
183 4622 219 4685 ld
234 4621 362 4699 probat,
379 4624 449 4700 qula
465 4641 525 4685 non
550 4634 614 4687 erat
642 4630 833 4689 consuetudo
849 4630 946 4707 genti·
991 4623 1124 4693 Domitii
1135 4626 1312 4704 participes
1326 4638 1392 4687 esse
1406 4628 1437 4685 et
1451 4636 1584 4683 mensae
1595 4620 1860 4681 daemoniorum-⁶

18 4740 19 4749 ι
89 4702 173 4773 lium,
190 4710 224 4779 ul
235 4704 272 4765 ad
289 4720 356 4766 aras
372 4705 614 4775 discumberent.
629 4712 730 4771 sedat
755 4714 794 4772 de
806 4712 946 4789 reliquiis
993 4724 1067 4785 crgo
1080 4708 1138 4770 nisi
1154 4724 1262 4770 secum
1276 4708 1344 4785 ipse
1356 4710 1473 4785 pugnet
1487 4704 1661 4780 Apostolus,
1678 4711 1741 4759 nou
1756 4698 1859 4772 potest

90 4786 308 4849 immolatorum
322 4786 403 4847 domi
419 4804 493 4849 suae
509 4793 681 4854 crrnririum
703 4795 901 4864 instruerent,
916 4801 946 4856 et
991 4808 1047 4868 per
1061 4806 1199 4852 mensum
1212 4791 1442 4852 daemoniorum
1455 4786 1772 4871 intelligeremcnsam
1785 4792 1859 4854 pen·

91 4868 124 4928 ad
144 4870 216 4933 illud
247 4870 363 4929 amicos
384 4886 457 4933 suos
479 4873 653 4937 inritarcrrt.
679 4876 823 4953 Loquitur
848 4882 947 4938 autem
994 4872 1104 4947 tilium,
1121 4873 1175 4936 ubi
1190 4875 1291 4935 solum
1314 4872 1509 4933 materialiter
1537 4868 1742 4929 comeduntur
1762 4860 1859 4951 adolo-

91 4948 120 5009 b.
142 4950 251 5015 Paulus
266 4953 304 5013 da
321 4967 438 5021 menso.
458 4955 486 5015 in
501 4973 559 5035 qua
586 4958 827 5020 comedebantur
852 4960 949 5023 idolo·
995 4956 1090 5035 thyla.
1107 4956 1193 5030 Quod
1209 4954 1491 5019 uutemllemultius
1506 4951 1580 5012 dicit
1592 4946 1769 5027 Apostolum
1784 4957 1861 5035 serr·

90 5032 177 5111 thytar
196 5051 269 5114 erpo
287 5050 345 5095 uon
360 5034 496 5113 loquitur
507 5036 545 5105 de
561 5042 657 5111 altari,
671 5041 726 5103 sed
740 5041 778 5102 de
794 5044 949 5104 communi
994 5038 1083 5108 bere.
1100 5040 1232 5102 liberum
1248 5040 1373 5118 quidem
1387 5051 1469 5108 csse,
1487 5042 1587 5095 tamen
1604 5046 1665 5093 ιιοιι
1680 5038 1861 5099 contenire,

92 5130 201 5178 mensu.
216 5117 373 5191 Praeterea
390 5134 451 5179 non
467 5128 533 5182 erat
547 5124 685 5200 quaestio
701 5124 732 5183 b.
746 5123 841 5193 Pauli,
860 5142 896 5184 ao
914 5125 950 5186 li·
994 5128 1029 5181 ul
1043 5121 1153 5184 lldcles
1165 5123 1256 5183 simul
1268 5134 1396 5183 mensae
1412 5118 1584 5189 llornini,el
1598 5128 1724 5176 mensae
1736 5111 1861 5202 daemo-

92 5206 170 5277 aeret
185 5200 366 5275 ,donatianis
382 5202 462 5277 rtpud
479 5219 546 5264 aras
563 5206 723 5283 gentilium
738 5207 890 5268 interesse
903 5208 949 5285 ip·
995 5203 1115 5263 nicrum
1129 5205 1296 5283 participes
1310 5200 1394 5274 bant,
1411 5200 1667 5262 absurdissimum
1688 5202 1718 5255 et
1732 5191 1861 5254 lalsrssr·

93 5296 189 5343 sorum
206 5280 378 5355 sacrillcils,
398 5289 429 5345 et
443 5284 614 5348 saerllluare
628 5288 849 5364 daemoniis3id
866 5290 949 5353 enlm
994 5302 1079 5347 ruam
1095 5292 1154 5348 est.
1169 5286 1233 5347 tlon
1246 5286 1328 5347 enim
1351 5283 1516 5362 Apostolus
1530 5283 1605 5343 dicit
1626 5280 1757 5341 liberum
1774 5288 1865 5369 esse,

94 5360 265 5428 Christianis
282 5364 475 5427 notissimum
491 5375 565 5430 erat:
583 5370 638 5431 sed
655 5387 691 5431 an
709 5370 815 5431 liceret
843 5371 887 5434 ire
911 5376 947 5433 ad
995 5371 1051 5429 sed
1064 5368 1206 5430 absoluto
1233 5368 1318 5429 dicit:
1348 5366 1416 5429 don
1430 5366 1559 5444 potestis
1579 5376 1712 5427 mameae
1734 5355 1865 5449 Domana

93 5448 406 5528 cuoririapcntitium
424 5449 607 5514 uhicdende
636 5453 949 5533 apponebanturido·
995 5457 1170 5513 etmearae
1184 5448 1619 5530 daemoniorumparricipes
1641 5459 1719 5539 ease.
1734 5439 1861 5534 thmd

19 5540 24 5595 t
94 5526 214 5609 lolltpla.
943 5546 947 5560 ·
994 5533 1160 5597 absurdius
1171 5532 1231 5595 dici
1248 5538 1453 5613 potest,quam
1465 5540 1497 5593 ut
1512 5532 1643 5593 liberum
1659 5535 1699 5590 stt
1713 5523 1859 5617 lldeltbas

19 5637 23 5679 ι
130 5610 209 5675 Ηεεε
223 5612 320 5676 Ριίιιιε
336 5614 449 5677 solutio
465 5615 610 5678 llemnitti
632 5632 738 5697 parum
760 5618 850 5681 ralet.
875 5618 949 5683 llam
995 5632 1122 5680 mensae
1133 5617 1363 5683 daemoniorum
1379 5614 1573 5702 participare,
1582 5621 1613 5676 et
1623 5614 1857 5674 'doemoniorum

19 5722 23 5765 ι
97 5688 127 5752 ln
141 5696 247 5773 primis
262 5696 372 5763 laisum
388 5704 435 5764 ost
461 5714 522 5763 nou
539 5702 740 5767 consuevisse
762 5701 895 5783 gentiles
910 5704 948 5773 ad
994 5701 1098 5765 socios
1113 5699 1199 5768 lieri?
