4084 6275
972 376 1075 433 thuait
1825 380 1879 439 995

131 507 304 571 Satisfactio
319 507 494 572 necessaria
510 509 570 579 est,
588 518 650 567 oon
664 507 695 569 fn
709 509 804 585 prima
817 508 1002 574 remissione
1047 510 1147 589 Opera
1164 514 1265 572 tamen
1280 510 1432 573 laboriosa
1448 522 1612 589 quaecum
1629 510 1683 574 Dei
1697 513 1811 576 auxilio
1839 514 1917 577 flunt

172 598 383 669 peccatorum,
400 607 479 667 qnae
496 588 528 649 frt
542 588 809 667 pchaptismnm‚
826 591 882 653 sed
898 593 929 654 in
951 610 1001 655 se·
1089 590 1153 653 7777
1169 609 1205 653 77
1220 608 1370 671 congruo,
1387 594 1451 655 sive
1474 600 1508 656 ut
1535 594 1757 670 dispositiones
1786 610 1916 659 concur·

171 672 274 733 cunda
289 688 370 750 quae
384 670 420 732 flt
430 688 485 747 pcr
497 669 733 744 Paenitentiam,
751 672 782 734 in
797 689 857 749 qna
870 678 940 751 post
953 690 1003 737 ra·
1087 678 1170 744 runt,
1187 678 1217 735 et
1232 680 1361 752 prosunt
1374 674 1412 735 77
1425 675 1536 753 culpae
1548 675 1763 739 remissionem
1789 682 1819 739 et
1835 692 1917 740 mor·

171 754 297 815 missam
313 754 440 830 culpam
455 760 485 814 et
497 766 628 828 poenam
639 757 809 829 aeternam,
824 760 927 818 manet
937 772 1003 819 rea·
1089 754 1127 817 lis
1141 761 1284 818 aeternae
1299 755 1513 818 liberationem
1532 755 1603 819 737.

177 840 226 896 tus
240 850 359 913 poenae
375 836 556 912 temporalis
572 831 645 895 739.
660 832 732 895 tto.
1379 887 1386 902 .
1474 887 1481 901 .
1586 888 1592 902 .
1627 889 1634 903 .
1709 846 1712 849 “

127 913 303 979 satisfactio
317 923 366 979 est
380 932 475 978 unum
491 930 527 978 ex
550 915 762 978 instrumentis
786 916 933 982 diuinitus
953 920 1000 982 io·
1315 886 1500 965 samfac‘w
1518 886 1645 975 cmii·

170 998 298 1065 stitutis.
313 998 352 1059 nrt
369 1013 500 1071 poenam
516 998 720 1075 temporalem
734 1005 932 1076 pcccatorum
947 1018 1000 1065 cx·
1044 997 1184 1061 Christus
1199 998 1348 1061 satisfecit
1362 1012 1423 1059 non
1437 998 1537 1059 solum
1554 1013 1610 1077 pro
1639 999 1740 1079 otrtpls
1768 1002 1915 1067 omnibus

170 1078 314 1153 piendam
327 1079 401 1141 737.
628 1101 630 1104 ·
1085 1080 1140 1141 777
1157 1080 1248 1143 etiarn
1266 1096 1321 1157 pro
1337 1080 1447 1159 poenis
1462 1078 1535 1141 377.

126 1156 302 1223 Satisfactio
316 1160 442 1239 quaein
457 1162 516 1223 hac
530 1160 589 1223 rita
601 1165 714 1237 sponte
728 1206 736 1235 ,
752 1167 784 1222 77
797 1176 836 1225 ex
850 1164 998 1228 charitate
1044 1160 1154 1224 Christi
1167 1160 1334 1223 satisfactio
1347 1177 1408 1222 non
1424 1160 1534 1221 eodem
1548 1160 1640 1224 nrodo
1665 1163 1755 1226 nohis
1780 1164 1916 1244 applica-

40 1269 41 1311 7
168 1242 349 1320 suscipitur,
366 1243 471 1305 tantia
488 1242 553 1303 lieo
564 1243 753 1316 aestimatur,
770 1249 804 1303 ut
823 1243 926 1307 brevis
941 1248 998 1309 bu·
1050 1312 1056 1317 ,
1084 1248 1133 1305 777
1148 1259 1204 1321 pro
1218 1244 1309 1321 culpa
1322 1242 1463 1320 originali
1478 1248 1508 1304 77
1521 1258 1577 1321 pro
1590 1244 1714 1319 actuali,
1742 1261 1844 1325 neque
1860 1262 1913 1309 eo·

39 1363 42 1393 ,
167 1325 313 1402 justitae
339 1324 447 1397 fabor,
474 1322 564 1386 facite
588 1331 773 1402 compenset
797 1326 998 1406 longissimos
1084 1323 1154 1386 dem
1167 1324 1326 1403 mcdopro
1352 1338 1451 1403 poena
1472 1330 1597 1387 aeterna
1627 1330 1658 1388 et
1679 1328 1912 1406 protemporali

168 1406 326 1467 cruciatus
342 1404 510 1483 purqatortt
523 1404 596 1468 739.
614 1404 687 1466 tto.
1083 1403 1157 1469 585.
1190 1468 1192 1475 ,
1895 1416 1902 1427 “

37 1481 41 1557 i
125 1479 299 1547 Satisfactio
315 1503 371 1564 pro
384 1488 522 1566 peccatis
535 1487 720 1560 venialibus,
736 1489 875 1551 oratione
894 1489 996 1553 Domi·
1043 1484 1155 1548 Christi
1171 1486 1340 1550 satisfactio
1369 1485 1460 1548 nobis
1486 1485 1658 1565 applicatur
1682 1486 1720 1548 ad
1750 1489 1914 1552 amicitiam

169 1566 249 1641 oica,
260 1576 297 1710 ἃ
310 1569 415 1631 multis
429 1567 498 1630 aliis
512 1569 634 1632 actibus
647 1568 842 1633 contritionis
860 1571 927 1635 fleri
943 1588 997 1651 po·
1083 1566 1141 1709 ί71777
1147 1570 1447 1713 geeuffiandamet
1459 1584 1590 1647 poenam
1606 1570 1829 1651 sempiternam
1846 1586 1915 1633 777-

170 1650 256 1709 77777
303 1694 312 1711 .
1105 1666 1143 1710 77
1168 1666 1215 1710 arn
1296 1696 1305 1713 .

126 1725 356 1793 satisfactionis
371 1731 510 1795 definitio
526 1730 598 1794 773.
616 1730 688 1793 177.
1042 1729 1153 1793 christi
1170 1746 1253 1793 mors
1268 1732 1399 1807 pretium
1428 1736 1459 1791 ct
1473 1730 1641 1793 satisfactio
1657 1730 1712 1792 fuit
1734 1748 1789 1809 pro
1803 1748 1912 1810 pecca·

126 1808 352 1874 Satisfactionis
364 1813 489 1874 nornine
500 1814 666 1890 aliquando
677 1812 996 1895 intelligttnrcacnsa·
1083 1811 1121 1873 778
1137 1814 1263 1884 mattis·
1280 1813 1347 1893 77777
1363 1811 1453 1874 597777
1479 1813 1611 1890 fielium
1628 1819 1659 1873 θῑ
1681 1812 1832 1875 7777377777
1858 1816 1914 1875 7777·

170 1893 225 1963 777.
240 1895 306 1956 7777
320 1895 463 1956 defensio
479 1894 549 1957 777.
566 1896 614 1957 od
626 1892 699 1956 777.
1082 1893 1216 1955 mediato
1227 1895 1274 1971 (nt
1286 1896 1333 1956 stc
1350 1892 1471 1972 loquar)
1488 1910 1542 1969 pro
1558 1894 1647 1973 culpa
1674 1900 1704 1953 et
1721 1902 1805 1956 reatu
1833 1910 1913 1957 mor·

32 2010 38 2051 ;
124 1971 350 2037 satisfactionis
366 1993 479 2040 noman
495 1976 641 2056 rejiciunt
656 1976 803 2039 haeretici
826 1978 898 2041 113.
921 1979 993 2045 777.
1083 1975 1122 2037 tis
1137 1983 1293 2047 aeternae.
1311 1990 1417 2039 corum
1434 1976 1550 2052 quihus
1564 1974 1692 2054 sanquis
1707 1975 1776 2047 eius
1793 1992 1849 2055 per
1865 1993 1913 2038 77-

169 2054 240 2118 122.
258 2056 329 2118 too.
345 2058 402 2119 sed
418 2058 550 2120 habetur
564 2058 707 2136 pluribus
722 2059 752 2121 in
769 2058 847 2121 focis
859 2060 930 2124 tao.
1081 2063 1235 2119 eramenta
1251 2056 1434 2136 applicatur:
1451 2058 1583 2119 mediate
1606 2060 1697 2119 etiam
1727 2072 1783 2134 pro
1810 2072 1910 2137 poena

30 2174 38 2217 ἰ
124 2133 349 2200 Satisfactionis
364 2153 458 2217 opera
475 2140 507 2200 in
523 2156 650 2219 genere.
667 2156 728 2201 non
744 2146 818 2204 sunt
837 2158 994 2205 77777777·
1081 2138 1254 2216 temporali,
1272 2143 1426 2217 quatenus
1440 2139 1566 2217 gratiam
1582 2137 1720 2217 praehet,
1737 2154 1791 2216 per
1820 2156 1912 2218 quarn

168 2219 251 2287 niae,
267 2226 319 2281 aut
333 2235 383 2281 res
398 2221 535 2292 inutiles,
551 2222 608 2284 sed
623 2238 674 2284 res
685 2222 994 2301 utilissima,qnsrnm
1081 2218 1142 2297 ipsi
1159 2236 1215 2281 nos
1230 2222 1361 2282 comino
1377 2219 1602 2281 satisfaciamus
1619 2218 1689 2280 tt2.

168 2300 198 2358 in
216 2300 560 2366 777777717777777777777
586 2304 748 2382 exempla,
773 2306 996 2381 promissiones
1039 2296 1312 2365 schismaticorum
1342 2303 1435 2363 altare
1479 2306 1510 2363 et
1536 2300 1720 2363 sacrificium
1757 2301 1913 2364 occuitum

168 2387 200 2440 ct
214 2389 375 2459 praecepta
393 2382 464 2445 727.
1080 2380 1153 2445 377.
1170 2380 1242 2446 371.

122 2459 352 2527 Satisfactionis
365 2480 470 2542 opera,
486 2464 656 2529 orationem
671 2465 827 2537 uidelicet,
839 2467 993 2547 jejunium
1040 2460 1221 2528 scholastici
1234 2465 1307 2527 olim
1320 2464 1371 2545 qul
1386 2465 1499 2527 fuerint
1511 2463 1656 2542 appellati
1672 2462 1744 2525 377.

165 2548 197 2603 77
212 2544 465 2623 eleemosynam,
481 2552 607 2624 atquae
632 2547 671 2609 ad
698 2549 775 2610 haee
799 2554 992 2627 revocantur,
1039 2543 1260 2619 Sclrolasticos,
1276 2548 1316 2610 de
1329 2547 1532 2609 sacramentis
1554 2560 1615 2607 noo
1633 2550 1750 2607 tantum
1780 2544 1910 2623 literam,

163 2630 316 2700 qnatenus
331 2626 424 2689 abac
440 2644 502 2689 non
517 2628 727 2707 imperantur,
743 2630 799 2691 sed
821 2637 934 2705 sponte
954 2633 993 2693 ad
1080 2627 1135 2688 scd
1152 2626 1243 2691 etiarn
1258 2630 1400 2707 spiritum
1417 2628 1536 2689 tradere
1550 2626 1605 2690 27.

165 2711 288 2776 peecata
306 2708 458 2785 expianda
474 2711 703 2787 suscipiuntur,
726 2712 899 2788 gratissima
920 2717 994 2774 sunt
1038 2706 1171 2770 Solantia
1186 2708 1287 2772 infusa
1303 2716 1333 2772 ot
1344 2708 1493 2787 acquisita
1509 2709 1541 2769 in
1556 2724 1618 2787 quo
1633 2705 1777 2769 differant
1799 2706 1869 2771 791.

165 2785 241 2859 Deo,
257 2791 288 2849 77
303 2789 456 2863 exemplis
471 2789 709 2868 Scripturarum‚
725 2808 762 2853 77
781 2793 993 2870 promissioni·
1038 2790 1172 2851 scientia
1188 2791 1269 2853 solet
1284 2791 1414 2870 probare
1426 2790 1624 2854 occasionem
1640 2788 1806 2867 superbiae
1835 2788 1908 2851 737.

167 2865 227 2929 bus
240 2868 548 2933 777777777777172.
952 2918 956 2923 ,
1038 2870 1149 2934 scetus
1165 2871 1347 2935 existimarit
1361 2870 1629 2935 circumcisionem
1652 2871 1794 2933 conferre
1822 2868 1913 2950 qrati-

27 2982 38 3030 ιΙ
124 2946 497 3031 Satisfactiontsrestiqia
518 2958 623 3015 extant
646 2953 728 3031 apud
753 2953 897 3018 ethnicus
920 2954 991 3019 733.
1078 2968 1126 3012 arn
1142 2968 1179 3015 er
1194 2967 1289 3031 opere
1304 2960 1433 3032 operato
1449 2952 1521 3015 779.
1543 2952 1730 3015 contrarium
1759 2952 1911 3015 asseritur

30 3032 35 3037 ’
166 3029 239 3093 137.
1081 3032 1152 3097 709.
1169 3034 1252 3095 idem
1278 3033 1507 3097 circumcisioni
1538 3033 1645 3095 tribuit
1670 3032 1911 3110 impressionem

122 3108 350 3177 satisfactionis
364 3130 458 3195 opera
474 3130 512 3179 er
526 3114 605 3179 alias
619 3114 768 3179 indebitis
782 3116 855 3180 737.
1079 3113 1266 3179 characteris
1296 3115 1367 3178 722.
1397 3122 1428 3178 77
1439 3114 1647 3178 characterem
1664 3111 1759 3177 noluit
1772 3126 1844 3178 7777
1860 3130 1911 3178 re·

21 3249 38 3283 a
119 3191 347 3257 Satisfactionis
361 3212 454 3275 opera
471 3214 532 3260 non
548 3198 580 3260 in
595 3197 862 3261 observationibus
884 3198 923 3262 ab
937 3199 992 3262 ho·
1077 3196 1223 3259 lationem
1240 3197 1393 3276 quandam
1409 3198 1539 3270 reatem,
1568 3210 1648 3274 qaae
1677 3196 1830 3257 sententia
1860 3196 1909 3259 air

161 3276 300 3340 minibus
313 3280 506 3357 excogitatis,
519 3279 575 3342 sed
592 3281 622 3340 irt
635 3278 777 3358 7777777,
800 3282 941 3343 77777777
961 3286 995 3344 77
1078 3277 1203 3340 7777777
1221 3284 1322 3356 potest
1338 3277 1408 3339 727.
1425 3278 1495 3360 ejus
1512 3277 1618 3356 opinio
1632 3276 1713 3338 circa
1735 3290 1911 3355 pronomen

162 3357 362 3438 eleemosyna
378 3361 569 3424 collocamus
585 3359 657 3423 137.
1077 3358 1155 3433 Hoc,
1171 3359 1203 3420 in
1218 3359 1323 3422 verbis
1333 3358 1746 3432 consecrationtsnetutatur
1757 3357 1910 3421 777273.

37 3494 43 3523 ,
118 3434 345 3502 Satisfactionis
360 3457 454 3518 opera
469 3457 572 3520 nequo
587 3448 670 3520 sunt,
687 3457 790 3519 neque
805 3442 904 3506 futura
919 3447 992 3505 sunt
1076 3456 1179 3518 nequo
1194 3447 1242 3502 est
1254 3440 1410 3520 probanda
1427 3440 1478 3501 illa
1491 3439 1599 3517 opinio
1627 3439 1740 3516 ipsius,
1767 3455 1846 3516 quae
1862 3456 1910 3502 as·

33 3526 43 3603 ,¹
161 3519 214 3581 itta
230 3537 310 3599 qnae
325 3521 403 3584 77777
417 3523 448 3584 77
465 3530 593 3603 peccato
607 3525 729 3586 mortali
743 3523 825 3587 ibid.
1077 3523 1154 3585 serit
1169 3520 1524 3584 transubstantiationem
1540 3535 1602 3580 non
1619 3519 1716 3582 fuisse
1737 3521 1849 3598 dogma
1875 3521 1910 3582 ff·

25 3606 43 3693 s·
117 3598 257 3678 Operum
273 3602 423 3666 bonorum
439 3605 519 3683 qnae
535 3612 604 3680 post
618 3605 835 3668 remissionem
850 3611 992 3684 peccato·
1076 3603 1128 3664 dei
1143 3607 1215 3665 ante
1230 3604 1396 3666 concilium
1413 3603 1609 3664 lateranense
1625 3600 1698 3663 379.

161 3698 230 3744 rum
243 3681 333 3755 flunt,
349 3691 380 3746 77
394 3701 474 3764 quae
487 3686 688 3749 satisfactoria
704 3687 765 3750 diei
777 3688 890 3757 771777,
904 3703 991 3766 prae·
1036 3679 1191 3762 Scriptura
1207 3701 1293 3748 saera
1309 3683 1511 3764 intelligenda
1537 3681 1710 3744 secundum
1740 3681 1906 3744 uerborum

161 3763 258 3826 rninm
273 3771 332 3838 est,
348 3765 440 3844 plena
454 3775 650 3846 peccatorum
665 3769 820 3844 remissio,
843 3769 944 3848 quoad
956 3783 990 3832 o·
1079 3767 1310 3846 proprietatem,
1323 3765 1376 3828 ubi
1393 3780 1455 3828 non
1470 3763 1610 3843 cogimur
1625 3763 1758 3826 euidenti
1774 3763 1909 3826 absurdo
1961 3772 1964 3778 ’

162 3859 265 3907 mrtem
282 3863 402 3925 poenae
417 3856 535 3913 reatum
551 3850 622 3914 172.
1078 3847 1149 3911 fbf.

22 3988 32 4013 η,
79 4007 86 4014 ¹
118 3923 345 3991 Satisfactionis
360 3945 454 4008 opera
470 3931 616 3994 dicuntur
636 3931 668 3992 tn
695 3932 851 4011 Scriptura
872 3931 990 3996 fructus
1035 3926 1192 4004 Scriptura
1207 3927 1462 3994 vocatordinarie
1477 3941 1541 4002 res,
1557 3927 1742 3990 eleuterius
1759 3931 1910 4006 apparent

162 4008 370 4083 poenitentiae
385 4019 417 4073 et
430 4011 586 4090 quomodo
600 4012 674 4076 779.
1076 4010 1150 4074 289·

26 4155 45 4175 ae
116 4086 325 4153 satisfactioni
339 4093 514 4171 aequivalet
527 4111 586 4158 vox
599 4093 823 4174 redemptionis
839 4093 987 4158 123727.
1036 4089 1193 4170 Scriptura
1209 4109 1270 4156 non
1287 4097 1335 4156 est
1349 4106 1493 4161 necesse.
1510 4095 1543 4152 ut
1557 4103 1683 4166 semper
1708 4088 1907 4167 apertissime

23 4192 36 4253 ς·
116 4167 364 4235 Satislactionem
380 4175 411 4235 in
429 4189 559 4252 poenam
577 4177 694 4256 peccati
710 4176 876 4255 aliquando
891 4175 989 4240 luisse
1077 4173 1229 4254 loquatur,
1246 4176 1302 4238 sed
1319 4173 1395 4236 satis
1407 4180 1465 4244 est,
1478 4173 1505 4235 si
1522 4173 1561 4234 ita
1577 4173 1731 4250 loquatur,
1761 4173 1794 4232 ut
1822 4185 1905 4232 com·

160 4259 290 4315 mortem
304 4255 402 4333 ipsam
417 4258 583 4320 violentam
599 4258 671 4321 127.
1077 4270 1202 4318 munem
1218 4255 1338 4319 latrum
1351 4254 1577 4333 expositionem
1607 4253 1730 4333 sequuti
1758 4252 1909 4314 sentcnti-

120 4328 368 4398 Satisfactionem
382 4336 550 4401 obscurare
565 4339 686 4416 legem,
702 4339 752 4401 ref
776 4338 983 4416 evangellum,
1078 4354 1125 4399 arn
1142 4337 1211 4416 eius
1226 4352 1427 4418 assequamur
1441 4333 1514 4398 777.

26 4411 31 4424 ’
162 4431 256 4490 quam
271 4417 348 4480 falso
363 4417 483 4482 dicatur
503 4419 542 4482 ab
567 4419 759 4494 haereticis,
781 4426 886 4483 contra
908 4435 989 4500 quos
1036 4415 1192 4497 Scriptura
1210 4419 1345 4482 utisotet
1361 4417 1486 4481 nomine
1511 4415 1683 4494 fractionis,
1713 4431 1784 4478 cunr
1808 4414 1907 4492 loqui-

30 4517 43 4531 ⁴
160 4494 233 4560 733.
1075 4505 1124 4562 777
1138 4501 1177 4563 77
1193 4515 1273 4580 pane
1287 4500 1360 4563 372.

117 4575 177 4640 Per
190 4579 431 4646 satisfactionem
444 4582 560 4660 acquiri
576 4587 678 4662 potest
699 4581 847 4646 remissio
869 4597 989 4659 poenae
1035 4581 1191 4661 scriptura
1207 4582 1314 4646 tribuit
1328 4582 1387 4645 rint
1403 4578 1542 4643 salvandi
1557 4578 1688 4642 dirersis
1713 4577 1809 4640 rebus
1834 4576 1907 4638 773.

21 4692 24 4704 ·
158 4663 338 4739 temporalis
360 4670 430 4744 post
453 4664 613 4744 gratuitam
637 4665 748 4744 culpae
772 4664 988 4727 remissionem
1034 4663 1189 4743 Scriptura
1205 4680 1275 4726 eum
1291 4661 1426 4742 loquitur
1441 4662 1481 4723 de
1496 4660 1643 4738 peccatis,
1660 4659 1803 4722 absoluta
1818 4659 1857 4721 de
1873 4675 1907 4721 o·

34 4786 37 4796 .
160 4739 320 4806 377173.
1077 4745 1202 4808 mnibus
1218 4746 1354 4824 peccatis
1369 4740 1571 4821 intelligenda
1588 4748 1636 4804 est
1657 4741 1729 4803 783.

116 4820 288 4902 Numquam
304 4827 359 4888 7777
372 4830 570 4904 tempusque
584 4827 663 4901 lapsi
688 4829 720 4889 in
749 4827 890 4890 Ecclesia
919 4828 989 4891 stae
1035 4825 1190 4904 Scriptura
1207 4825 1428 4906 semperdicit
1453 4826 1512 4886 rim
1542 4830 1803 4886 sacramentorum
1834 4836 1908 4882 eon·

20 4898 41 4954 ³⁴³·
157 4904 369 4969 satisfactione
384 4908 601 4986 reciperentur
615 4908 688 4972 773.
1075 4908 1185 4972 sistere
1201 4907 1231 4970 in
1248 4907 1419 4987 purgandis
1435 4907 1584 4986 peccatis,
1601 4911 1632 4967 et
1662 4904 1775 4967 munda
1805 4903 1907 4964 anima

21 4979 46 5058 :¹25
117 4983 181 5046 ffon
196 4985 310 5051 suflicit
324 5005 427 5052 mores
441 4989 472 5050 in
490 4989 601 5051 metius
616 4994 746 5063 mutare,
762 4995 793 5052 et
818 5006 834 5050 7
865 4989 991 5053 rnalefa·
1075 4988 1129 5052 93.

29 5064 48 5114 ·.·”
160 5068 219 5130 ctis
234 5071 394 5147 recedere,
408 5071 468 5133 nisi
485 5071 576 5133 etiam
591 5073 631 5134 de
645 5070 696 5142 iis,
714 5069 885 5152 quaefacta
902 5077 988 5147 sunt,
1034 5067 1209 5149 scripturae
1220 5089 1261 5134 an
1277 5071 1353 5134 facta
1370 5070 1486 5132 additio
1505 5067 1574 5130 773.

159 5148 722 5232 1777777777777777777777777777,77
738 5167 831 5231 opera
857 5153 989 5216 laboriu·
1034 5149 1210 5230 Scripturae
1225 5153 1347 5232 gothica
1360 5151 1455 5214 editio
1467 5167 1506 5212 an
1519 5153 1643 5224 recepta
1662 5147 1733 5210 773.

23 5233 50 5279 n
160 5225 283 5293 77137.
1033 5234 1209 5311 scripturae
1231 5234 1375 5314 proprius
1403 5233 1566 5294 uerborum
1595 5245 1710 5294 sensus
1736 5243 1907 5305 numquam

21 5309 50 5366 fv'
119 5305 354 5377 satisfactiones
367 5314 518 5394 quaedam
533 5315 594 5378 diei
609 5322 752 5395 poterant
766 5315 918 5380 sacrificia
934 5315 985 5379 iffa
1071 5316 1274 5378 dimittendus
1302 5320 1362 5389 777,
1388 5314 1448 5374 7777
1479 5328 1626 5392 cogamur
1651 5313 1689 5373 ab
1715 5311 1815 5387 aliqua
1846 5309 1907 5370 alia

22 5408 43 5454 ar
159 5390 303 5470 beritica;
318 5412 389 5458 curn
405 5402 520 5458 tantam
532 5398 676 5477 legalem,
692 5406 723 5462 ct
747 5411 880 5477 poenam
910 5404 984 5461 tem·
1072 5397 1292 5476 scriptumne!
1308 5397 1346 5459 oh
1364 5395 1468 5475 aliquo
1484 5397 1613 5457 articulo
1626 5393 1711 5460 fidei,
1727 5392 1773 5452 777
1790 5407 1805 5451 7
1822 5405 1906 5452 com·

160 5474 312 5549 porariam
327 5477 488 5554 expiarent
499 5477 571 5539 772.
790 5513 795 5524 ·
1073 5481 1157 5541 muni
1175 5481 1267 5541 totius
1279 5477 1439 5540 Ecclesiae
1454 5475 1658 5555 explicatione
1669 5473 1741 5536 273.

28 5559 53 5608 κ’·
118 5551 351 5619 Satisfactiones
365 5574 422 5635 pro
436 5564 520 5621 reatu
537 5575 657 5634 poenae
671 5561 863 5642 temporalis.
892 5561 984 5625 bonis
1032 5553 1209 5639 Scripturas
1224 5562 1313 5624 locus
1328 5575 1422 5635 unus,
1438 5564 1523 5621 recte
1540 5559 1710 5636 explicatur
1727 5571 1781 5634 par
1811 5554 1905 5616 alium

160 5636 598 5720 operibushajusaitaelff.
1073 5641 1126 5704 37.
1143 5641 1194 5704 33.
