4084 6275
958 320 1064 381 tnbbx
1777 327 1833 385 ete

163 449 295 528 quiritur
310 448 448 527 qnidam,
462 452 518 513 sed
534 449 731 516 substituitur
753 470 771 515 a
793 456 858 521 lico
880 458 911 519 in
938 460 991 524 iltu
1079 463 1144 519 777
1157 461 1188 518 77
1203 471 1239 518 ex
1254 452 1354 517 diuina
1371 452 1563 517 institutione
1580 455 1745 539 significat,
1768 476 1858 539 quarn
1877 478 1907 521 a·

163 535 232 609 ipso
245 533 381 607 instanti,
399 550 460 611 quo
476 532 623 595 desinunt
642 548 713 597 csse
736 536 807 600 itlae
821 541 947 617 species
962 549 993 606 et
1077 539 1118 601 177
1133 543 1320 601 sacramenta
1339 533 1409 597 767.
1572 586 1575 593 .

162 617 194 674 77
209 630 273 693 quo
286 614 371 677 aliud
383 624 574 694 generatur,
605 623 636 679 et
663 619 724 680 buc
748 621 818 683 sine
842 622 992 687 miraculo
1037 620 1260 683 Matrimonium
1274 625 1321 681 est
1335 633 1475 680 summus
1487 618 1638 685 amicitiae
1661 624 1775 703 gradus
1790 624 1863 687 827.

163 695 238 758 397·
1037 698 1456 783 777777767777077779.
1547 722 1549 730 ⁴
1669 724 1671 730 ·

117 778 204 839 Mittit
220 778 368 841 materiae
382 776 504 856 depcrit
518 792 555 840 ex
571 782 613 841 tut
628 797 743 859 panum
754 788 991 851 consecratione
1037 784 1114 845 Mate
1129 791 1323 862 cunrparatur
1344 800 1359 842 a
1377 781 1500 843 Calvina
1525 785 1741 859 agriculturae.
1772 789 1907 851 sutoriae

166 860 240 922 307.
1080 867 1148 940 7777,
1165 873 1257 942 atque
1273 864 1440 925 tonstrinae
1454 861 1524 925 777.
1542 863 1602 925 780
1613 868 1658 929 nd
1674 867 1744 930 782.
1763 868 1834 930 787.

119 940 280 1003 Materiam
294 939 558 1019 panisremanere
579 940 611 1003 in
628 942 819 1010 Eucharistia
848 950 993 1014 intorma·
1038 947 1121 1011 Bene
1136 955 1237 1007 autem
1254 952 1446 1023 comparatur
1461 962 1528 1005 cum
1546 946 1713 1025 Baptismu,
1744 952 1843 1026 quoad
1861 968 1906 1011 ra·

168 1030 227 1083 tam
243 1021 355 1085 Clrrlsti
369 1022 470 1083 anima
496 1022 551 1083 1777
579 1022 719 1087 77777777
744 1028 889 1103 07777777,
914 1049 994 1111 quae
1081 1029 1195 1091 tionem
1209 1034 1322 1088 tantum
1339 1029 1521 1088 sacramenti
1540 1026 1610 1089 760.
1628 1037 1657 1091 77
1672 1046 1741 1093 777
1760 1032 1906 1093 Euclrari·

164 1104 297 1167 retertur
309 1103 382 1165 370.
398 1111 429 1164 77
443 1105 592 1165 7717177777
606 1105 678 1170 371.
694 1109 766 1170 377.
780 1116 889 1193 etseq.
1079 1112 1150 1182 7777,
1166 1110 1325 1187 quud-non
1342 1110 1441 1171 solnm
1460 1114 1508 1169 cst
1522 1119 1746 1174 sacramentum
1769 1114 1841 1175 dura
1858 1112 1903 1185 lit,
1936 1185 1938 1189 .

123 1184 283 1247 lllatcrianr
309 1192 456 1255 remotam
478 1190 661 1249 sacramenti
688 1194 897 1267 poenitentiae
922 1210 994 1259 esse
1079 1194 1134 1255 sed
1151 1193 1241 1253 etlam
1257 1191 1499 1267 dumpermanet
1517 1190 1586 1252 790.
1604 1191 1676 1254 itit.
1714 1220 1716 1229 ¹

167 1275 304 1344 peccata,
316 1266 382 1327 7777
397 1267 553 1329 bominem
570 1275 812 1350 peccatorem3ct
826 1278 994 1355 proximam
1038 1272 1085 1335 717
1101 1273 1229 1335 exceliat
1244 1271 1273 1334 in
1290 1271 1391 1352 aliqua
1408 1286 1440 1331 rc
1455 1272 1584 1333 caeteris
1597 1276 1797 1338 sacramentis
1810 1274 1881 1338 178.

165 1354 253 1411 actus
266 1348 466 1427 poenitentis.
479 1349 555 1410 77717
569 1366 598 1411 7.
614 1350 786 1431 0771777777,
800 1365 831 1421 77
843 1375 874 1421 7.
885 1359 993 1423 Poeni·
1038 1354 1075 1415 177
1090 1372 1144 1419 cur
1155 1355 1262 1417 ultimo
1279 1355 1347 1415 loco
1362 1352 1572 1431 7777777778.

164 1432 273 1493 tcutia.
287 1430 365 1491 Item
381 1430 441 1491 ert
457 1432 503 1493 od
516 1430 588 1492 676.
626 1452 630 1458 ’
1038 1434 1262 1500 Matrimonium
1279 1434 1490 1497 necessarium
1507 1436 1543 1495 76
1562 1436 1641 1499 7777
1658 1454 1729 1500 7777
1760 1455 1822 1500 777
1836 1439 1902 1501 sin·

25 1519 27 1534 *
120 1510 168 1573 De
185 1514 310 1574 materia
333 1513 524 1589 singulorum
536 1521 798 1579 sacramentorum
825 1522 896 1585 ride
925 1523 992 1587 loca
1079 1516 1419 1597 gulisbominibnssed
1435 1514 1595 1579 Ecclesiae
1609 1519 1641 1581 ln
1657 1522 1833 1583 universum
1852 1536 1905 1599 po·

164 1600 265 1657 notata
278 1594 313 1656 in
327 1594 461 1673 singuiis
477 1594 569 1656 etiam
583 1600 797 1663 sacramentis.
1080 1600 1137 1661 situ
1153 1600 1255 1660 divina
1273 1598 1465 1661 institutione
1480 1596 1532 1659 63.

1037 1680 1263 1743 Matrimonium
1292 1680 1322 1742 in
1354 1682 1424 1758 tege
1452 1679 1556 1757 777777
1576 1686 1691 1743 777777
1728 1684 1904 1748 7777777777

291 1822 524 1887 alannum
539 1822 816 1889 sicanmmm
1037 1761 1666 1907 ccliiiiiiiiiiiiiiii‘iiiii
1695 1844 1724 1907 7
1743 1860 1903 1911 eniam.

245 1921 259 1945 ²
398 1935 400 1940 ’
1079 1927 1162 1989 tione
1176 1923 1524 1987 77777777777777136.
1542 1924 1612 1987 137.

122 2003 201 2066 vioe
217 2020 296 2083 quae
321 2004 509 2069 dicuntnrin
526 2008 707 2072 77777677
723 2009 827 2072 indice
841 2011 872 2072 ia
888 2011 992 2074 verbis
1036 2006 1262 2069 Matrimonium
1288 2007 1485 2084 legitimum,
1509 2022 1674 2085 numquam
1698 2028 1714 2070 a
1745 2010 1904 2075 catholicis

168 2087 249 2155 istis,
268 2086 473 2168 Cecropium,
506 2091 659 2171 conjnx,
691 2091 992 2173 Gonacnpninitutr's
1079 2090 1219 2168 pollutio,
1237 2093 1289 2149 777
1301 2088 1511 2149 immundities
1527 2098 1652 2151 vocatur
1666 2090 1736 2153 783.

25 2242 26 2248 ¹
164 2169 299 2247 produc,
318 2171 441 2243 Mulier,
454 2172 602 2250 llnptt‘ce,
617 2172 812 2254 Putppcmr'c
825 2181 855 2236 et
872 2174 969 2239 licor.
1036 2170 1205 2250 Turpitudu
1220 2176 1334 2237 autem.
1352 2169 1564 2230 immunditias
1580 2177 1610 2232 77
1626 2172 1807 2250 inquinatio,
1824 2190 1904 2252 quac

25 2293 26 2299 1
121 2248 168 2311 Dc
180 2250 336 2312 erroribus
351 2253 621 2325 baereticorumet
634 2255 674 2318 de
688 2261 767 2317 statu
784 2258 988 2335 quaestionis,
1079 2254 1111 2315 77
1127 2252 1310 2324 matrimonii
1326 2256 1394 2313 actu
1412 2249 1576 2324 invenitur,
1594 2260 1641 2313 cst
1657 2255 1775 2317 ratione
1791 2271 1905 2317 concu-

165 2347 203 2391 an
224 2332 412 2395 7767777777
427 2334 619 2397 Matrimonia
635 2337 896 2400 777777777777717
913 2341 991 2416 tria,
1076 2334 1259 2412 piscendam
1277 2338 1307 2395 77
1321 2333 1502 2395 rebellionis
1519 2333 1739 2412 7777777777
1756 2338 1839 2397 77717
1858 2338 1902 2397 in-

164 2428 243 2491 quae
259 2415 455 2490 requiruntur
470 2417 502 2478 in
513 2433 585 2479 roro
599 2424 630 2479 77
644 2419 769 2498 proprio
780 2428 992 2499 sacramento,
1077 2422 1246 2479 strumenta
1261 2416 1332 2496 ejus
1352 2422 1439 2476 aetus
1455 2413 1646 2493 7717771777
1663 2461 1671 2489 ‚
1703 2417 1902 2496 turpitudinis

163 2510 278 2572 nempe
290 2497 465 2573 symbolum
481 2505 653 2568 externum,
682 2502 848 2578 promissio
875 2504 992 2579 77777777
1078 2498 1226 2573 77777717
1240 2498 1436 2559 7777777777
1452 2494 1522 2557 rei.

164 2581 195 2636 77
206 2576 383 2639 77767777
398 2579 463 2643 7777
479 2580 630 2642 institutio
644 2582 746 2644 dirina
763 2582 991 2647 7757767767
1036 2580 1259 2643 Matrimonium
1273 2584 1497 2641 sacramentum
1514 2584 1562 2639 est
1578 2583 1672 2641 tutum
1696 2597 1731 2641 77
1747 2582 1874 2657 plenum
1893 2629 1901 2657 ,

163 2658 255 2731 etiarn
267 2658 320 2719 20.
1001 2728 1008 2739 x
1077 2670 1223 2741 quantum
1239 2664 1275 2723 ad
1293 2666 1396 2738 partes
1412 2660 1606 2733 essentiales,
1622 2662 1655 2721 77
1673 2670 1830 2724 contractu
1848 2679 1904 2740 per

25 2789 26 2794 ,
120 2739 345 2801 Matrimonium
374 2749 423 2818 est
446 2750 675 2809 sacramentum
699 2745 824 2824 proprie
851 2746 988 2824 dictum,
1077 2744 1168 2806 rerba
1183 2744 1222 2805 dc
1239 2740 1406 2820 praesenti,
1423 2741 1533 2821 copula
1547 2748 1647 2803 autem
1664 2760 1736 2821 pars
1753 2745 1903 2807 essentia·

164 2822 246 2898 quod
259 2822 406 2896 probatur
420 2840 456 2886 cx
472 2818 590 2889 dirinis'
600 2829 697 2889 literis
713 2827 784 2890 777.
1077 2823 1117 2885 lis
1131 2842 1192 2905 non
1210 2832 1257 2886 esi
1271 2823 1342 2886 783·

120 2903 166 2963 Ex
184 2902 323 2965 Patribus
340 2904 502 2968 777786.
514 2914 546 2969 et
560 2926 598 2971 ex
610 2911 728 2971 rarione
745 2909 818 2972 787,
836 2909 907 2972 782.
1036 2902 1163 2980 Quando
1178 2912 1278 2969 autem
1292 2909 1362 2983 post
1382 2904 1537 2981 sponsalia
1551 2920 1606 2979 per
1622 2906 1714 2967 rerba
1736 2906 1775 2969 de
1802 2906 1903 2969 luluro

118 2986 289 3047 Solvuntur
302 2993 481 3065 argumenta
496 2991 740 3054 adversariorum
757 2990 830 3053 786.
1077 2988 1278 3064 subsequitur
1293 2984 1403 3064 copula
1419 2984 1592 3063 conjugalis
1607 2986 1719 3051 7177717
1745 2990 1875 3051 maritali
1893 3033 1901 3061 ,

118 3066 379 3129 llutrimuninma
400 3069 465 3134 Deo
481 3072 728 3149 cstlnstitutum‚
752 3088 816 3134 non
840 3074 941 3135 solum
958 3079 991 3135 ut
1077 3068 1254 3147 ittacopula
1281 3072 1366 3129 tenet
1393 3082 1430 3128 cn
1453 3074 1592 3144 tempere
1616 3070 1714 3130 vicem
1739 3069 1903 3132 verborum

165 3149 402 3229 cstcoajunctio
414 3145 542 3215 maserili
557 3163 588 3216 et
601 3156 767 3225 foeminae,
778 3160 931 3233 quatenus
942 3171 989 3219 re·
1077 3167 1266 3214 eonsensum
1293 3154 1431 3210 mutuum
1448 3147 1698 3227 exprimentium,
1722 3159 1753 3213 et
1769 3153 1838 3214 ideo
1864 3152 1903 3216 ad

163 3233 260 3292 777177
274 3233 424 3310 arigernus
436 3237 678 3314 propagandum,
691 3238 747 3299 sed
763 3242 843 3298 utea
858 3238 990 3319 eonjuu·
1043 3232 1203 3312 777777
1219 3229 1401 3312 Matrimonii
1415 3231 1547 3305 pertinet
1564 3229 1635 3292 786.
1752 3271 1753 3274 =

163 3311 224 3373 ctio
239 3312 371 3381 relcrtur
384 3316 421 3376 ad
447 3332 511 3378 reru
533 3318 666 3398 aliquam
680 3333 797 3382 sacrum
813 3318 989 3398 signiilcan·
1033 3311 1259 3374 Matrimonium
1276 3313 1356 3372 inter
1370 3310 1579 3372 beatissimam
1595 3312 1749 3389 Virginem
1777 3319 1807 3376 et
1823 3315 1903 3375 stu·

163 3392 233 3453 dam
250 3392 321 3454 777.
1075 3395 1167 3471 seph,
1184 3408 1290 3456 rerum
1306 3391 1496 3476 conjugium,
1513 3393 1583 3454 sine
1613 3394 1676 3455 ulta
1707 3397 1818 3474 copula
1849 3397 1905 3458 luit

117 3474 346 3536 Matrimonium
358 3477 417 3541 boc
432 3478 524 3541 modo
538 3480 768 3548 consideratum
780 3479 990 3545 estaCbristn
1076 3476 1148 3538 785·
1408 3553 1415 3566 ,
1505 3554 1510 3565 ,
1620 3551 1624 3560 ,

162 3556 347 3634 7777777177,
364 3559 434 3635 quia
450 3561 633 3639 estsignum
651 3564 694 3624 rei
720 3579 838 3634 sarrae,
868 3565 918 3625 cut
940 3571 988 3627 est
1034 3557 1226 3620 Matrimonia
1241 3557 1298 3618 soli
1314 3556 1489 3617 inrenrmus
1504 3570 1533 3615 rn
1561 3554 1727 3632 scripturis
1756 3557 1903 3620 tributum

162 3654 280 3698 annexa
310 3647 391 3700 certa
421 3642 586 3718 promissio
610 3645 748 3723 gratiac3
778 3660 878 3722 usquc
903 3647 987 3706 enim
1074 3652 1188 3701 nomen
1204 3637 1383 3700 sacramenti
1402 3635 1472 3702 129.
1611 3717 1617 3729 ·
1652 3719 1658 3730 ι

163 3725 265 3794 potest
280 3720 364 3782 ullus
377 3721 534 3787 17777777
549 3727 679 3802 angelus
694 3727 846 3804 ejrrsmodi
862 3726 985 3805 signum
1033 3721 1189 3784 Habemus
1201 3723 1293 3782 etiam
1309 3733 1420 3780 nornen
1434 3723 1726 3791 sacramentr,rrtum
1739 3726 1901 3781 77777777

162 3801 324 3864 instituere
340 3803 411 3865 iii.
1073 3804 1166 3875 idest,
1184 3807 1372 3864 contractum
1388 3799 1541 3861 risibilem
1558 3801 1638 3862 iuter
1665 3801 1761 3862 77777
1790 3809 1821 3866 77
1841 3801 1903 3864 loc·

119 3883 347 3944 Matrimonium
363 3891 410 3946 est
422 3886 544 3964 signum
559 3888 603 3950 rei
619 3900 726 3950 sacrae
738 3888 908 3964 etproinde
924 3905 986 3952 non
1074 3886 1200 3952 minam.
1214 3883 1439 3944 778177017011007
1455 3881 1588 3942 (77777771
1604 3887 1635 3942 ei
1656 3883 1782 3961 77779777
1806 3900 1903 3946 77710·

162 3964 263 4040 sulum
279 3965 379 4026 uirilis
394 3975 582 4042 contractus,
610 3971 666 4031 sed
696 3972 787 4032 ctiam
808 3973 987 4049 mysterium
1072 3981 1142 4028 777
1160 3963 1231 4028 160.
1249 3964 1321 4027 131.

162 4046 316 4121 quoddam
334 4053 618 4123 etsacramentum‚
635 4052 768 4128 quudad
785 4051 987 4116 6777777777
1032 4048 1223 4110 Matrimonia
1238 4046 1382 4108 convenit
1407 4042 1546 4106 delinitio
1575 4042 1687 4106 isidori
1717 4051 1751 4108 et
1769 4046 1904 4124 Magistri
1933 4083 1940 4092 -

161 4126 332 4188 Ecclesiam
348 4130 497 4194 referatur
513 4131 582 4195 777.
598 4147 704 4213 neque
718 4135 764 4197 777
779 4131 931 4197 77877717
943 4143 985 4197 et·
1039 4139 1040 4144 ’
1074 4129 1125 4193 itti.
1144 4129 1218 4194 Vide
1235 4127 1307 4198 707-
1753 4140 1757 4144 ’

163 4208 222 4268 777
244 4207 316 4271 781.
333 4212 379 4272 777
395 4210 465 4274 783.
874 4212 876 4215 ’

116 4290 346 4352 Matrimonium
360 4292 452 4354 babet
467 4295 557 4355 etiarn
580 4297 696 4373 gratiae
724 4297 987 4375 promissionem,
1244 4348 1250 4365 .
1337 4350 1344 4363 .
1812 4343 1814 4348 ,

160 4373 234 4446 quia
250 4387 311 4435 non
326 4374 426 4434 sotum
442 4383 490 4436 est
501 4377 624 4454 signum
637 4381 864 4458 conjunctionis
876 4382 987 4446 Christi
1156 4351 1402 4414 mmmmm
1415 4351 1753 4465 “wfammmmm’

161 4460 192 4513 et
207 4453 365 4516 Ecclesiae
380 4470 436 4532 per
452 4464 578 4519 naturae
600 4461 855 4532 conicrmitatem
872 4464 927 4524 sed
944 4471 985 4526 et·
1336 4455 1365 4513 ⁰⁶
1380 4451 1598 4529 97θο7797777·

161 4535 220 4594 7777
236 4549 292 4611 per
306 4535 498 4612 spiritualem
513 4541 766 4616 charitatemque
775 4540 915 4606 cbristus
932 4545 984 4608 Ec·
1063 4561 1064 4566 ’

159 4616 286 4677 etesium
303 4618 403 4696 diligit
430 4625 460 4680 et
475 4627 580 4682 senate
596 4623 759 4702 gubernat,
770 4639 871 4700 neque
887 4633 989 4704 potest
1033 4624 1256 4686 Matrimonium
1270 4623 1325 4683 1777
1339 4621 1377 4681 77
1390 4621 1477 4682 777777
1493 4620 1612 4692 mnndi,
1638 4625 1669 4680 et
1695 4633 1779 4681 nnnc
1809 4618 1901 4680 etiarn

159 4697 220 4758 buc
235 4698 422 4774 significare,
439 4699 499 4762 nisi
515 4703 595 4764 iuter
609 4705 705 4765 rirum
718 4711 748 4766 et
760 4722 886 4768 uxorem
903 4724 989 4784 prae·
1075 4712 1123 4767 est
1138 4707 1218 4782 apud
1237 4704 1391 4772 infideles,
1411 4708 1444 4762 77
1458 4709 1634 4763 contractus
1646 4701 1746 4762 7777177
1771 4707 1802 4762 77
1817 4702 1847 4762 77
1861 4700 1903 4760 oi·

161 4786 208 4838 ter
221 4781 341 4841 cirilem
353 4788 554 4859 contractum,
570 4785 612 4846 sit
625 4788 717 4847 ctiam
733 4789 806 4848 unio
818 4789 989 4865 spiritualis
1074 4788 1178 4849 llrciurn
1193 4792 1332 4859 naturam
1348 4784 1403 4846 sed
1418 4799 1479 4845 777
1497 4784 1563 4854 7777,
1581 4799 1639 4844 777
1655 4787 1703 4843 777
1725 4797 1829 4842 rerum
1857 4798 1905 4842 sa·

161 4861 348 4939 animorum3
365 4864 441 4925 lracc
455 4871 557 4926 autem
574 4868 647 4928 unio
662 4869 731 4929 sine
745 4871 839 4942 prrrtia
864 4869 919 4930 077
937 4873 987 4933 ba·
1074 4874 1275 4931 crarnentum.
1293 4867 1351 4928 nisi
1379 4866 1408 4925 77
1432 4863 1583 4936 Ecclesia,
1606 4865 1687 4942 apud
1711 4860 1901 4925 Christianos

161 4941 228 5020 beri
245 4957 304 5002 non
320 4950 422 5021 potest
436 4945 508 5007 770.
527 4948 599 5008 7767
616 4949 706 5008 77777
724 4947 780 5009 781
799 4952 845 5011 cd
859 4950 931 5013 783.
1076 4949 1147 5011 779.
1163 4949 1236 5010 780.
1261 4947 1333 5009 797.
1347 4945 1419 5008 806.
1435 4945 1508 5007 819.

25 5059 27 5075 .
117 5023 344 5084 Matrimonium
376 5029 499 5103 quando
527 5029 717 5090 contrabitur
746 5045 802 5107 per
829 5033 920 5093 77777
949 5035 988 5096 de
1033 5029 1145 5109 Opinio
1161 5031 1323 5100 contraria,
1341 5028 1485 5090 videlicet
1508 5027 1589 5104 apud
1610 5024 1745 5087 iudaeos
1770 5025 1801 5084 in
1830 5025 1900 5103 lego

162 5108 330 5179 praesenti,
348 5106 378 5167 in
396 5108 448 5170 illo
463 5111 621 5173 conlector
635 5112 730 5190 gratia
748 5110 818 5173 786.
1074 5112 1169 5174 777777
1185 5112 1280 5173 tuisse
1292 5109 1384 5172 eliam
1397 5116 1635 5181 sacramentum,
1647 5113 1677 5168 77
1688 5103 1828 5170 76777777
1841 5122 1903 5172 777

118 5185 251 5246 Gratiam
268 5203 359 5262 quam
375 5191 493 5251 conteri
508 5192 744 5260 Matrimonium,
759 5194 914 5270 quomodo
926 5196 987 5275 pri·
1075 5201 1135 5255 tam
1152 5193 1335 5266 institutum,
1350 5208 1440 5269 quam
1458 5189 1670 5252 confirmatum
1695 5193 1758 5249 tuto
1773 5187 1900 5250 delendi

163 5274 255 5330 7777
269 5270 408 5331 secunda
422 5270 484 5332 dici
498 5274 599 5348 possit
614 5273 686 5336 788.
705 5272 776 5335 780.
1075 5291 1137 5337 777
1155 5281 1255 5351 potest
1270 5272 1341 5335 787.
1360 5271 1430 5335 787.

25 5409 27 5436 ᾖ
119 5347 349 5412 Matrimonium
362 5366 400 5413 77
411 5353 585 5429 sequidem
600 5372 652 5417 res
667 5354 814 5416 naturalis
829 5360 878 5418 est
897 5362 929 5418 ct
943 5358 986 5419 ci·
1033 5357 1257 5419 Matrimonium
1275 5357 1304 5415 in
1319 5360 1398 5416 statu
1412 5351 1607 5414 innocentiae
1619 5351 1673 5412 tuit
1687 5349 1856 5412 institutum
1873 5352 1902 5412 in

25 5441 27 5448 ·
158 5429 345 5506 ritis;tamen
361 5447 398 5495 77
412 5433 556 5512 adjuncta
568 5436 794 5512 significatione
808 5443 839 5499 et
851 5438 987 5502 71777777-
1076 5437 1210 5502 alliciam
1227 5442 1365 5512 naturam
1382 5436 1412 5496 in
1426 5438 1504 5496 77777
1522 5439 1649 5494 7777777
1672 5437 1833 5510 corruptae
1849 5433 1906 5494 1777

25 5580 26 5603 ¹
157 5513 198 5574 tia
214 5516 345 5591 gratiae,
358 5531 478 5576 sacrum
495 5523 542 5578 est
558 5517 630 5580 7717.
1076 5520 1120 5579 7777
1137 5519 1275 5580 7667777
1289 5524 1322 5578 77
1337 5521 1421 5578 77771
1443 5515 1636 5584 remedium:
1661 5514 1691 5573 in
1708 5514 1778 5592 lege
1795 5529 1869 5578 nota
1889 5532 1905 5580 e

25 5655 27 5681 ‚
113 5592 343 5658 Matrimonium
358 5595 599 5662 Christianorum
617 5613 678 5661 non
694 5600 797 5663 minus
824 5601 863 5664 ad
891 5602 984 5682 placi·
1073 5599 1195 5664 cbristo
1210 5600 1381 5662 institutum
1397 5597 1453 5660 7777
1465 5598 1496 5659 77
1508 5601 1734 5660 sacramentum
1747 5595 1818 5659 781.
