4084 6275
296 336 349 393 tes
961 337 1002 392 tit
1022 333 1245 399 teletErt'rtt

271 469 382 543 Quarto
397 468 532 547 denique
547 467 685 548 adjungit
707 469 798 532 rerba
824 470 875 534 ilia
900 468 1084 553 lineabielis,
1129 469 1301 551 derensis
1317 468 1456 537 Christus
1473 486 1535 535 nen
1549 486 1658 535 monus
1670 466 1945 551 impneeude,sed
1963 466 2005 527 in·

225 568 292 630 ιιι.
308 552 360 637 fidi.
386 548 653 631 Quotiescumque·
672 553 867 630 ingentunit
889 556 1039 631 peccator
1053 566 1086 611 e·
1130 551 1280 617 suillende
1297 552 1442 633 Spiritum
1459 561 1598 617 sanetum
1614 554 1711 631 dedit,
1724 552 1813 615 leae.
1826 548 1884 613 20.

224 636 352 699 annium
364 634 578 715 iniquitatum
593 632 663 709 eins
673 634 1004 704 nannecerdabordlr
1017 632 1085 712 qui·
1167 636 1265 715 lgitea
1280 634 1362 699 misit
1377 636 1517 703 Christus
1531 638 1699 715 apostoles,
1715 640 1797 699 sieut
1823 636 1830 695 i
1835 651 1897 713 pse
1928 632 1999 693 mis·

222 717 282 780 bus
298 718 456 780 evidenter
471 720 613 781 concludi
629 718 792 792 existimet,
808 720 876 781 sine
888 717 1085 781 ceulessiene
1129 735 1183 781 sus
1199 721 1297 781 luerat
1311 738 1326 779 ι
1344 721 1526 801 palaez-quia
1544 726 1722 796 potestatem
1737 723 1783 781 eis
1796 718 1885 780 dedit
1898 718 2001 793 ligau-

225 808 278 863 aut
293 801 361 881 ejus
376 805 456 874 tete,
470 800 582 863 remitti
595 809 839 879 pessepeecate.
980 849 982 853 ,
1129 800 1159 861 di
1174 808 1204 864 ιι
1219 800 1368 875 ιιιιιιιιι,
1386 803 1629 875 utipseaPatre
1644 808 1814 880 acceperat:
1848 808 2002 879 quaeest

263 883 325 945 Sed
341 884 400 947 boc
416 890 628 961 argumentum
644 884 722 946 adeo
737 900 796 945 nen
814 882 913 945 timuit
927 900 954 944 s.
968 882 1039 955 beo,
1053 887 1086 943 ut
1129 882 1337 964 chrysostomi
1353 884 1514 963 expositio.
1531 887 1591 947 Sed
1609 893 1708 949 taurea
1723 884 1844 962 occepit
1870 883 1947 960 ipse
1971 888 2002 943 ul
2029 948 2030 957 .

220 964 251 1025 in
267 966 375 1028 eadem
390 972 481 1045 epist.
497 965 549 1027 91.
565 966 601 1027 ed
616 964 912 1039 Tireedorum,lrunc
926 966 1027 1044 ipsum
1039 965 1084 1026 le·
1128 964 1236 1039 Filius,
1254 976 1284 1029 et
1299 970 1427 1048 proinde
1444 966 1533 1031 telem
1549 986 1584 1030 uc
1600 975 1711 1031 tentam
1730 1014 1738 1041 ,
1761 973 1794 1029 ut
1818 972 1935 1045 posset
1959 974 2002 1027 et·
2029 1022 2030 1061 1

220 1064 289 1111 eum
306 1048 479 1111 Ezechielis
494 1049 664 1121 adduxerit,
683 1050 734 1111 ubi
750 1051 841 1128 paule
858 1054 928 1111 ante
950 1049 1085 1125 scripse·
1127 1048 1186 1112 iarn
1204 1052 1272 1113 sine
1286 1054 1487 1114 sacramentis
1499 1050 1680 1129 iustificare:
1697 1050 1781 1113 dedit
1804 1056 1913 1111 autem
1931 1066 2001 1108 caru

218 1139 275 1207 rat,
293 1132 388 1194 Deam
400 1132 575 1204 ordinasse,
591 1136 624 1192 et
638 1132 706 1193 sine
721 1132 915 1195 sacerdotum
927 1130 1083 1208 supplice·
1129 1133 1288 1210 apostolis,
1306 1141 1339 1195 ιι
1353 1134 1501 1197 ministris
1529 1151 1563 1195 rc
1579 1134 1686 1206 serris,
1703 1150 1738 1196 ac
1751 1148 1809 1210 per
1824 1131 1887 1195 bec
1904 1132 2003 1207 lenge

221 1214 302 1277 tiene
318 1214 508 1293 indulgentia
525 1213 624 1274 divina
641 1220 774 1293 nequeat
792 1214 938 1277 obtineri.
959 1214 996 1273 ιι
1011 1215 1084 1283 iure
1129 1217 1279 1279 mineram
1305 1223 1335 1277 el
1350 1219 1563 1287 sacramentis,
1581 1218 1711 1295 aliisque
1731 1215 1844 1285 inediis
1859 1232 1876 1273 a
1893 1230 1932 1273 se
1957 1214 2003 1271 in·

218 1298 424 1359 convenitis
441 1304 574 1359 mentem
590 1312 616 1358 s.
634 1297 777 1369 Laeuini
791 1298 851 1359 bec
869 1300 1084 1375 argumentum
1128 1298 1241 1359 stitutis
1253 1298 1418 1377 alligatam.
1988 1358 1993 1365 .

219 1380 350 1451 timeret,
367 1396 437 1442 cum
453 1395 514 1441 nen
529 1379 685 1457 ignoraret
699 1382 855 1441 nemirrem
871 1395 955 1452 esse,
973 1379 1037 1456 qui,
1053 1384 1085 1439 ut
1167 1380 1251 1443 Misit
1266 1381 1356 1443 etiam
1372 1379 1512 1446 Cirrlstus
1526 1380 1693 1460 apostoles,
1710 1387 1743 1441 et
1768 1379 1836 1457 ipse
1864 1395 1881 1437 a
1910 1378 2001 1438 Patre

217 1469 349 1538 eportet,
365 1463 560 1541 ingemiscat,
578 1463 629 1539 qui
647 1479 707 1523 een
724 1464 826 1541 cupiat
840 1478 876 1524 ea
892 1462 1028 1523 remedia
1051 1478 1082 1523 a·
1130 1463 1245 1528 misses
1260 1464 1370 1537 iuerat,
1386 1464 1456 1543 quia
1472 1465 1509 1525 ad
1525 1464 1555 1525 id
1572 1480 1627 1526 ees
1643 1464 1736 1537 misit,
1753 1464 1791 1535 ad
1817 1462 1907 1541 qued
1931 1461 1999 1537 ipse

220 1545 320 1607 nimae
335 1560 409 1607 suae
425 1545 605 1607 vulneribus
630 1546 789 1623 sentinari,
817 1559 895 1623 quae
921 1543 1003 1606 Deus
1029 1557 1083 1621 pre
1126 1546 1223 1607 luerat
1237 1546 1513 1620 missusnidelieet
1527 1546 1565 1609 ad
1582 1546 1827 1615 reconciliandos
1849 1543 1998 1605 immines

220 1634 395 1704 temporum
408 1627 550 1689 varietate
566 1628 709 1689 instituit.
726 1629 848 1709 Alioqui
862 1628 888 1694 si
900 1625 1084 1704 simpliciter
1127 1626 1202 1701 Dee,
1220 1632 1257 1689 ed
1274 1630 1467 1709 evangelium
1482 1628 1734 1708 praedicandum,
1759 1630 1797 1689 ad
1820 1627 1997 1689 Ecclesiam

217 1710 349 1786 gemitus
366 1710 552 1790 quicumque
568 1709 722 1773 sufficeret
737 1712 775 1771 ad
790 1712 932 1792 salutem,
956 1725 1017 1769 nee
1033 1724 1084 1770 se·
1129 1713 1370 1791 propagandam
1387 1729 1466 1789 quae
1481 1719 1528 1778 est
1543 1712 1693 1790 expositio
1710 1710 1826 1791 cyrilli.

217 1792 281 1853 lum
297 1793 464 1866 cenlessie,
487 1793 543 1855 sed
570 1793 660 1854 etiam
686 1793 860 1869 Baptismus
871 1804 875 1813 ’
887 1792 1085 1855 necessarius
1167 1793 1308 1874 Denique
1323 1795 1407 1862 misit
1421 1794 1560 1859 Christus
1574 1793 1743 1873 apostoles,
1759 1799 1794 1855 ut
1808 1793 1892 1870 ,ipse
1908 1808 1927 1851 a
1951 1790 1999 1851 Pa·

217 1890 279 1937 nen
295 1883 391 1951 esset3
407 1875 487 1937 adde
503 1877 606 1948 etiam,
636 1878 704 1937 sine
719 1876 793 1949 ilde,
809 1892 865 1953 spe
882 1881 913 1937 et
937 1874 1084 1937 enaritate
1127 1880 1171 1937 tre
1187 1878 1303 1945 missus
1318 1876 1427 1941 iuerat:
1445 1878 1514 1956 quia
1530 1878 1613 1941 misit
1626 1894 1691 1948 ees,
1709 1893 1771 1939 nee
1786 1876 1824 1937 ad
1853 1874 1995 1936 delicias

216 1958 359 2020 bemines
368 1956 596 2037 justificandam
613 1960 682 2036 quis
698 1960 782 2021 enim
794 1958 1015 2037 prohibetque
1028 1959 1084 2017 mi·
1126 1961 1183 2025 sed
1199 1960 1236 2021 ad
1253 1976 1389 2035 crucem,
1406 1961 1479 2023 licet
1495 1961 1693 2023 vehementer
1717 1958 1997 2035 amaretzqucmad·

216 2057 276 2101 ιιι
291 2041 330 2101 eb
347 2042 446 2103 selum
464 2041 632 2121 temporale
648 2043 792 2105 demeum
815 2042 927 2122 aliquis
953 2040 1090 2119 ingemia
1127 2044 1253 2105 medum
1267 2045 1335 2122 ipse
1351 2061 1366 2104 a
1383 2044 1468 2107 Patre
1483 2044 1602 2123 inlicito
1616 2058 1719 2104 amore
1742 2040 1950 2119 diligebatur,
1972 2048 1995 2098 ιι

216 2122 299 2183 seatl
314 2123 578 2195 Quemadmodum
595 2126 686 2202 igitur
702 2126 732 2185 in
748 2142 785 2187 ee
800 2124 982 2203 gemituaul
997 2123 1083 2183 salus
1127 2130 1229 2193 tamen
1244 2126 1280 2188 ad
1305 2127 1480 2204 passionem
1496 2133 1527 2189 ιι
1551 2133 1678 2190 mertem
1697 2170 1706 2195 ,
1732 2140 1795 2187 nen
1821 2125 1861 2185 ad
1893 2124 1993 2184 ιιιιι

216 2223 232 2265 ι
249 2206 312 2267 ileo
329 2207 524 2285 promittitur,
542 2207 712 2269 includitur
726 2207 819 2278 tides,
835 2224 921 2285 spes,
937 2205 1082 2279 charitas,
1126 2208 1238 2285 gaudia
1254 2208 1439 2272 mittebatur:
1455 2218 1594 2289 quaeest
1618 2206 1781 2287 explicatio
1798 2221 1827 2267 ε.
1856 2204 1992 2282 Gregorii

215 2293 333 2365 peceati
350 2290 513 2351 detestatio
540 2296 571 2350 et
586 2292 781 2368 prepositum
795 2291 873 2350 ritae
889 2287 1084 2361 meliorisne
1128 2290 1233 2355 bentii.
1251 2290 1304 2355 ss.
1321 2291 1351 2356 ie
1367 2293 1539 2373 evangelia.

215 2372 305 2432 etiem
321 2371 464 2449 baptismi
481 2381 533 2433 aut
548 2372 755 2435 coelessienls
770 2378 871 2433 tetum
887 2390 923 2434 ae
943 2371 1081 2451 proposi·
1124 2430 1127 2435 ,
1285 2380 1286 2383 ’
1518 2378 1519 2381 ’

216 2458 278 2516 tum
294 2456 481 2523 centimolum
499 2460 529 2515 et
542 2456 623 2517 sicut
639 2471 700 2517 nen
716 2456 801 2517 addit
814 2456 853 2517 ad
868 2455 961 2517 rerba
979 2452 1082 2515 Demi·

215 2536 257 2605 ni,
275 2537 330 2601 sed
347 2538 396 2598 iile
413 2542 620 2616 cerrgrueeter
635 2538 773 2617 exponit,
795 2538 848 2615 qui
874 2540 911 2600 ad
931 2534 1081 2617 justitias·
1667 2584 1669 2597 .

213 2618 327 2681 tionem
344 2628 465 2697 praeter
480 2620 639 2697 gemitum,
654 2619 759 2695 iidem,
773 2637 874 2699 spem,
887 2621 1082 2690 charitatem,
1448 2609 1563 2673 Ctll’Ul
1591 2608 1670 2673 xlx.

213 2708 243 2761 et
257 2703 315 2763 alia
330 2718 408 2781 quae
424 2702 568 2774 diximus,
586 2702 692 2781 exigit3
709 2704 756 2766 sie
776 2705 868 2765 etiam
895 2720 957 2765 een
983 2701 1079 2773 addit,

211 2783 268 2844 sed
280 2790 420 2862 exponit,
436 2786 488 2861 qui
505 2791 626 2864 praeter
640 2788 802 2865 gemitum,
820 2792 923 2849 retum
935 2782 1082 2863 baptismi

211 2873 262 2927 aut
277 2866 484 2929 eerrlessienis
500 2868 639 2946 requirit.

1290 2826 1434 2893 Diluitur
1445 2828 1489 2891 ll:
1503 2828 1635 2905 objectio
1659 2827 1830 2893 ltemnitii.

1168 3019 1310 3091 Secunda
1326 3024 1460 3104 obiectio
1476 3022 1619 3087 llemnitii
1641 3022 1773 3087 babetur
1799 3038 1875 3103 pag.
1906 3016 1990 3081 teet.

706 3175 715 3190 ,
1129 3122 1228 3184 uscue
1244 3106 1280 3169 ed
1296 3123 1367 3187 pag.
1386 3106 1476 3170 loli.
1494 3107 1545 3170 ubi
1561 3113 1774 3186 argumentum
1789 3104 1882 3166 ducit
1900 3118 1938 3165 ex
1953 3102 1991 3163 hi·
2029 3167 2030 3176 χ

522 3170 642 3238 CAPUT
664 3175 773 3236 ΧῊΠ·
1021 3197 1028 3204 ’
1128 3191 1219 3252 steria
1234 3189 1376 3262 Nectarii,
1393 3190 1482 3270 cujus
1499 3194 1573 3253 baec
1588 3207 1719 3252 summa:
1746 3185 1914 3264 Confessio
1939 3203 1993 3262 ptr·
2029 3177 2030 3254 ι

1129 3271 1382 3352 blicaabreqnta
1394 3273 1457 3351 fuit
1485 3279 1513 3336 et
1525 3278 1651 3346 mutata
1664 3273 1702 3336 in
1722 3272 1895 3350 priuatam
1907 3267 1947 3330 alr
1962 3285 1990 3326 e-

375 3415 378 3421 .
1127 3356 1278 3434 piscapis,
1305 3361 1447 3434 tempere
1472 3356 1561 3420 Decii
1584 3356 1789 3434 imperatoris
1813 3359 1847 3416 et
1870 3359 1989 3430 postea.

229 3495 232 3501 ,
312 3433 455 3498 bunnar
470 3437 496 3498 l.
513 3435 646 3517 obiectio
661 3435 794 3500 Martini
804 3435 971 3502 Kemnitii.
1128 3437 1288 3515 Confessio
1304 3445 1414 3501 antean
1425 3440 1554 3517 priuata
1576 3435 1733 3516 abnegata
1757 3437 1822 3514 suit
1851 3441 1990 3509 tempore

1116 3519 1276 3584 ¹lienterii:
1291 3521 1393 3599 igitur
1405 3537 1464 3584 nee
1485 3519 1628 3600 publica,
1644 3537 1703 3584 aec
1717 3521 1853 3598 priuata
1866 3517 1986 3592 cenim-

1123 3605 1170 3665 ιιι
1186 3604 1372 3668 neccssaria
1386 3603 1514 3684 estjnre
1530 3605 1653 3678 dicium
1665 3619 1771 3680 neque
1783 3601 1879 3663 enim
1893 3600 1991 3661 saneti

253 3678 400 3743 llartieus
415 3679 591 3744 llemnitius
607 3681 638 3745 ie
653 3683 685 3744 2.
702 3701 767 3763 par.
784 3701 887 3748 esem.
909 3701 980 3765 pag.
1005 3683 1079 3748 9ιι.
1122 3685 1175 3747 ilii
1188 3685 1299 3748 Patres
1313 3685 1370 3762 ‚ius
1386 3681 1537 3750 diuinum
1549 3687 1657 3749 tollere
1673 3687 1747 3747 arui
1760 3685 1918 3762 [ιιιιιιι.

212 3769 244 3824 ιι
263 3763 467 3842 sequentibus
483 3767 577 3842 multe
594 3773 773 3844 argumenta
789 3775 894 3830 centra
911 3771 1079 3830 necessita·
1165 3767 1328 3830 Cenllrmat
1343 3770 1434 3830 etiam
1449 3768 1508 3830 bec
1522 3775 1736 3848 argumentum
1756 3766 1938 3827 llemnilius
1956 3779 1987 3822 ιι

213 3853 274 3908 tem
288 3844 496 3908 consessionis
507 3849 725 3928 adducit,quae
737 3867 807 3914 eum
820 3867 855 3924 ιι
866 3851 982 3914 Caluini
995 3850 1083 3915 insti·
1124 3849 1250 3912 historia
1266 3852 1399 3913 Socratis
1415 3851 1458 3913 lib
1473 3851 1504 3912 5.
1521 3869 1588 3928 cap.
1608 3850 1655 3911 ts.
1673 3850 1725 3912 ubi
1739 3849 1880 3930 legimus
1894 3847 1989 3908 mulie·

214 3925 383 3989 talionibus
399 3928 463 3989 lere
480 3929 662 4009 deprompta
688 3933 771 4008 sint,
803 3935 952 3997 dissoluta
980 3933 1077 3996 rideri
1125 3950 1188 3996 rem
1202 3934 1356 4012 quandam
1369 3935 1541 3996 confessam
1555 3949 1625 3996 esse
1638 3933 1824 4013 presbytero
1838 3930 1992 4010 poeniten·

161 4059 167 4068 .
214 4015 356 4088 pessunt.
373 4011 554 4074 Percurram
569 4014 773 4078 nibilominus
788 4016 904 4089 emnia,
927 4021 962 4079 ut
981 4016 1030 4080 rel
1045 4032 1081 4082 ιι
1126 4016 1211 4079 ιιιιιι
1239 4015 1317 4080 κατὰ
1343 4015 1449 4097 aspir„
1479 4017 1571 4088 idest,
1603 4033 1648 4098 ιιιΙ
1670 4022 1754 4093 parte
1772 4033 1780 4074 :
1798 4031 1841 4076 ex
1863 4029 1921 4088 nne
1942 4029 1991 4071 se·

211 4093 339 4165 selvam,
362 4093 409 4154 rel
424 4093 489 4172 jam
506 4095 605 4158 seluta
621 4113 693 4160 esse
708 4099 881 4165 estendam.
1113 4099 1236 4178 ¹quitur,
1255 4100 1427 4161 nentuisse
1452 4105 1522 4161 tunc
1549 4099 1770 4170 necessarium,
1784 4094 1936 4159 confiteri
1958 4109 1989 4153 e·

254 4175 352 4236 Prima
369 4175 504 4252 objectio
520 4179 650 4240 babetur
666 4180 776 4260 pagina
802 4180 874 4243 986.
891 4179 944 4243 ιιι
960 4181 1019 4242 ιοι
1035 4199 1081 4246 ιι·
1124 4181 1205 4242 meis
1221 4186 1346 4258 peccata
1363 4182 1482 4261 integre
1496 4181 1565 4262 jure
1582 4178 1871 4244 diriee.Cenilrmat
1888 4193 1990 4238 rursus

214 4262 395 4338 gementum
410 4257 585 4323 llemnitius
607 4261 688 4322 lacit:
720 4261 791 4326 llen
816 4263 911 4327 aliter
926 4261 1081 4340 ‚Obrutus
1125 4270 1156 4325 et
1170 4264 1276 4326 eadem
1294 4265 1432 4336 bisteria,
1450 4264 1502 4326 ubi
1518 4265 1661 4343 legimus,
1680 4280 1774 4326 neure
1802 4263 1905 4324 luisse
1928 4277 1986 4336 pre-

212 4339 372 4419 npasteles
386 4341 486 4415 misit,
502 4359 604 4422 quam
617 4344 686 4420 ipse
700 4346 818 4408 misem
840 4340 960 4423 [uerat.
982 4346 1080 4410 leun.
1125 4346 1283 4426 sbyterum
1298 4347 1566 4423 poenitentiarium
1582 4345 1613 4420 in
1629 4345 1768 4414 Ecclesia
1781 4345 1988 4406 constantine

211 4422 526 4487 susannense
542 4425 649 4493 Pater.
667 4429 1080 4508 caenomanensium
1123 4431 1268 4508 pelitens.
1284 4429 1362 4492 ilinc
1377 4429 1460 4492 enim
1476 4429 1663 4509 colligimus,
1681 4445 1743 4490 nee
1761 4427 1862 4493 inisse
1888 4441 1989 4488 neces

212 4505 258 4566 ad
270 4506 455 4580 pasicratem
470 4507 712 4584 confasionem,
734 4511 785 4574 nei
809 4529 876 4582 ere,
901 4513 951 4574 nel
976 4513 1080 4590 signis
1122 4515 1237 4577 serium
1251 4528 1288 4576 ee
1305 4519 1454 4590 tempere,
1471 4516 1504 4574 ut
1516 4511 1632 4590 singuli
1649 4517 1773 4588 peccata
1790 4511 1896 4575 omnia
1921 4524 1989 4568 eon·

211 4588 288 4648 aliis
303 4602 502 4666 repressam,
518 4589 753 4656 absolutionem
764 4594 1081 4672 impertiebatnrme·
1122 4593 1397 4672 iterenturmenue
1413 4595 1496 4672 enim
1511 4593 1543 4656 iu
1560 4601 1619 4656 tom
1631 4596 1731 4670 ampla
1745 4593 1895 4663 urbe,nbi
1908 4601 1989 4652 erent

209 4670 705 4751 quesinqnlernmpeceaterum
716 4678 995 4752 enumerationem
1006 4678 1078 4742 eni,
1123 4677 1173 4740 sc.
1190 4677 1375 4758 presbyteri,
1394 4685 1531 4756 tempere
1545 4675 1722 4744 iustiniani,
1740 4675 1898 4754 potuisset
1910 4689 1987 4734 unus

212 4752 318 4831 gebat.
334 4760 468 4832 utpatet
480 4756 557 4818 Luc.
575 4757 606 4816 l.
623 4758 664 4818 de
674 4761 869 4836 peceatrice,
885 4767 915 4821 et
928 4760 1075 4824 tintus.
1123 4762 1294 4842 presbyter,
1311 4767 1354 4831 tet
1368 4777 1403 4822 ac
1419 4767 1478 4820 tare
1493 4760 1601 4839 leugas
1623 4761 1839 4822 carriessiones
1865 4757 1987 4817 audire.

212 4838 253 4897 de
266 4836 460 4929 paralytice:
476 4840 657 4918 nenigitur
670 4840 786 4906 debent
805 4843 949 4906 ministri
962 4860 984 4905 a
1003 4859 1078 4921 ιιι·
1165 4842 1358 4922 Respondeat
1375 4841 1482 4904 Totum
1499 4841 1557 4907 bec
1572 4849 1783 4922 argumentum
1799 4857 1837 4902 ιι
1863 4841 1987 4912 ιιιιιιι-

210 4917 386 4983 edentibus
397 4922 528 4999 exigere
541 4923 749 5000 singulorum
770 4931 976 5004 peccaterum
998 4941 1077 4988 enu-
1123 4926 1161 4988 ιιι
1178 4931 1421 5006 coagmentatum
1437 4925 1595 4988 assellam
1608 4927 1689 5001 qued
1703 4926 1801 4998 prime
1814 4925 1884 4986 lece
1897 4919 1987 4982 ilem

212 5003 438 5064 meret-ionem.
580 5052 582 5057 .
1122 5010 1215 5072 nitius
1230 5007 1545 5079 dicit,cenlessienenr
1559 5008 1713 5086 publicam
1726 5008 1902 5086 abrogatam
1915 5003 1989 5064 tuis·

257 5083 454 5161 llespendee:
470 5083 569 5148 Verba
584 5086 649 5149 ille:
667 5088 755 5153 Siara
767 5091 855 5152 nnn
867 5107 919 5152 me
932 5089 1028 5154 Pater
1049 5093 1079 5153 et
1122 5107 1157 5154 se
1174 5097 1311 5170 tempere
1326 5083 1410 5154 ll'eeii
1423 5090 1461 5153 ab
1484 5090 1654 5171 episeopis,
1680 5090 1791 5154 laisum
1817 5095 1878 5160 est,
1906 5093 1938 5146 et
1954 5102 1989 5146 ιι

216 5168 455 5245 eqemittenas.
472 5184 533 5230 eon
548 5167 587 5230 ita
603 5171 783 5249 accipienda
808 5188 892 5246 esse,
915 5176 1004 5251 quasi
1026 5187 1077 5236 ee·
1120 5171 1291 5254 igeertntia
1307 5173 1466 5236 maniiesta
1483 5171 1664 5250 proiectum.
1687 5171 1761 5234 Nem
1785 5172 1866 5248 quod
1896 5170 1988 5232 Sese-

213 5249 283 5343 dem
297 5249 387 5312 mode
403 5251 566 5312 debuerint
580 5254 728 5330 apostolis
743 5256 845 5317 emnia
860 5255 1038 5334 tacereque
1053 5273 1069 5316 a
1115 5272 1226 5320 menes
1238 5255 1361 5334 scripsit
1368 5256 1454 5336 juxta
1464 5253 1737 5319 fidemiussiederi
1750 5257 1780 5317 ln
1791 5252 1990 5330 bist‘lripar·

213 5328 333 5392 Cbrrste
350 5333 417 5409 ipse
432 5332 557 5395 llebant:
574 5336 687 5412 alioqui
703 5339 785 5399 enim
802 5354 861 5400 nan
878 5338 1069 5412 debuissent,
1117 5342 1180 5408 lita,
1198 5340 1252 5404 lib·
1268 5338 1299 5406 9ι
1316 5356 1384 5418 cap,
1410 5337 1461 5401 35.
1487 5339 1586 5402 risum
1613 5355 1683 5401 esse
1711 5335 1927 5401 sacerdotibus
1943 5337 1983 5396 ab

214 5411 314 5476 ictor.
329 5413 361 5474 2.
377 5417 506 5489 apostoli
522 5417 673 5494 baptizare
688 5418 718 5482 in
735 5419 1072 5499 remissionempecea·
1117 5423 1252 5498 initie;ut
1266 5428 1390 5502 peecata
1406 5427 1557 5500 tamquam
1575 5423 1604 5485 in
1621 5423 1737 5484 theatra
1759 5421 1984 5499 panderentur,

212 5497 322 5583 lerurn,
340 5497 408 5574 quia
426 5496 565 5560 Christus
580 5500 648 5563 sine
663 5500 816 5578 baptisma
830 5502 956 5580 peccata
981 5504 1073 5564 ιιιιιι-
1117 5503 1210 5568 reiert
1223 5503 1398 5568 Remeilius'
1411 5504 1448 5566 ad
1465 5521 1500 5566 ea
1517 5513 1666 5584 tempera,
1683 5521 1761 5584 quae
1787 5503 1986 5564 Neratinnam

213 5580 253 5632 ιιι
268 5574 463 5655 llagdaleeae
478 5587 509 5641 et
523 5583 699 5662 paralytica
716 5599 774 5646 nec
799 5584 982 5648 debuissent
1005 5585 1070 5648 det.
1117 5587 1282 5660 baeresim,
1300 5595 1330 5650 et
1345 5587 1506 5664 imperium
1523 5587 1606 5650 Decii
1624 5594 1872 5666 praecesserunt.
1894 5585 1988 5646 liele·

214 5651 245 5714 8.
269 5672 323 5733 per
345 5660 571 5738 impositionem
593 5681 737 5726 araneum
763 5665 908 5744 Spiritum
932 5674 1071 5732 sanetum
1118 5671 1169 5745 de,
1186 5671 1248 5734 ruli
1261 5673 1348 5738 islam
1362 5671 1611 5734 constitutionem
1625 5669 1662 5734 de
1676 5671 1799 5750 publius
1813 5669 1990 5732 contessio-
