4084 6275
294 394 346 458 138
882 396 925 452 ht
946 389 1166 452 stcnttthnto
1187 389 1344 448 atausut

220 527 482 598 traditionemet
496 523 653 588 Ecclesiae
667 521 918 590 dcelamtionem.
937 527 1022 602 ercrl
1040 525 1087 592 cst
1132 525 1234 594 tihi.
1252 523 1290 586 rin
1302 521 1415 604 Spiritu
1428 527 1544 587 sanun.
1564 535 1623 582 nan
1641 519 1802 599 proculab
1818 523 1997 594 initiutlhtn

220 610 511 680 Notandamccntra
527 607 695 682 Calvinum,
712 616 742 670 ct
757 610 1086 691 alios'haereticcs‚qrri
1132 612 1221 670 etinin
1238 608 1409 686 Ntsscnum
1438 607 1468 667 in
1499 605 1576 667 libro
1597 605 1636 664 rte
1662 605 1817 683 baptismo
1840 617 1910 672 ante
1934 631 1996 676 mc-

221 695 353 758 eanrtem
369 691 494 752 ternanos
511 691 726 764 praescribunt
746 691 778 752 in
795 694 853 756 ritu
875 695 1031 772 baptismi,
1058 702 1088 757 ct
1131 693 1227 753 dium.
1246 690 1494 768 chrysostomum
1510 689 1541 750 in
1557 703 1624 764 cap.
1638 686 1668 747 t.
1685 689 1722 748 ad
1735 687 1899 765 Ephesios.
1914 694 1946 756 in
1961 698 1997 758 il·

221 780 330 838 eadem
346 780 481 840 utuntur,
498 790 567 834 cum
579 779 682 834 tamen
697 775 795 836 nolint
808 778 1013 845 traditionem,
1031 779 1086 840 sed
1130 775 1195 835 lud:
1214 775 1458 836 tltundaueeern
1469 773 1610 834 tacuero.
1624 769 1846 834 Nazianzenurn
1858 779 1997 842 aratione

222 860 319 920 solam
341 855 708 934 Scripturamadrnittere.
724 856 759 918 tn
772 861 930 936 evangetio
943 861 1017 921 nihil
1035 863 1085 920 ha·
1130 858 1161 917 in
1178 862 1317 918 sanctum
1344 858 1495 917 latinarum
1513 867 1608 932 prope
1634 851 1739 915 ltnem.
1770 852 1996 926 Damascennur

221 942 331 1004 bernus
348 939 407 1003 uisi
423 953 517 1001 uniam
531 937 752 1010 testimonium,
766 941 868 1002 ltatth.
885 942 937 1002 28.
951 945 1087 1016 tientes
1131 940 1184 1001 tib.
1202 938 1233 999 t.
1250 956 1319 1017 cap.
1339 934 1707 1014 incimmemmaum
1731 936 1760 996 iu
1778 953 1846 1014 cap.
1864 941 1996 1006 ultllat·

221 1027 450 1089 dceeteanaues
467 1020 590 1087 Gentes.
610 1021 814 1099 baptizantes
836 1041 888 1087 ecs
903 1028 1087 1088 tractamine
1131 1021 1222 1083 thaei.
1236 1021 1391 1082 Praeterea
1407 1038 1445 1082 nr
1461 1019 1573 1081 Latinis
1588 1017 1807 1080 Tertullianum
1820 1023 1874 1082 nn.
1890 1033 1995 1090 cantra

221 1105 340 1174 Patras,
356 1101 522 1166 attereret
543 1103 683 1180 Spiritus
697 1109 814 1168 coacti.
834 1109 874 1168 tir
890 1109 1004 1186 quihus
1020 1125 1087 1170 ver·
1131 1105 1287 1169 Praxeurn.
1305 1111 1335 1164 et
1348 1104 1402 1163 lth.
1421 1105 1458 1165 de
1474 1119 1585 1164 corona
1610 1101 1726 1164 militis.
1756 1101 1939 1181 Cypriannrn
1964 1111 1995 1171 in

220 1190 281 1260 bis,
298 1187 404 1250 sisela
427 1185 671 1259 considerentur,
702 1205 763 1249 nou
790 1190 930 1267 cogimur
953 1192 1085 1268 dicerc;
1130 1189 1220 1263 urrist.
1239 1187 1275 1250 art
1291 1185 1485 1265 Jubnjnnum.
1501 1184 1649 1246 littorium
1665 1184 1719 1246 lib.
1750 1185 1787 1246 dc
1811 1189 1938 1264 synodis
1965 1194 1996 1254 in

221 1273 288 1350 Epa
301 1277 329 1332 te
344 1269 567 1346 baptisasicut
580 1285 638 1330 non
652 1269 982 1348 cogimurdicerecurn
999 1291 1085 1351 praa·
1131 1271 1204 1331 hnc.
1222 1270 1413 1332 ttntbrosinnr
1438 1269 1491 1329 tlh.
1509 1268 1592 1328 iada
1608 1267 1810 1331 sacramentis
1826 1287 1894 1347 cap.
1910 1271 1942 1334 ὅ.
1966 1282 1998 1336 ct

221 1354 372 1424 dicamas,
388 1352 453 1430 Ego
467 1367 520 1412 ros
535 1351 645 1427 docem
658 1354 713 1413 sed
726 1355 871 1416 ridemur
880 1357 1057 1418 satisfacere
1075 1405 1083 1430 ‚
1130 1353 1160 1415 l.
1176 1354 1215 1415 de
1227 1352 1277 1424 iis,
1293 1353 1345 1431 qui
1360 1352 1521 1414 initiantur¹
1535 1349 1687 1427 mysteriis
1703 1367 1771 1428 cap.
1798 1350 1829 1412 t.
1848 1353 1995 1437 tticrnny·

220 1436 246 1498 si
262 1436 452 1514 baptizemus
482 1441 512 1494 et
526 1433 704 1502 doceamus,
723 1437 840 1498 etiarnsi
857 1455 918 1499 nan
935 1440 1085 1517 erprirna·
1131 1454 1212 1498 rnurn
1229 1438 1260 1496 in
1277 1453 1343 1512 cap.
1361 1434 1391 1494 l.
1408 1435 1444 1494 art
1469 1433 1582 1512 tiphos.
1607 1429 1747 1493 Strictum
1762 1433 1792 1493 in
1804 1435 1895 1511 epist.
1915 1439 1997 1502 ttu-

220 1534 290 1580 mus
305 1519 408 1579 verbis
422 1516 525 1578 nos-tn
541 1516 653 1579 tacere.
679 1517 745 1580 Pari
757 1521 875 1582 ratione
891 1539 951 1582 nau
966 1523 1086 1601 calligi-
1130 1520 1307 1580 nocentium
1319 1517 1409 1595 epist.
1426 1517 1477 1578 22.
1493 1514 1702 1605 augustinum
1720 1515 1807 1577 tibh.
1825 1518 1862 1578 rte
1876 1518 1994 1596 Baptis-

219 1606 268 1662 tur
284 1602 444 1663 evidenter
458 1601 571 1661 cxtmc
586 1602 653 1660 soto
680 1601 761 1670 loca.
784 1610 927 1678 oportere
953 1607 1085 1679 ‹licere;
1130 1619 1179 1663 ruo
1196 1617 1264 1678 cap.
1281 1601 1331 1662 25.
1349 1599 1482 1660 Leonem
1506 1600 1536 1657 in
1567 1602 1658 1674 epist.
1687 1597 1717 1660 l.
1742 1599 1934 1676 uutgeuuurn
1953 1607 1994 1668 (le

218 1682 259 1747 ln
271 1684 406 1746 conatam
417 1681 569 1753 Patriam
583 1681 662 1743 Filii
686 1690 716 1746 et
729 1684 868 1762 Spiritus
882 1691 998 1749 eoacti:
1015 1706 1085 1764 pos·
1130 1685 1352 1754 incarnatione,
1370 1683 1504 1761 nigratis
1519 1678 1629 1742 onusti
1644 1695 1713 1758 cap.
1746 1682 1795 1742 lt.
1813 1682 1997 1762 (tragurium

218 1772 267 1836 set
278 1766 360 1828 enirn
372 1766 483 1843 erponi
500 1765 664 1833 ructuas
678 1775 727 1828 ret
742 1770 781 1830 rte
795 1768 856 1830 hnc
871 1770 1036 1838 Trinitatis,
1053 1776 1087 1833 ut
1131 1769 1184 1828 tlh.
1200 1766 1232 1829 il.
1247 1765 1337 1844 epist.
1352 1765 1404 1826 ci.
1736 1815 1738 1820 .

217 1845 409 1925 baptizemus
427 1850 455 1908 in
471 1847 533 1908 aaa
547 1845 714 1924 Trinitatis;
730 1851 776 1910 vel
797 1852 885 1910 etiarn
902 1853 940 1912 nc
956 1856 1085 1916 auctari·
1171 1851 1276 1928 Ncqrre
1290 1849 1342 1909 itta
1357 1849 1626 1926 argumentatione
1643 1845 1803 1922 posuimus
1819 1865 1872 1922 pru
1889 1867 1998 1913 aarum

220 1937 291 2003 tate,
309 1932 401 2003 idest,
415 1940 446 1989 nt
459 1930 647 2006 baptizemus
660 1935 864 1993 auctoritatae
880 1935 945 1994 llea
960 1947 1084 2014 accepta
1128 1931 1288 2010 opinione,
1305 1932 1357 2009 uiri
1374 1930 1520 2007 putabant
1533 1926 1719 2004 Baptismurn
1737 1944 1806 1990 csse
1828 1939 1937 2002 ratum,
1963 1938 1991 1996 si

220 2013 478 2088 quemadmodum
492 2029 561 2072 eum
573 2011 664 2072 llarci
682 2014 737 2076 ult.
750 2015 940 2093 legimuszln
952 2020 1086 2081 ‘nomine
1130 2016 1297 2076 innomine
1314 2013 1411 2073 satius
1425 2011 1535 2072 Christi
1556 2012 1680 2072 narretur
1697 2056 1704 2076 ,
1723 2012 1837 2088 aliquid
1865 2017 1996 2078 ‹conctu-

218 2110 289 2159 rneo
305 2095 482 2159 domanio
496 2092 626 2173 ejicient
640 2101 701 2158 cte.
718 2096 749 2158 Si
762 2104 864 2160 tamen
882 2100 1086 2176 adjungamus
1130 2101 1216 2157 (trani.
1235 2098 1275 2156 hrt
1294 2096 1425 2159 Primum
1442 2096 1480 2155 dc
1493 2093 1634 2168 exemplo
1658 2097 1877 2170 apostolurum.
1896 2100 1996 2178 ntiqui

216 2179 351 2240 eubano
367 2177 468 2241 laetam
483 2176 645 2254 evangelii,
675 2178 832 2242 Ecclesiae
846 2183 1055 2243 alletoritatem
1075 2228 1082 2250 .
1130 2178 1391 2241 Satroiostiaarurn
1407 2176 1607 2254 respondent,
1631 2176 1792 2253 Apostolus
1821 2179 1849 2236 iri
1878 2181 1994 2244 irruisse

216 2260 371 2321 constabit
385 2259 570 2330 certissime,
584 2261 686 2323 omnia
703 2261 754 2324 itte
780 2264 871 2326 rerba
895 2267 932 2325 art
958 2266 1085 2329 iarmarn
1130 2279 1166 2322 ex
1182 2265 1312 2338 utranam
1330 2259 1476 2336 peculiari
1493 2259 1546 2319 ilci
1562 2257 1805 2334 dispensatione.
1833 2261 1905 2330 Scit,
1924 2283 1999 2324 curn

215 2341 362 2418 Baptismi
379 2342 545 2420 pertinere.
1129 2363 1231 2422 nequa
1248 2346 1277 2406 in
1292 2343 1457 2419 scripura,
1475 2357 1577 2419 neque
1594 2342 1623 2401 in
1640 2342 1704 2401 utto
1726 2345 1870 2418 concilio,
1890 2363 1997 2426 neque

257 2424 329 2493 batn
343 2426 373 2488 lu
396 2426 505 2502 primis
517 2440 587 2488 esse
603 2423 783 2488 dicendum:
796 2429 864 2507 Epo
878 2429 1019 2507 baptizo,
1037 2435 1081 2496 tel
1127 2427 1305 2490 inpubibus
1318 2427 1436 2502 legatur
1449 2423 1516 2484 talis
1528 2423 1851 2500 dispensatiusnlidus
1866 2443 1999 2506 respon-

215 2505 332 2586 aliquid
356 2507 523 2584 ejusmodi,
539 2524 600 2585 quo
615 2512 801 2585 exprimatur
826 2517 905 2574 actia
921 2515 1052 2577 ministri
1071 2565 1079 2590 ,
1127 2513 1212 2580 dent.
1230 2514 1280 2588 qui
1299 2514 1411 2584 negant
1426 2508 1588 2582 anastatus
1604 2507 1773 2588 baptizasse
1791 2553 1798 2578 ‚
1817 2508 1874 2570 nisi
1890 2510 1922 2570 in
1942 2528 2000 2574 no-

215 2590 309 2652 rtocet
320 2590 487 2655 concilium
503 2590 700 2654 {tarentinum
714 2593 744 2654 in
760 2595 962 2658 instructione
978 2597 1083 2659 Arma·
1127 2596 1209 2656 urina
1224 2594 1330 2662 Patris,
1347 2599 1377 2652 ct
1392 2590 1459 2652 Filii
1490 2595 1520 2651 et
1536 2589 1669 2666 Spiritus,
1683 2590 1793 2665 sanctu
1811 2591 1840 2652 td
1857 2595 1939 2670 quod
1953 2603 2000 2656 et·

216 2685 338 2734 norum:
356 2673 548 2738 doaetetiam
571 2670 744 2738 Alexander
759 2693 835 2755 papa
861 2678 914 2738 tlt.
929 2684 1013 2739 citra
1043 2682 1082 2744 rie
1125 2677 1184 2738 iarn
1198 2676 1393 2736 contractor
1405 2689 1442 2734 ex
1458 2671 1580 2748 capiti.
1593 2671 1768 2732 natantium
1781 2689 1851 2734 curn
1868 2677 1999 2751 qnidam

213 2753 379 2831 Baptistae,
394 2760 425 2816 et
438 2761 506 2833 ejas
520 2753 635 2818 ellectu
648 2757 757 2832 capsi
771 2761 844 2836 oum
857 2776 1012 2837 puerum:
1028 2763 1079 2824 do·
1125 2756 1501 2835 Pautadisissenutteque
1511 2753 1688 2829 siSpirttus
1700 2761 2001 2828 sanctiuestuuui·

213 2843 406 2904 contemnes
420 2838 613 2907 catechismi.
626 2844 658 2908 et
672 2841 798 2902 rituales
820 2841 903 2913 libri,
919 2844 1010 2904 etiarn
1027 2862 1079 2906 an·
1123 2842 1240 2914 cirratas:
1257 2840 1413 2917 subjunxit
1432 2839 1553 2899 Paulus:
1571 2837 1611 2898 tu
1625 2853 1689 2916 qua
1702 2852 1776 2915 erpo
1789 2839 1947 2916 baptizoti
1962 2860 1997 2903 c-

213 2919 391 2995 tiquissimi.
403 2918 544 2996 Denique
558 2919 650 2982 etiam
666 2923 742 2983 ratio
764 2923 793 2983 in
808 2923 910 2986 docet.
927 2925 998 2986 brim
1013 2929 1078 2988 sala
1123 2925 1199 2984 stis?
1214 2924 1330 2996 Quibus
1347 2922 1448 2983 verbis
1476 2919 1591 2982 indicat
1611 2921 1700 2980 etiarn
1723 2937 1781 2981 suo
1804 2928 1941 2999 ternpore
1964 2925 2000 2986 in

211 3001 264 3060 illa
277 3002 381 3062 rerba:
395 3001 435 3064 lu
447 3003 582 3066 nomime
595 3001 713 3075 Petris,
731 3011 760 3066 et
787 3005 867 3068 Filii
884 3014 913 3068 et
938 3008 1079 3085 Spiritus
1124 3005 1190 3083 ipsa
1207 3006 1301 3066 lornra
1318 3003 1474 3074 baptismi,
1505 3001 1653 3062 nominari
1684 3003 1809 3064 solitura
1841 3003 1996 3082 Spiritum

210 3084 328 3155 sancti,
345 3084 434 3151 etiarn
451 3088 602 3162 cumipse
620 3086 876 3159 toticneerterna,
895 3096 955 3152 non
975 3093 1078 3155 rictar-
1123 3093 1273 3149 sanetum.
1290 3088 1405 3149 Etcum
1421 3090 1538 3148 certum
1551 3086 1602 3151 sit.
1616 3099 1782 3161 numquam
1798 3087 1900 3149 datura
1917 3105 1996 3154 essa

212 3165 325 3229 ruiaate
341 3166 568 3246 significantia,
583 3170 664 3248 quart
691 3171 749 3231 hoa
776 3176 1077 3251 sacramentatstgni-
1122 3171 1152 3231 in
1178 3171 1300 3233 nomine
1313 3172 1410 3231 solius
1427 3168 1558 3247 Spiritus
1574 3168 1682 3231 sancti.
1700 3172 1839 3246 sequitur
1855 3178 1887 3231 ul
1899 3174 1996 3235 datus

211 3247 295 3309 ticari
311 3246 415 3311 de'bet.
431 3249 501 3311 llam
518 3257 624 3327 posset
638 3251 704 3315 lteri
730 3252 805 3315 lotia
820 3255 870 3316 illa
886 3256 924 3317 au
951 3258 1083 3335 retripe»
1123 3254 1163 3315 sit
1177 3256 1209 3315 in
1225 3254 1349 3315 nomine
1364 3254 1457 3314 trium
1472 3266 1686 3328 personarum.
1703 3252 1799 3325 hdie,
1816 3258 1899 3331 quart
1916 3274 1992 3318 rum

213 3332 356 3402 randum,
372 3337 424 3396 aut
439 3330 608 3395 curarrdnrn
621 3335 660 3395 ab
675 3335 778 3411 aliqua
792 3338 913 3409 anarbo,
940 3347 971 3400 et
996 3347 1034 3400 au
1050 3342 1078 3403 id
1121 3336 1153 3397 in
1169 3338 1341 3398 carronihus
1362 3334 1569 3416 apostolorum
1596 3334 1790 3397 damnentur.
1815 3337 1866 3409 oui
1896 3340 1990 3401 aliter

211 3413 303 3474 etiam
318 3420 401 3477 reate
415 3415 609 3479 inuocaretur
619 3419 763 3479 attritioni
777 3421 1073 3485 sanciactrintunis.
1120 3417 1285 3497 baptizant,
1303 3434 1394 3497 quarm
1412 3420 1439 3475 in
1455 3416 1579 3476 nomine
1604 3414 1710 3479 Patris.
1724 3423 1754 3478 ct
1770 3416 1837 3477 Filii
1848 3424 1878 3479 cl
1891 3420 1991 3498 Spiri-

212 3493 318 3571 tteoue
330 3497 504 3563 adderrdntn
521 3504 571 3559 est
583 3498 722 3561 terbum:
739 3493 952 3579 Baptiza,ouo
967 3521 1005 3567 cx
1017 3523 1073 3567 usu
1121 3507 1169 3563 tus
1185 3503 1293 3567 sancti.
1309 3507 1339 3563 et
1354 3498 1557 3578 antiquissimi
1574 3498 1753 3577 Palaestini
1772 3502 1815 3561 act
1831 3505 1995 3576 apostatos

209 3579 424 3643 ecclesiastico
444 3579 636 3658 significatur
663 3584 809 3646 ablutioa
836 3588 983 3651 sordibus
1012 3606 1074 3651 non
1120 3584 1272 3651 rirlerunt.
1291 3585 1336 3645 ret
1353 3598 1458 3645 eorurn
1472 3581 1654 3659 disciputus,
1670 3587 1703 3642 ut
1716 3582 1879 3661 ttionysius
1891 3592 1921 3645 et
1937 3586 1993 3647 tu-

211 3668 272 3722 tam
288 3662 508 3739 catalaunem
524 3665 664 3741 spiritus.
999 3722 1003 3729 ,
1120 3668 1232 3737 stinus,
1248 3668 1377 3739 eandem
1394 3665 1519 3726 turmam
1530 3663 1678 3738 ⁴Baptisrni
1693 3666 1990 3743 praescribantrron

252 3743 466 3809 ilcindeesse
490 3746 721 3823 exprimendam
744 3748 832 3810 etiarn
862 3766 1026 3828 personatu
1056 3772 1071 3815 a
1120 3759 1166 3811 cst
1179 3752 1240 3811 ulto
1256 3744 1347 3811 niorto
1364 3746 1511 3810 credibile
1527 3748 1684 3824 apostolas
1699 3748 1786 3808 aliter
1800 3750 1992 3827 baptizasse.

213 3828 353 3889 ministro
368 3827 534 3902 diversatus
548 3831 631 3907 qranrl
662 3829 792 3892 tacimus
821 3848 878 3911 per
904 3852 1072 3909 pronomen
1162 3834 1247 3905 Ouort
1264 3840 1366 3895 autrrm
1381 3831 1478 3891 Lucas
1490 3828 1564 3890 dicit
1578 3827 1609 3889 in
1624 3831 1705 3889 tetis
1732 3850 1760 3890 u.
1777 3832 1807 3891 2.
1832 3841 1862 3892 et
1890 3833 1939 3893 to.
1960 3842 1995 3896 et

210 3908 280 3985 tt'et
295 3926 330 3969 aa
346 3908 475 3985 preinde
502 3926 561 3973 non
593 3928 686 3988 posse
713 3914 814 3975 ultum
837 3916 995 3991 baptizare.
1015 3922 1073 3979 sei·
1122 3915 1170 3977 ta.
1186 3917 1355 3985 tiaptizasse
1372 3914 1541 3993 apostotos,
1563 3911 1594 3972 ih
1618 3913 1742 3973 numine
1760 3914 1992 3978 tlorninilesn:

211 4008 314 4066 psum3
330 3993 423 4058 aocet
436 4000 556 4069 macter
571 3996 745 4058 testimonie
766 3994 829 4073 jhm
851 4000 953 4061 allata.
977 4002 1073 4063 ‹lisur-
1120 3999 1360 4075 potestinteltipi
1378 3997 1482 4057 multis
1495 3993 1606 4064 rhodis,
1620 3992 1776 4065 nimirum,
1791 4005 1823 4057 ut
1837 3998 1998 4074 baritiaes-

208 4075 250 4135 tis
267 4074 368 4136 uerbis
382 4073 583 4138 innocentius
597 4076 652 4137 ltt.
665 4082 752 4139 extra
765 4079 983 4157 ileBnptismo.
1001 4091 1030 4145 et
1043 4102 1073 4146 c·
1120 4098 1154 4141 se
1169 4081 1309 4141 dicantur
1320 4081 1350 4140 in
1363 4078 1423 4141 tide
1438 4076 1560 4139 Domini
1572 4075 1658 4144 iesu,
1673 4080 1720 4139 ret
1736 4082 1914 4143 auctoritate
1930 4082 1998 4145 Do·

207 4154 261 4233 jus
276 4156 388 4225 ellectu
401 4172 474 4235 cap.
484 4156 643 4223 Debitum.
1119 4162 1194 4224 mirri
1209 4162 1295 4235 lesu,
1308 4163 1354 4223 ret
1371 4160 1522 4239 baptismo
1539 4174 1554 4218 a
1570 4155 1689 4221 Christo
1705 4160 1854 4225 instituto.
1872 4166 1918 4225 ret
1936 4166 1997 4226 de-

250 4238 392 4318 bentque
407 4240 702 4319 esseexprirnendas
716 4250 777 4303 tres
789 4244 912 4308 ‹ticinas-
923 4260 1073 4320 personas
1120 4246 1215 4321 nique
1244 4245 1274 4305 in
1295 4244 1417 4305 nornine
1429 4238 1550 4303 [lamini
1567 4240 1653 4309 tesn,
1670 4244 1799 4306 sednon
1816 4247 1923 4321 solius,
1942 4264 1999 4309 ae-

209 4327 331 4395 praeter
345 4322 435 4385 allata
450 4320 755 4392 testimoniaaloceut
769 4326 830 4386 dua
843 4330 958 4391 surnmi
974 4332 1073 4409 planti·
1119 4341 1183 4390 trun
1200 4327 1344 4404 adjuncta
1360 4326 1445 4387 Patra
1459 4330 1491 4386 et
1512 4323 1624 4401 Spiritu
1637 4330 1767 4389 'sanctu
1794 4328 1936 4391 Fortasse
1961 4348 1998 4392 e·

208 4404 297 4477 tices,
313 4404 456 4481 Pelagius
466 4422 579 4469 certon.
603 4406 634 4467 Si
660 4422 778 4475 resera.
797 4413 828 4469 et
853 4427 964 4474 canon.
986 4414 1073 4475 liutti
1119 4411 1184 4471 nim
1206 4411 1243 4471 ari
1259 4410 1357 4489 magis
1373 4407 1779 4471 commendandum-nomen
1808 4410 1932 4475 Christi.
1952 4416 1998 4475 ita

209 4493 293 4559 sunt,
311 4495 342 4548 et
363 4485 523 4549 Zacharias
540 4505 652 4550 canon.
683 4490 716 4549 ln
738 4490 869 4567 synodo.
896 4494 934 4554 de
964 4512 1072 4559 conse·
1118 4493 1272 4554 dicebaut:
1290 4492 1393 4563 Caute
1408 4490 1526 4568 baptizo
1552 4490 1582 4549 in
1601 4492 1846 4565 commutabis,
1863 4500 1893 4555 et
1918 4494 1999 4559 Filii

208 4576 285 4630 crat.
301 4571 373 4632 ctist.
389 4568 420 4634 l.
435 4572 490 4649 oui
505 4570 665 4643 affirment,
694 4572 880 4649 baptismum
911 4594 971 4637 rann
1002 4596 1073 4639 esse
1119 4576 1188 4654 ejus
1201 4576 1275 4637 iesu
1293 4574 1404 4636 Christi
1420 4580 1449 4633 et
1465 4571 1719 4650 Spiritussnneti.

207 4650 845 4719 rutulusideturinnourinetlorniniaulin
858 4659 1073 4723 nomineChri·
1159 4659 1194 4718 ut
1208 4660 1267 4719 boe
1289 4658 1381 4739 morlo
1403 4656 1542 4717 ridentur
1557 4654 1630 4715 mihi
1647 4654 1836 4722 intellexisse
1852 4658 1927 4720 baec
1945 4661 1998 4723 lo·

208 4735 1072 4816 sitnisidiserteexprimanturtrespcrsnnae.tdenaeon·
1118 4740 1326 4821 ca‚ttitarins‚
1343 4738 1474 4801 basilius
1495 4743 1525 4797 et
1545 4736 1737 4813 Fulgentius.
1761 4739 1832 4801 Nam
1855 4740 1999 4807 Hilarius

207 4816 305 4879 tlrmat
320 4818 441 4879 traditio
456 4819 594 4885 amalum
607 4819 796 4897 Patrnm‚qni
809 4822 1073 4903 atttrrnant.Bapli·
1119 4821 1149 4883 in
1166 4824 1243 4885 libra
1259 4824 1298 4885 de
1313 4822 1440 4900 synodis
1454 4833 1550 4898 prope
1567 4817 1664 4899 tinem
1679 4866 1686 4893 ‚
1719 4831 1877 4885 euurnerat
1905 4826 1998 4890 tarta

206 4914 306 4960 smum
323 4900 388 4961 itari
399 4901 558 4967 ocbereiu
574 4901 922 4976 uominel'atrisetFitii
937 4906 1073 4986 etSpiri·
1090 4924 1091 4927 ¹
1119 4904 1185 4966 loca
1202 4904 1388 4984 Scripturas,
1405 4900 1640 4983 quae-ridentur
1653 4904 1732 4965 inter
1760 4922 1794 4966 se
1824 4922 1965 4985 pugnare
1983 4956 1994 4985 ‚

205 4988 257 5043 tas
269 4985 381 5044 sancti.
398 4982 473 5047 ltine
487 4983 875 5062 aaaataapostotorun:
893 4989 1072 5067 Dionysium
1119 4987 1179 5049 nisi
1195 4994 1276 5049 recte
1289 4988 1508 5063 intelligantur,
1525 4983 1649 5045 etinter
1664 4987 1719 5048 alia
1736 4988 1822 5065 pouit
1851 4990 1926 5051 hirec
1944 4992 1999 5053 to·

203 5068 244 5125 oe
260 5066 470 5129 ecclesiastiea
483 5067 562 5129 hier.
579 5084 648 5146 cap.
661 5069 692 5129 2.
705 5066 858 5131 Justinum
885 5070 915 5131 in
927 5073 1071 5151 apologia
1118 5088 1164 5141 ca,
1189 5072 1270 5149 qnod
1282 5070 1410 5147 apostoli
1426 5064 1565 5129 ttatthaci
1581 5067 1688 5131 ultimo
1701 5071 1779 5148 jussi
1803 5071 1864 5131 sint
1889 5073 2000 5150 bapti-

205 5146 236 5205 2.
254 5148 420 5221 (trapenem
435 5148 465 5207 in
482 5164 551 5227 cap.
566 5149 597 5210 o.
610 5153 646 5210 nrt
665 5152 750 5213 llonr.
769 5153 797 5211 in
813 5152 902 5213 illud:
919 5151 1070 5228 Quietum
1117 5170 1196 5219 aare.
1215 5154 1245 5213 in
1263 5148 1506 5220 nominaturus,
1524 5154 1554 5211 et
1568 5148 1636 5211 Filii
1654 5158 1686 5212 et
1711 5151 1842 5227 Spiritus
1858 5160 1959 5216 sancti
1983 5204 1994 5231 ‚

205 5229 317 5305 quein
339 5226 770 5310 Christoiloptizetisornue.
794 5233 849 5295 Ubi
866 5236 956 5297 etiarn
972 5238 1066 5309 dicit,
1117 5242 1147 5297 et
1169 5243 1268 5297 tamen
1298 5234 1329 5297 in
1359 5234 1440 5296 hatis
1462 5232 1668 5308 apostotorum
1691 5234 1860 5297 retcrnnurr
1889 5238 2001 5314 bapti-

207 5329 269 5373 nan
287 5313 398 5378 ¹haberi
429 5320 526 5376 ratam
556 5314 742 5393 baptismum
765 5317 796 5377 tn
821 5320 946 5381 nomine
970 5320 1069 5382 satius
1116 5334 1203 5379 tasse
1219 5313 1523 5383 innomineChristi,
1547 5313 1735 5393 Etouamris
1765 5334 1826 5381 non
1854 5318 2002 5397 explicet

203 5391 327 5466 Christi,
344 5395 565 5460 nisiaddantur
578 5397 656 5459 etiae
684 5412 847 5475 personae.
877 5400 962 5463 idem
978 5404 1070 5465 Atha·
1117 5399 1251 5460 ltilnrius
1267 5399 1421 5478 quomodo
1438 5401 1513 5461 baec
1530 5396 1728 5468 inteltiuenda
1743 5402 1816 5471 sint,
1834 5410 1937 5462 tamen
1953 5420 2002 5468 ex

201 5477 322 5536 nnsinna
339 5493 432 5538 serm.
453 5476 483 5539 3.
500 5487 603 5540 contra
620 5479 760 5550 Arianos,
784 5498 891 5557 pamm
905 5484 1037 5547 emedio
1054 5503 1063 5545 ε
1112 5484 1203 5543 ruodo
1216 5483 1361 5561 loquendi
1379 5483 1488 5559 ipsius,
1506 5484 1536 5540 et
1551 5494 1587 5541 ax
1603 5483 1670 5543 attis
1686 5483 1840 5546 similibus
1862 5484 1940 5546 loeis
1956 5488 2002 5551 in

200 5562 253 5619 aar
267 5559 350 5627 uicit.
368 5574 430 5621 nou
447 5576 518 5623 esse
539 5562 704 5641 perlectam
723 5564 935 5629 initiationem.
950 5568 1009 5629 nisi
1034 5568 1065 5628 in
1112 5566 1249 5643 speciem
1264 5566 1482 5643 prignantihus
1499 5561 1654 5639 colligitur
1665 5580 1735 5627 enm
1751 5568 1890 5629 sensisse
1914 5584 2001 5645 opo·

202 5640 328 5709 iteratae
344 5641 432 5705 trium
449 5658 663 5720 personarium
673 5648 756 5722 ouon
773 5648 856 5709 idem
881 5650 997 5713 hebent
1010 5649 1065 5711 Bu·
1114 5650 1210 5711 stotns
1226 5649 1398 5727 baptizasse
1420 5648 1451 5708 in
1474 5643 1600 5707 nomiae
1616 5646 1720 5722 terris,
1746 5658 1775 5711 et
1791 5649 1857 5711 titii
1874 5656 1904 5711 et
1920 5650 2003 5730 Spi-

199 5725 289 5793 Silius·
302 5722 382 5789 libre
393 5725 432 5791 rte
445 5725 561 5806 Spiritu
572 5734 680 5791 screto
695 5745 764 5809 cap.
792 5729 843 5793 12.
871 5740 904 5795 et
918 5731 1067 5813 tlirlymus
1115 5734 1191 5795 ritus
1212 5732 1335 5793 suncti:
1358 5730 1500 5808 alioqui,
1529 5734 1560 5786 nt
1576 5727 1643 5804 ipse
1672 5733 1767 5805 dicit,
1796 5734 1826 5793 in
1856 5733 2002 5803 crimine
