4084 6275
787 317 885 378 tilieti
902 320 1078 382 SECUNDUS
1695 327 1746 390 ΕΙ

62 465 191 536 sanctes,
206 455 372 538 colligebat
383 461 574 522 sacramenta
597 454 823 520 baereticorum
850 469 913 518 non
955 473 1060 522 rorum
1076 458 1160 522 nulla
1174 457 1300 522 mentio.
1323 454 1470 523 Similiter
1493 457 1661 539 loquuntur
1685 459 1817 536 Panes,

61 563 126 612 osso
140 559 210 606 rera
223 549 256 606 et
269 547 344 602 rata.
359 539 403 602 Ad
420 540 479 602 boo
493 545 704 619 argumentum
732 536 912 601 diluendum
958 548 1092 621 utsupra
1107 542 1309 606 ostendimus.
1325 542 1417 606 Porro
1430 541 1521 606 etiam
1542 559 1570 608 s.
1586 544 1646 608 beo
1658 545 1749 624 epist.
1764 547 1817 612 39.

61 625 245 708 Augustinus
262 622 348 686 initio
372 621 481 700 eapitis
508 623 651 701 explicat,
680 619 755 700 quid
783 621 913 701 intelligi
955 627 987 686 et
1002 623 1052 686 lt.
1063 625 1145 688 nibil
1159 624 1232 688 dicit
1246 625 1285 687 de
1297 626 1354 690 bac
1365 641 1410 704 re;
1427 639 1496 690 nam
1511 625 1645 705 loquitur
1656 628 1695 691 de
1710 643 1818 692 raeco·

61 715 164 776 debeat
176 723 236 787 per
250 707 395 786 Spiritum
409 710 634 775 sanctum,cum
646 703 755 767 dicitnr
767 719 829 766 non
840 719 911 783 pos·
955 706 1110 770 uitiatione
1125 707 1360 782 baereticorum,
1388 725 1452 771 non
1464 709 1504 771 de
1529 709 1670 774 examine
1694 713 1818 789 pneriln

60 792 178 862 sedari,
195 790 242 852 rel
258 787 367 866 accipi,
384 788 442 851 nisi
457 788 488 848 in
517 785 654 850 Ecclesia
683 784 832 852 catholica
857 801 913 865 per
955 786 1159 870 Hieronymus
1175 805 1297 869 quoque
1311 806 1437 858 eramen
1454 805 1516 853 non
1530 790 1677 856 nominat.
1700 793 1818 856 Praete·

59 891 162 943 manus
175 872 415 956 impositionem:
430 885 467 932 ac
480 868 554 933 dicit
567 869 696 950 intelligi
711 870 825 932 donum
840 872 911 934 cba·
954 886 1008 934 rea
1023 872 1079 934 istu
1094 871 1205 936 solutio
1220 889 1281 934 non
1296 873 1397 936 solum
1412 889 1473 936 nou
1501 880 1549 936 cst
1573 874 1738 938 eonlormis
1766 877 1818 938 Pa·

58 963 161 1035 ritatts3
177 957 239 1018 boc
253 954 336 1018 eoim
349 967 410 1016 noo
425 959 557 1034 possunt
570 953 685 1018 babere
700 955 759 1016 nisi
778 951 865 1028 boni,
880 958 913 1016 et
954 959 1035 1018 tmm
1050 956 1217 1030 doctrinae,
1233 955 1289 1018 sed
1312 957 1404 1018 ctiam
1424 958 1454 1020 ei
1481 963 1642 1038 repugnat.
1669 957 1773 1022 Patres
1786 977 1819 1022 e·

58 1043 123 1104 ideo
136 1055 198 1102 non
213 1037 274 1100 nisi
291 1037 324 1098 in
338 1033 480 1099 Ecclesia
494 1037 656 1111 catboliotn
671 1035 742 1114 quia
769 1043 850 1098 extra
875 1035 912 1097 il·
955 1035 1019 1099 nim
1040 1038 1154 1102 dabant
1164 1035 1429 1102 Confirmationem
1442 1055 1498 1120 per
1510 1044 1699 1112 unctionem,
1714 1047 1744 1104 ct
1759 1057 1819 1104 ma·

60 1128 112 1186 lam
126 1121 201 1184 nulli
217 1125 292 1184 sunt
304 1117 391 1180 boni.
407 1117 472 1180 Hoc
487 1125 587 1181 aulem
602 1119 671 1180 loco
685 1117 797 1198 accipit
811 1119 912 1197 Augu·
955 1135 1015 1182 nus
1031 1119 1256 1201 impositionem
1272 1119 1362 1183 eliam
1378 1120 1750 1204 inlantibus,uterpresse
1765 1125 1818 1186 do-

59 1208 151 1268 stioos
164 1217 276 1266 manus
289 1201 517 1280 impositionem
531 1202 563 1263 in
577 1200 772 1280 generosius
785 1202 826 1262 sit
839 1217 911 1263 con·
955 1207 1028 1264 cent
1040 1201 1239 1266 innocentius
1254 1201 1281 1264 1.
1296 1206 1387 1280 epist.
1404 1204 1434 1264 1.
1451 1208 1481 1264 et
1506 1203 1585 1268 liber
1604 1206 1644 1270 de
1672 1207 1820 1270 ecclesia:

61 1287 229 1358 innatoria,
243 1285 310 1350 site
325 1283 579 1357 reconciliatoria,
594 1283 659 1346 sine
674 1281 721 1362 (nt
734 1284 780 1345 sic
791 1282 911 1364 loquar)
955 1285 1042 1348 sticis
1057 1283 1264 1365 dogmatibus,
1282 1301 1350 1362 cap.
1366 1283 1420 1348 52.
1450 1290 1481 1348 et
1495 1286 1571 1349 ordo
1595 1301 1751 1352 romanus.
1782 1289 1819 1352 Ει

62 1367 251 1434 ordinatoria:
269 1380 394 1445 semper
408 1365 490 1428 enim
506 1381 644 1446 peream
672 1366 867 1445 datnrgratia
882 1372 913 1428 el
955 1367 1114 1431 Praeterea
1142 1368 1172 1429 id
1195 1367 1402 1430 certissimum
1429 1371 1489 1441 est,
1510 1368 1583 1448 quta
1611 1369 1722 1433 dabant
1746 1373 1819 1434 olinl

61 1455 196 1525 ebertus,
208 1448 271 1512 nisi
287 1452 417 1528 ponatur
429 1449 520 1512 uber.
536 1448 656 1510 Deinde
680 1447 743 1510 roll
769 1447 912 1528 Augusti·
954 1449 1123 1514 infantibus
1137 1451 1226 1512 etiarn
1241 1447 1474 1526 Eucharistiam,
1497 1457 1530 1513 ut
1544 1454 1626 1530 pater
1646 1469 1683 1516 ex
1697 1451 1820 1534 Cypria·

63 1553 118 1600 nus
130 1533 294 1597 ostendero
304 1546 366 1610 -per
380 1547 490 1594 manns
504 1531 731 1608 impositionem
747 1531 811 1594 dari
826 1545 911 1595 rare·
947 1549 995 1596 no
1006 1532 1040 1596 in
1054 1547 1198 1596 sermone
1226 1533 1402 1612 delapsis,
1419 1539 1450 1596 et
1471 1537 1572 1596 lamen
1599 1533 1819 1598 Eucharistiain

62 1619 216 1682 mdonum
235 1613 404 1691 charitatis,
428 1620 460 1675 et
483 1613 617 1677 declarat
636 1614 777 1694 exemplo
802 1629 912 1677 manus
956 1631 1018 1678 non
1034 1615 1159 1687 dabant,
1177 1615 1235 1678 uisi
1252 1622 1321 1693 post
1335 1615 1625 1690 confirmationem,
1652 1624 1685 1680 ut
1698 1633 1736 1680 ex
1752 1619 1820 1682 llio*

63 1698 262 1779 impositionis
277 1695 531 1771 confirmatorias,
547 1713 616 1761 com
632 1697 715 1768 dicit,
746 1713 828 1759 nunc
849 1711 911 1759 non
955 1700 1054 1772 ursio,
1070 1697 1241 1771 Ambrosio,
1263 1704 1295 1760 et
1318 1697 1387 1760 aliis
1408 1705 1502 1778 patet.
1517 1697 1555 1761 At
1578 1701 1662 1764 nerle
1688 1700 1820 1764 inientes

63 1784 219 1863 erpecmri,
234 1786 269 1844 ut
282 1780 446 1858 loquantur
460 1779 584 1858 linguis,
597 1778 710 1858 quibos
734 1795 842 1842 manus
856 1781 912 1840 im·
956 1795 1020 1842 non
1034 1787 1106 1844 sont
1119 1795 1249 1859 capaces
1262 1779 1424 1855 oraminis,
1455 1797 1514 1845 nec
1541 1781 1720 1852 catechismi
1737 1801 1746 1862 ;
1763 1799 1821 1848 nec

63 1869 189 1946 ponitur,
203 1863 261 1926 sed
275 1863 405 1924 latenter
415 1862 462 1924 eis
476 1862 595 1924 inlundt
606 1862 793 1926 charitatem.
807 1863 911 1940 ltaque
955 1861 1122 1926 aduersarii
1137 1863 1242 1926 nolunt
1255 1877 1381 1926 examen
1397 1862 1487 1926 etiam
1499 1863 1731 1938 iulantium,sed
1746 1882 1820 1946 pue·

63 1949 349 2028 obiaccipitmanns
373 1944 600 2023 impositionem
622 1945 721 2022 magis
739 1944 844 2007 stricto
873 1943 911 2025 (l·
955 1961 1059 2008 rorum
1071 1945 1332 2024 iamadultornmq
1358 1945 1593 2024 igitureridens
1621 1953 1680 2024 est,
1709 1953 1819 2013 omnes

64 2033 193 2109 destpro
206 2029 273 2091 sola
289 2021 538 2107 confirmatoria),
555 2043 613 2089 nec
627 2033 727 2090 umen
743 2034 791 2090 est
805 2026 911 2090 vitiosa
954 2026 1061 2091 Patres
1077 2043 1137 2090 non
1152 2028 1237 2107 loqui
1248 2028 1288 2091 de
1303 2029 1361 2090 rita
1377 2025 1634 2104 Gonilrmationis,
1647 2043 1740 2110 quarn
1760 2031 1821 2094 sibi

63 2111 275 2192 aequinoctium
290 2111 362 2188 quia
377 2109 460 2188 quod
475 2111 617 2172 convenit
632 2110 684 2171 toli
698 2110 815 2188 generi,
828 2118 911 2174 recte
956 2110 1105 2172 baeretici
1120 2111 1180 2174 boc
1202 2117 1339 2190 tempore
1361 2109 1585 2175 confluxerunt.
1611 2112 1763 2194 lienique,
1788 2133 1820 2177 o-

62 2192 375 2272 declaratnrexemplo
386 2191 479 2254 unius
493 2191 623 2272 speciei.
645 2191 753 2254 Postea
773 2192 852 2255 redit
872 2193 911 2256 od
956 2208 1045 2256 mnes
1059 2192 1121 2256 lere
1136 2193 1241 2256 Patres
1253 2193 1456 2256 meminerunt
1468 2189 1657 2270 carismatis,
1674 2202 1705 2260 ct
1719 2198 1821 2278 signa·

64 2283 268 2358 argumentum
284 2272 439 2354 cypriani,
468 2280 499 2336 et
522 2275 681 2354 distinguit
708 2275 776 2338 trio:
807 2276 912 2339 Sacra·
955 2275 1018 2337 euti
1034 2275 1179 2338 crucisin
1195 2275 1393 2352 lroote,elin
1421 2275 1482 2338 boo
1509 2282 1627 2355 ponunt
1654 2281 1819 2342 essentiam

63 2367 199 2428 mentum.
212 2360 333 2420 donum
347 2357 477 2434 Spiritus
491 2358 602 2420 sancti.
615 2356 708 2436 gratis
738 2360 856 2431 datum,
880 2365 913 2421 ut
956 2357 1052 2437 buius
1075 2358 1257 2432 sacramenti
1274 2365 1333 2434 ,ut
1347 2373 1386 2422 ex
1412 2373 1520 2422 eorum
1541 2359 1725 2426 testimoniis
1747 2378 1820 2424 eon·

63 2443 254 2522 propbetiam3
270 2445 303 2503 ct
317 2443 431 2502 donum
447 2445 565 2516 gratnm
579 2439 707 2510 iaciens,
723 2439 814 2512 idest,
841 2441 912 2503 oba·
955 2445 1027 2504 atat.

63 2528 184 2601 ιιιιιοιιις
197 2541 235 2586 ae
249 2521 327 2586 dicit
341 2528 422 2589 eitra
438 2519 618 2592 Ecclesiam,
636 2523 682 2584 vel
699 2523 729 2583 in
755 2524 843 2586 molis
857 2523 912 2585 bo·
995 2522 1062 2585 lam
1083 2539 1155 2588 uero
1169 2520 1342 2588 Kemnitlus
1369 2525 1400 2586 ln
1422 2523 1454 2586 2.
1470 2539 1538 2603 par.
1564 2523 1729 2600 examinis,
1746 2540 1817 2606 pag.

65 2607 187 2669 minibus
197 2622 269 2668 esse
285 2619 380 2682 posse
396 2604 457 2665 dno
484 2606 595 2681 primo,
612 2620 674 2665 non
696 2611 796 2666 umen
823 2606 905 2668 terti·
956 2603 1029 2667 291.
1045 2612 1076 2669 et
1088 2606 1239 2684 deinceps
1255 2605 1381 2671 disserit
1394 2606 1433 2669 de
1447 2607 1609 2670 sententiis
1623 2606 1743 2672 Patrem
1761 2627 1818 2685 ,ac

65 2705 121 2768 um;
134 2687 293 2753 etidcirco
307 2685 423 2750 debere
436 2685 475 2749 ad
494 2683 667 2750 Ecclesiam
691 2688 805 2764 redire,
831 2694 864 2751 ut
880 2690 911 2751 in
954 2688 994 2752 ad
1010 2690 1147 2767 quinque
1164 2690 1261 2767 capitu
1274 2692 1396 2753 revocat
1408 2704 1519 2752 omncs
1543 2704 1617 2752 suas
1631 2690 1815 2755 solutiones.

66 2787 279 2852 supermanus
294 2768 520 2848 impositionem
541 2770 814 2832 reconciliatoriam
835 2770 912 2834 illud
956 2767 1056 2836 Primo
1068 2771 1152 2843 dicit,
1169 2772 1280 2835 multos
1292 2778 1434 2836 auctores
1445 2772 1498 2850 qui
1508 2771 1639 2836 ciuntur
1650 2788 1706 2854 pro
1720 2789 1821 2836 sacra·

68 2855 215 2934 accipiant.
229 2853 267 2914 lit
292 2853 363 2931 qnia
389 2857 507 2930 poterat
531 2853 643 2930 aliquis
664 2852 825 2932 suspicari,
849 2869 912 2917 non
955 2859 1059 2917 mento
1075 2852 1331 2928 confirmationis,
1360 2869 1432 2918 csse
1447 2855 1647 2934 apooqpnos,
1662 2861 1822 2937 etsuppo-

68 2952 150 3016 posse
161 2938 257 3016 repeti
270 2936 352 2998 banc
365 2949 474 2996 manns
487 2934 726 3012 impositionem,
749 2935 830 2999 sicot
850 2951 912 2999 non
955 2934 1079 3000 sititios.
1095 2937 1130 2998 tt
1144 2933 1175 2999 id
1190 2937 1267 3000 nibil
1281 2935 1427 3000 ostilam
1442 2937 1562 3000 etiamsi
1583 2937 1732 3018 epistolae
1747 2937 1820 3001 citae

67 3025 158 3099 potest
168 3021 265 3098 repeti
274 3017 524 3096 Baptismus,nee
538 3015 743 3092 Confirmatio,
756 3035 814 3083 nec
825 3017 913 3083 Ordi-
956 3024 1003 3081 lae
1018 3017 1209 3094 llelcbladis,
1223 3019 1348 3082 Eusebil
1377 3023 1408 3082 et
1421 3017 1559 3096 Urbani,
1590 3035 1713 3084 necnon
1741 3021 1822 3086 liber

66 3103 148 3174 orio,
161 3102 230 3165 ideo
242 3099 434 3182 Augustinus
447 3100 618 3181 subiungit,
635 3101 835 3182 posserepeti
849 3119 912 3165 ma·
955 3099 1088 3175 bionisit
1103 3102 1308 3184 areopagitae,
1324 3101 1467 3166 homiliae
1479 3100 1605 3167 lusebii
1618 3102 1776 3178 emisseni,
1791 3113 1824 3167 et

66 3186 365 3263 ominposittonem,
381 3183 475 3255 idest,
487 3184 771 3261 reconciliatoriam,
784 3185 854 3265 quia
867 3185 913 3248 ni·
955 3199 1118 3249 sermones
1132 3184 1269 3265 Cypriani
1298 3186 1338 3248 de
1354 3185 1500 3266 operibus
1515 3185 1721 3249 cardinalibus
1736 3184 1823 3250 cbri-

66 3268 103 3329 bit
115 3274 160 3330 est
171 3268 267 3342 aliud,
295 3265 357 3329 nisi
382 3266 480 3329 oroiio
503 3283 598 3344 super
623 3266 792 3338 bominem.
819 3268 912 3343 idest,
955 3269 1007 3343 sti,
1030 3268 1186 3347 sintopud
1203 3268 1496 3331 nonnullosdnbiae
1511 3267 1759 3349 Scorpionem
1774 3271 1819 3333 tit·

66 3364 120 3414 oon
132 3357 179 3415 cst
189 3346 385 3413 consecratio
400 3349 515 3428 aliqum
527 3364 607 3430 quae
622 3356 753 3422 maneat,
767 3356 799 3413 et
809 3351 914 3415 obara-
955 3351 1016 3412 iam
1029 3352 1253 3431 supposititiae:
1271 3357 1369 3413 tamen
1382 3352 1495 3414 multos
1505 3350 1656 3413 babemus
1668 3350 1744 3415 atior
1757 3368 1823 3415 cer·

65 3438 167 3497 ιιιιοιιι
184 3434 363 3514 imprimat,
384 3432 468 3495 unde
497 3432 595 3511 repeti
622 3448 687 3495 non
711 3434 834 3512 possit,
855 3434 913 3499 sed
957 3433 1106 3505 tissimus,
1122 3438 1153 3497 et
1166 3433 1399 3514 probatissimos
1414 3434 1660 3511 nociores3etisli
1675 3434 1734 3513 ipsi
1751 3442 1824 3499 sunt

65 3522 227 3580 sitantum
241 3516 437 3580 caeremonia
451 3512 598 3595 adjurans
612 3516 795 3580 orationem.
955 3516 1173 3595 antiquissimi,
1197 3521 1228 3579 ot
1241 3516 1359 3594 optimi,
1376 3516 1449 3578 lieet
1476 3530 1539 3577 non
1567 3516 1607 3579 sil
1635 3524 1822 3593 certamen

99 3598 138 3661 td
146 3598 273 3663 alterum
283 3602 499 3681 argumentum
509 3599 696 3677 respondeo,
711 3604 744 3661 ut
758 3598 821 3678 jam
836 3598 913 3672 diri,
956 3598 1019 3661 sint
1033 3596 1088 3671 illi,
1105 3612 1235 3677 quorum
1248 3598 1371 3661 nomina
1388 3597 1574 3675 praeierunt.

67 3679 196 3759 Spiritum
205 3686 348 3743 sanctum
363 3679 440 3754 dari,
453 3697 510 3759 per
537 3695 661 3744 omnem
682 3681 912 3760 impositionem
996 3679 1140 3746 secondo
1154 3680 1326 3744 Aemoittns
1338 3680 1433 3743 addit:
1449 3678 1533 3743 Alios
1554 3684 1694 3743 auctores
1707 3682 1761 3762 qul
1782 3682 1822 3745 de

66 3777 207 3839 manuum,
218 3764 276 3828 sed
292 3762 330 3825 ad
343 3763 440 3825 rarius
451 3761 592 3826 ellectus.
607 3762 681 3825 Nam
705 3781 761 3843 per
785 3764 910 3843 imposi·
956 3761 1126 3827 Gbrismate
1140 3769 1244 3843 agunt,
1257 3769 1358 3826 certos
1373 3760 1496 3844 quidem
1512 3776 1595 3835 esse,
1611 3763 1666 3825 sed
1682 3778 1720 3825 ex
1731 3766 1822 3829 sobo·

69 3847 168 3907 tionem
178 3862 326 3909 manuum
341 3842 593 3909 confirmatoriam
607 3846 696 3908 datur
709 3851 747 3909 ad
768 3846 912 3909 roboran-
956 3845 1128 3909 lalloutani
1157 3845 1320 3926 prodiisse,
1347 3852 1380 3908 ut
1401 3844 1621 3907 tertullianum
1646 3850 1678 3907 et
1698 3845 1819 3927 Cypria·

70 3931 131 3989 dan
142 3929 270 3993 animam
293 3926 326 3989 in
339 3924 412 3990 lidei
425 3928 638 4004 contessiooe3
659 3943 714 4006 per
734 3929 911 3993 reconcilia·
956 3944 1043 3991 num.
1060 3928 1121 3991 Sed
1134 3930 1192 3993 boc
1206 3944 1278 3993 esse
1292 3928 1458 4007 impudens
1473 3928 1676 4004 mendacium,
1694 3930 1820 3993 damon*

68 4013 261 4075 todamdatur
281 4008 322 4073 ed
342 4009 557 4075 remissionem
571 4015 778 4090 peccatorum3
794 4028 852 4089 per
864 4030 913 4075 or·
956 4012 1131 4083 stravimus,
1147 4028 1216 4089 cap.
1233 4011 1263 4073 1.
1434 4030 1436 4035 ·

68 4092 230 4157 dinatoriam
243 4093 334 4157 datur
347 4094 386 4157 ad
400 4100 581 4174 potestatem
605 4091 797 4157 ministrandi
811 4111 913 4159 sacra·
997 4094 1097 4158 l'ertm
1112 4093 1197 4167 dicit,
1211 4094 1289 4157 alios
1302 4106 1373 4156 esse
1384 4096 1525 4155 auctores
1539 4097 1651 4169 certos,
1667 4099 1699 4156 ot
1712 4092 1822 4173 proba-

68 4181 167 4239 menta.
956 4182 1016 4251 tos,
1033 4175 1085 4255 qui
1098 4176 1136 4239 de
1152 4176 1296 4239 unctione
1318 4174 1504 4239 mentionem
1527 4173 1652 4251 iaciunt,
1676 4177 1732 4239 sed
1754 4191 1821 4239 eam

65 4249 73 4271 ⁸
94 4258 132 4319 td
146 4260 243 4322 iocum
257 4257 392 4322 Gratiani
412 4257 599 4325 aliemnitlo
612 4254 750 4319 additum
771 4257 913 4339 liespona
954 4274 1065 4322 vocare
1079 4265 1304 4322 sacramentum
1327 4256 1493 4338 improprie
1510 4300 1518 4329 ,
1548 4262 1580 4319 et
1604 4258 1689 4339 largo
1717 4260 1820 4333 modo,

65 4338 124 4404 deo:
137 4339 307 4405 Gratianum
322 4340 401 4403 nelle
415 4345 521 4407 dicere
532 4357 595 4404 non
605 4356 676 4403 esse
686 4351 913 4407 sacramentum
957 4342 1027 4421 qula
1043 4348 1090 4405 est
1103 4342 1235 4405 bumana
1249 4341 1443 4405 caeremonia
1457 4339 1607 4420 quaedam
1622 4341 1654 4402 in
1668 4341 1830 4429 baptismo,

65 4419 183 4499 lirdinis,
197 4427 244 4489 ael
265 4424 361 4488 etiam
388 4421 656 4498 confirmationis,
684 4420 912 4502 impositionem
956 4424 1096 4487 adbiberi
1109 4425 1210 4487 solita:
1226 4424 1333 4503 sicque
1347 4424 1547 4503 erponitloca
1558 4421 1720 4502 Augustini
1734 4440 1752 4485 a
1767 4438 1821 4487 no·

64 4518 203 4578 manuum,
224 4509 265 4571 dc
279 4522 341 4587 qua
356 4508 490 4586 loquitur
503 4503 705 4585 Augustinus
720 4505 752 4568 id
766 4509 847 4585 qood
863 4524 911 4572 rc·
956 4506 1007 4569 bis
1017 4508 1107 4571 citata
1129 4522 1167 4569 ex
1178 4507 1234 4570 lib.
1247 4506 1297 4569 15.
1313 4506 1418 4569 trinit.
1434 4521 1503 4585 cap.
1518 4502 1570 4567 26.
1584 4511 1615 4567 οι
1629 4505 1685 4568 111).
1699 4505 1730 4567 1.
1746 4522 1819 4571 eon·

67 4589 171 4652 eteille
184 4591 270 4663 dicit,
292 4606 330 4651 ac
343 4594 428 4657 recte
442 4592 532 4656 etiarn
558 4586 668 4669 probat
687 4602 725 4650 er
750 4602 799 4665 eo,
829 4592 911 4668 quod
956 4594 999 4651 tra
1015 4588 1280 4665 literasl’otilinni,
1293 4606 1362 4668 cup.
1379 4586 1450 4651 191.
1466 4589 1502 4650 At
1516 4588 1644 4651 multum
1667 4588 1717 4651 bie
1739 4593 1820 4651 errat

66 4670 149 4747 repeti
163 4679 271 4749 potest.
287 4671 355 4736 Nou
369 4682 471 4738 autem
491 4676 675 4753 negatesse
689 4682 912 4739 sacromentum
956 4670 1140 4735 liemoilius.
1162 4671 1259 4752 Supra
1281 4672 1364 4735 enim
1392 4671 1605 4747 ostendimus,
1633 4669 1736 4734 Patres
1758 4670 1822 4735 iore

66 4754 322 4833 reconcilationis
337 4772 407 4819 uem
422 4756 537 4837 alioqui
551 4748 843 4818 etiamduoliaristia
864 4773 912 4820 ra·
955 4770 1065 4819 omnes
1085 4753 1274 4835 distinguere
1296 4750 1591 4817 Conilrmallonema
1611 4751 1775 4833 baptismo,
1792 4758 1824 4817 et

66 4836 120 4911 peti
132 4844 237 4915 potest,
247 4846 283 4901 οι
297 4853 398 4903 tamen
410 4847 458 4905 est
471 4837 911 4905 aerissimnmsacramenlum.
955 4837 1099 4903 ellectum
1113 4838 1303 4917 spiritualem
1316 4836 1344 4899 el
1360 4834 1507 4909 tribuere,
1530 4836 1583 4915 qni
1600 4850 1662 4897 non
1675 4830 1821 4899 contenit

100 4916 190 4982 Tertia
201 4922 313 4983 solutio
327 4927 389 4996 est,
403 4923 485 5005 qnod
501 4920 583 5001 apud
606 4926 727 4981 veteres
748 4917 913 4986 conflrma-
955 4920 1015 4983 nisi
1028 4936 1099 4983 rare
1113 4937 1149 4983 ac
1164 4919 1286 5003 proprie
1301 4919 1392 4982 dictis
1405 4916 1614 4981 sacramentis.
1628 4916 1663 4981 td
1679 4918 1763 4996 quod
1778 4925 1823 4982 ets

67 4998 103 5061 tio
114 4999 321 5065 lnerittaotom
336 5007 509 5069 cateebesis
533 5016 698 5083 puerorum
713 5036 724 5077 ,
749 5004 801 5081 qui
817 5003 849 5066 in
865 5008 914 5068 in·
955 5004 1016 5067 iam
1031 5003 1191 5067 manifesto
1207 5008 1288 5081 patet
1301 5018 1336 5064 ea
1351 5002 1429 5063 locis
1443 5000 1603 5081 Augustini
1615 5001 1726 5075 citatis,
1742 5008 1822 5079 quoe

67 5080 146 5145 tantia
159 5084 297 5165 baptizati
311 5086 443 5152 inemot.
457 5088 503 5151 Ita
523 5086 667 5150 calvinus
687 5084 802 5147 ibidem
816 5085 834 5168 i
846 5087 913 5151 let
955 5102 1012 5149 suo
1025 5102 1109 5150 more
1120 5086 1292 5149 llemnitius
1306 5090 1452 5159 truncata,
1469 5090 1500 5147 et
1513 5082 1692 5163 imperfecte
1707 5084 1822 5145 citavit.

68 5163 111 5226 tt.
123 5166 171 5229 ubi
183 5174 256 5231 citat
273 5168 408 5235 Leonem
423 5174 515 5251 epist.
531 5168 585 5232 te.
600 5164 695 5231 etii.
718 5174 749 5229 el
763 5168 911 5252 Hierony*
955 5168 1028 5232 dam
1044 5171 1074 5233 io
1091 5171 1193 5247 priore
1208 5169 1277 5233 loeo
1291 5168 1376 5239 dicit,
1390 5167 1582 5245 praepositos
1594 5165 1752 5229 Ecclesiae
1768 5168 1822 5228 im·

69 5260 139 5309 mum
151 5257 251 5313 eontra
266 5252 486 5319 Auoilcrtaoos:
508 5262 600 5331 qnam
626 5247 757 5312 eandem
785 5254 912 5316 solutio·
955 5267 1071 5332 ponere
1086 5266 1209 5313 manum
1226 5256 1278 5326 ,et
1294 5250 1464 5320 enrisinale
1480 5250 1630 5329 inungere
1652 5248 1690 5312 ad
1702 5249 1772 5323 boo,
1790 5256 1823 5313 ut
1841 5270 1845 5276 ·

73 5334 564 5417 nemomoesatiiampteotontor.
589 5335 626 5397 At
650 5331 814 5397 vanissima
840 5342 909 5398 este
956 5336 1048 5397 detur
1068 5334 1346 5417 Spiritussanctus,
1371 5335 1404 5395 ut
1427 5330 1500 5393 olim
1525 5329 1820 5408 leceruntapostoli,
1938 5368 1942 5377 -

70 5412 232 5479 mnlrimo
245 5434 304 5479 nec
317 5418 485 5500 Scriptura,
501 5435 560 5483 nec
580 5415 663 5481 ulus
683 5420 820 5481 veterum
850 5434 913 5482 me·
956 5419 1059 5481 Actor.
1082 5416 1113 5479 8.
1129 5418 1165 5478 At
1178 5423 1261 5481 certe
1282 5414 1487 5493 apostolorum
1509 5414 1588 5476 actlo
1610 5428 1671 5475 non
1698 5413 1823 5477 luitbo-

72 5494 144 5587 minit
156 5496 247 5578 bajus
258 5503 440 5567 catechesis.
468 5501 624 5597 Scriptura
653 5494 754 5560 Actor.
769 5497 801 5561 9.
814 5507 845 5564 οι
862 5501 911 5566 19.
961 5516 1051 5563 mano
1065 5499 1258 5563 caeremonia
1272 5499 1416 5577 adjuncta
1438 5496 1605 5574 baptismo,
1627 5495 1683 5558 sed
1705 5494 1773 5571 alia,
1792 5502 1824 5559 et

72 5578 143 5638 drot:
157 5580 315 5657 Apostolos
329 5602 436 5649 orasse
452 5631 462 5663 ‚
477 5592 509 5649 et
534 5577 722 5663 imposuisse
745 5598 866 5660 manus,
882 5592 913 5647 et
962 5582 1087 5662 quidem
1100 5580 1212 5657 divina,
1229 5588 1260 5643 et
1274 5578 1498 5645 efficacissima.
1522 5576 1555 5639 ln
1571 5578 1741 5657 posteriore
1754 5580 1824 5643 loeo

73 5670 103 5717 eo
118 5663 200 5723 inodo
212 5662 335 5730 dedisse
350 5668 496 5749 Spiritum
510 5675 663 5738 sancturus
677 5664 826 5729 examinis
837 5682 912 5747 pue*
957 5664 1146 5745 Augustinus
1157 5665 1286 5727 multum
1300 5662 1463 5739 laborat,ut
1478 5662 1619 5725 ostendat
1629 5674 1729 5724 reram
1745 5660 1826 5725 (lom

132 5755 293 5821 Βιιιιιιιιι.
309 5762 369 5823 Vei.
390 5762 439 5823 lll.
1576 5758 1613 5817 19
