4084 6275
645 1148 895 1280 mrur
952 1070 1253 1279 aarum

779 1593 838 1680 De
857 1622 953 1681 voce
972 1593 1118 1678 rillaco.

99 2695 131 2756 tlt
143 2694 229 2773 igitur
245 2713 263 2756 a
280 2694 409 2757 uocibus
424 2691 619 2771 incipiamus,
636 2694 675 2754 de
699 2694 824 2754 nomine
839 2693 913 2754 mis·
999 2693 1060 2756 Sed
1078 2710 1134 2756 nos
1151 2709 1187 2755 ex
1203 2692 1262 2754 hoo
1284 2693 1352 2767 ioan
1378 2694 1447 2758 loeo
1471 2693 1621 2764 Danielis,
1653 2689 1820 2767 probamus

65 2791 122 2848 sae,
136 2785 256 2855 quatuor
271 2778 402 2840 dicentia
417 2783 501 2848 sunt,
517 2794 596 2855 quac
618 2777 659 2838 sit
685 2775 755 2856 eius
780 2775 911 2854 antiqui·
958 2775 1050 2836 deum
1068 2776 1215 2838 Mahucim
1233 2775 1309 2836 nihit
1326 2775 1440 2839 trabere
1455 2789 1702 2840 commonacum
1715 2771 1819 2838 missa,

66 2865 117 2930 tas,
132 2877 203 2938 quac
216 2863 414 2940 etymologia,
430 2875 509 2936 quae
525 2858 780 2937 significationes,
797 2866 827 2921 ot
848 2874 911 2937 quo
958 2867 989 2918 et
1002 2875 1073 2920 esse
1092 2861 1192 2936 notius
1208 2859 1322 2920 idolum
1339 2859 1475 2937 aliquod,
1492 2863 1517 2922 si
1535 2861 1565 2922 iu
1587 2858 1699 2922 dirimis
1723 2851 1821 2916 literis

65 2957 150 3004 sensu
164 2945 329 3019 accipiatur
346 2962 360 3004 a
377 2942 550 3015 catholicis,
571 2960 640 3004 cum
656 2942 761 3003 dicunt
784 2942 910 3002 missam
956 2941 1065 3004 ludera
1082 2943 1181 3016 liceat,
1198 2941 1451 3005 lutheranorum.
1468 2942 1541 3004 Nam
1558 2944 1586 3004 in
1614 2940 1725 3004 eodem
1750 2951 1818 3012 eac.

67 3027 333 3090 essesacrilicium.
350 3023 601 3102 antiquissimam
628 3032 659 3086 et
680 3024 909 3086 usitatissimam
957 3024 1102 3102 legimus,
1120 3041 1223 3105 regom
1241 3025 1338 3098 illum,
1362 3026 1415 3104 qui
1441 3026 1514 3088 colit
1540 3025 1632 3087 deum
1657 3018 1819 3086 mahnaim,

66 3107 91 3165 in
107 3109 233 3173 licclesia
248 3111 344 3173 latina
371 3125 442 3171 esse
458 3108 537 3169 nanc
552 3125 626 3173 uoce
662 3156 670 3180 ‚
694 3107 824 3169 dubitari
846 3123 910 3170 non
956 3123 1027 3169 esse
1043 3123 1150 3189 regem
1165 3108 1330 3187 aquilonis.
1347 3115 1378 3171 et
1393 3117 1497 3171 contra
1514 3124 1584 3171 eum
1611 3107 1641 3169 iu
1668 3101 1818 3183 praelium

64 3194 277 3258 terracmam
293 3195 374 3254 euim
390 3192 472 3269 apud
487 3124 680 3255 Ambrosiiiiu
696 3191 751 3253 lib.
769 3192 799 3253 5.
814 3191 907 3267 eoist.
953 3198 1113 3253 venturum
1130 3208 1234 3269 regam
1246 3192 1386 3264 austriet
1398 3192 1734 3272 nominatimliumuuos
1747 3198 1819 3245 con·

63 3273 106 3335 tn.
119 3279 194 3353 dyo.
210 3279 323 3353 iuquit,
340 3276 451 3337 mortai
463 3274 502 3337 in
515 3290 663 3346 annuere,
679 3276 812 3336 romaum
824 3274 909 3350 scee-
957 3282 999 3336 tra
1014 3276 1147 3337 eundem
1165 3277 1249 3337 illum
1273 3291 1377 3353 regem
1405 3282 1608 3351 pugnaturos:
1635 3286 1712 3333 naur
1729 3280 1820 3329 voces

63 3373 92 3415 rc
104 3362 196 3435 coepi.
212 3377 311 3423 orare
325 3361 363 3421 in
377 3356 539 3419 edictione
552 3357 906 3422 licumutauducciret.
953 3359 1022 3421 illas
1037 3358 1197 3421 hebraicas
1213 3362 1301 3427 0223
1317 3366 1347 3417 et
1362 3362 1460 3429 tram
1477 3364 1601 3419 testator
1617 3372 1643 3417 s.
1672 3352 1818 3425 Hierony-

64 3439 151 3501 l'rstat
163 3444 240 3522 apud
256 3445 461 3519 augustinum
478 3457 571 3501 serm.
587 3441 640 3502 ιιι.
657 3442 695 3501 de
708 3447 856 3515 tempore:
869 3441 910 3501 ln
953 3460 1021 3503 rous
1036 3443 1067 3503 in
1083 3440 1357 3511 commentarium
1374 3439 1521 3501 Hebraeis
1536 3436 1818 3515 eroquidlomanos

64 3523 191 3597 lectione,
208 3527 320 3601 inquit,
338 3540 423 3603 quoe
444 3522 538 3586 roobia
564 3526 609 3586 od
633 3524 750 3585 mirano
770 3524 909 3599 teqcudc
953 3532 984 3587 et
996 3525 1103 3587 Italos.
1120 3524 1206 3597 Quod
1223 3522 1249 3584 si
1265 3522 1433 3593 lustrales
1450 3528 1481 3583 ct
1495 3520 1674 3582 nominatim
1691 3514 1819 3577 Romani

64 3611 110 3675 eat,
125 3609 271 3671 audituri
284 3622 398 3672 annunt
414 3611 472 3669 eto.
488 3606 591 3667 Exstat
618 3607 700 3667 idem
726 3606 907 3667 vocabulum
953 3616 1091 3687 pugnant
1106 3623 1175 3668 cum
1192 3620 1276 3684 rego,
1293 3606 1344 3684 qui
1360 3604 1434 3666 colit
1448 3604 1542 3666 deum
1559 3599 1818 3674 Mahucim3certo

62 3690 129 3763 stood
144 3692 292 3753 lictorem
309 3691 480 3755 uticensem
496 3690 664 3751 tih.2.lrist.
680 3691 719 3751 da
738 3704 907 3767 persequu·
953 3693 1032 3753 deus
1048 3690 1196 3753 llalruzim
1213 3704 1272 3749 uon
1300 3693 1348 3749 est
1372 3686 1450 3749 deus
1474 3688 1693 3752 Romanorum,
1716 3692 1819 3757 neque

64 3770 134 3833 tione
146 3775 325 3847 wandalica,
342 3773 423 3849 apud
439 3772 616 3833 Cassianum
634 3771 688 3833 lib.
706 3771 736 3833 3.
759 3772 798 3832 de
816 3786 908 3833 uano·
953 3782 1001 3837 est
1014 3773 1120 3848 missa,
1138 3772 1197 3834 nisi
1212 3771 1378 3849 relintjam
1395 3770 1520 3831 missam
1535 3786 1551 3829 a
1566 3764 1708 3829 Romanis
1723 3777 1819 3839 oppu-

63 3855 304 3919 nicodiriuarum
319 3855 490 3917 orationum
515 3862 547 3917 et
573 3854 758 3933 psalmorum
784 3855 905 3915 ordina:
953 3860 1051 3937 gnari,
1068 3858 1106 3919 ab
1122 3854 1359 3936 Aquiloouriltus
1375 3850 1512 3915 delendi.

64 3938 130 4011 troad
143 3938 277 4001 Leonem
295 3939 387 4018 epist.
403 3936 455 3999 lii.
472 3939 508 3998 ud
524 3938 717 4008 oioscnrum,
742 3943 771 3997 ct
796 3935 846 3997 88.
870 3936 907 3997 od
995 3941 1152 4003 Praeterea
1169 3955 1221 4003 rex
1237 3938 1300 4011 ille,
1324 3936 1377 4013 qui
1392 3936 1465 3997 colit
1485 3936 1578 3997 deum
1599 3928 1765 3997 llalrucim,
1789 3930 1821 3993 ut

63 4021 210 4108 roucooos
223 4022 407 4085 Germaniae
422 4027 454 4083 et
468 4019 595 4085 Galliae:
612 4022 692 4099 apud
707 4020 841 4081 Felicem
857 4018 907 4081 tv,
954 4024 984 4085 ia
1012 4024 1121 4085 endem
1147 4023 1247 4099 capite
1273 4020 1417 4098 legimus,
1446 4034 1507 4079 uon
1533 4017 1607 4079 colit
1630 4011 1713 4074 ullos
1737 4007 1816 4100 aliqs

63 4116 86 4158 ro
100 4104 182 4176 eoist.
197 4106 227 4167 l.
243 4104 327 4184 opud
342 4122 370 4165 s.
386 4104 585 4165 Benedictnm
601 4104 632 4165 iu
649 4104 753 4182 regula
770 4120 840 4181 cap.
855 4101 905 4163 li.
952 4108 1039 4181 deos,
1057 4122 1158 4184 neque
1184 4104 1260 4166 deos
1276 4111 1393 4179 nattum
1409 4118 1547 4169 suorum,
1564 4098 1619 4163 sed
1633 4099 1736 4157 contra
1749 4105 1817 4153 uur-

64 4186 137 4276 lpud
151 4186 330 4266 iitstt⁰tit¹¹ss
345 4186 371 4249 l·
388 4185 444 4248 lib·
462 4190 491 4246 i·
507 4188 600 4264 episi·
619 4186 668 4247 12·
695 4192 726 4247 el
750 4186 806 4247 iib-
828 4186 860 4247 i·
877 4199 908 4246 e·
953 4207 1041 4253 tersa
1057 4190 1179 4250 narratur
1197 4186 1367 4264 consurgit.
1380 4184 1473 4246 Porro
1485 4185 1638 4246 Romanos
1650 4172 1821 4265 adversarii

65 4274 125 4338 iisi·
140 4268 187 4331 iii·
202 4278 233 4333 et
247 4272 323 4333 olibi
339 4270 466 4349 passim·
482 4270 622 4349 Denique
638 4271 668 4330 in
686 4268 910 4344 antiquissimis
955 4279 1098 4337 asserunt
1122 4272 1225 4333 colere
1251 4267 1584 4331 deosinnumerabiles
1598 4268 1629 4325 et
1652 4257 1781 4339 plurima
1797 4272 1820 4313 r·
1873 4306 1876 4314 .

65 4351 201 4441 conciliis.
216 4360 250 4416 ut
263 4355 298 4415 in
314 4368 453 4425 romano,
469 4353 528 4415 sub
543 4353 698 4432 sylvestro
712 4351 737 4413 l.
750 4352 781 4413 in
794 4352 911 4414 curtlia·
955 4358 1037 4427 dola,
1055 4355 1197 4416 nimirum
1214 4368 1322 4414 omnes
1337 4358 1461 4413 sanctos
1473 4357 1504 4411 et
1518 4351 1653 4418 sanctas,
1669 4348 1700 4404 et
1714 4355 1819 4416 eorum

64 4433 178 4503 grnieusi
193 4436 234 4499 ll.
251 4454 322 4499 cau.
340 4436 370 4499 3.
388 4436 419 4497 in
442 4435 680 4515 carthaginiensi
696 4434 747 4497 li.
761 4452 830 4497 can.
856 4431 908 4496 st.
954 4439 1100 4516 reliquias
1115 4446 1205 4515 atque
1219 4435 1382 4515 imagines.
1399 4434 1460 4513 ipsi
1473 4438 1574 4495 autam
1587 4422 1750 4489 adversarii
1762 4437 1816 4482 uo·

66 4514 193 4580 ilerdensi
209 4536 281 4583 can.
298 4519 330 4581 l.
347 4518 500 4581 valentino
515 4536 586 4581 can.
604 4521 633 4579 l.
660 4519 819 4596 agattrensi
840 4534 910 4579 can.
956 4523 1009 4584 stri
1026 4528 1129 4583 contra
1144 4520 1306 4599 iuragines,
1322 4518 1480 4594 reliquias,
1498 4521 1528 4577 et
1542 4515 1629 4593 ipsos
1645 4509 1736 4571 etiam
1749 4522 1817 4567 suo·

66 4595 110 4659 li.
124 4602 326 4665 aurelianensi
342 4602 368 4663 1.
384 4618 454 4663 can.
470 4599 521 4665 28.
535 4617 614 4681 quae
625 4601 727 4664 omniu
740 4601 911 4665 testimonia
957 4615 1023 4667 crus
1038 4611 1142 4681 aparte
1158 4606 1359 4679 consurgunt;
1376 4600 1525 4661 deberent
1541 4596 1643 4669 igitur,
1659 4591 1686 4653 si
1708 4604 1818 4651 conse·

66 4688 125 4743 rante
138 4699 230 4747 anuos
245 4686 369 4749 circiter
382 4684 480 4760 mille,
497 4690 528 4747 et
541 4700 579 4747 eu
601 4685 733 4763 amplius
754 4685 911 4762 couscrip·
955 4695 1086 4762 quantor
1102 4686 1183 4761 loqui
1201 4686 1325 4757 cultant,
1342 4684 1474 4759 ingenue
1488 4677 1733 4753 eoulltcri,suum
1747 4686 1819 4735 osse

67 4769 171 4827 'iiiiii-
402 4811 405 4822 ι
613 4796 617 4803 ·
956 4772 1053 4833 ileum
1070 4769 1232 4837 Mahucim,
1250 4784 1309 4828 noo
1327 4772 1428 4827 atatem
1446 4763 1646 4840 lanistarum.

97 4846 176 4919 Quod
197 4867 270 4913 aero
297 4851 403 4912 attinet
427 4849 464 4910 od
491 4850 717 4930 etymologiam,
743 4847 910 4911 Lutlrerani
997 4855 1038 4914 ld
1056 4854 1142 4926 hirec,
1161 4852 1185 4913 si
1203 4854 1279 4912 deus
1295 4848 1441 4911 llahuzim
1458 4853 1505 4908 est
1519 4844 1603 4905 Deus
1617 4840 1654 4903 ub
1671 4836 1819 4899 luticiani·

64 4927 136 4987 solita
150 4930 337 5009 impudentia
347 4932 532 4995 deducunta
547 4949 622 4995 roce
635 4934 778 4995 hebraica
790 4938 835 5000 nt
857 4942 910 5016 ot)
954 4944 1001 4999 sto
1017 4937 1179 4999 larbricatus
1196 4942 1225 4995 ut
1240 4941 1361 4995 auectus
1378 4977 1386 5001 ,
1403 4936 1434 4991 et
1448 4926 1650 4991 Antichristus
1668 4922 1819 5011 natusest

67 5026 133 5074 tonte
145 5014 275 5077 habetur
289 5017 366 5077 lian.
383 5016 433 5077 ll.
450 5016 502 5077 ubi
518 5016 556 5078 de
571 5016 756 5077 Antichristo
767 5015 910 5088 legimus:
954 5025 1025 5099 pust
1038 5034 1152 5081 annum
1166 5016 1286 5080 Domini
1302 5012 1373 5076 otto.
1391 5020 1423 5076 ut
1435 5008 1638 5075 communitor
1650 5003 1819 5064 Luttrerour

68 5091 274 5161 lteurncutenr
287 5098 452 5161 noltuzim
466 5098 597 5161 coletin
617 5098 686 5160 ioco
709 5115 779 5161 suu.
805 5098 912 5176 ltaque
956 5105 1081 5175 docent,
1097 5099 1251 5180 quomodo
1267 5104 1367 5177 potest
1393 5098 1469 5157 deus
1495 5094 1547 5155 ille
1573 5084 1722 5153 danucia
1742 5098 1818 5179 'esse

66 5174 156 5238 roluot
169 5181 346 5255 aduersarii,
363 5187 454 5259 atque
471 5183 501 5242 in
517 5182 624 5259 primis
640 5181 814 5244 llemnitius
835 5182 865 5241 iu
881 5181 911 5241 2.
957 5185 1062 5255 missa,
1081 5200 1158 5262 quac
1175 5183 1266 5260 louge
1282 5188 1329 5243 est
1343 5177 1612 5257 antiquiormtjam
1628 5166 1820 5231 ostendamus

68 5264 132 5345 nort.
146 5276 241 5326 eram.
259 5263 385 5327 concilii
415 5262 584 5335 tridentini,
612 5265 642 5325 in
668 5267 736 5343 ipso
761 5263 912 5342 principio
956 5286 993 5329 ea
1010 5267 1180 5341 Ambrosio,
1198 5266 1377 5344 Augustino,
1395 5264 1527 5339 aliisquo
1542 5254 1682 5319 Patribus
1697 5250 1822 5313 rotuoti·

67 5340 265 5415 atraqutationis
293 5346 332 5407 de
356 5346 509 5408 sacrificio
535 5347 661 5419 missac,
691 5347 816 5409 missum
841 5364 913 5409 esse
959 5350 1078 5411 oribus.

70 5418 164 5497 ileum,
180 5444 235 5489 suu
251 5444 354 5489 arcem
370 5433 401 5491 el
415 5429 510 5491 robur
539 5430 715 5493 antichristi
743 5430 872 5494 romani.
891 5430 913 5489 i·
1001 5432 1141 5511 Denique
1157 5430 1248 5493 deum
1269 5428 1421 5490 -llalrurim
1444 5442 1506 5489 non
1532 5424 1643 5504 palam,
1667 5416 1722 5479 sed
1744 5416 1824 5477 clam

69 5502 133 5593 itast,
147 5526 255 5587 napae:
271 5511 364 5588 idquc
381 5512 526 5590 probant,
543 5516 613 5591 quia
629 5515 729 5576 divion
752 5513 914 5590 provideo·
958 5515 1162 5577 inticlrristus
1178 5514 1269 5574 colet.
1287 5514 1336 5575 Sic
1362 5513 1444 5574 enim
1468 5509 1671 5571 conciliantur
1685 5498 1776 5563 uerba
1793 5514 1838 5559 cr

74 5588 220 5654 tralactum
236 5592 367 5663 ridetur,
391 5600 425 5657 ut
449 5595 542 5659 missa
569 5595 600 5657 iu
630 5613 704 5659 rore
730 5601 915 5674 congrueret
958 5599 1082 5678 jusdem
1100 5596 1279 5675 prophetae,
1296 5613 1373 5673 quac
1386 5598 1466 5655 iuter
1477 5610 1511 5655 se
1525 5602 1662 5670 pugnare
1673 5583 1825 5655 ridentur,

75 5685 130 5729 cun
143 5671 203 5739 lieo
217 5676 272 5739 illu
289 5678 476 5741 antichristi.
962 5698 1031 5746 cum
1049 5682 1128 5743 dicat
1144 5680 1182 5743 ab
1198 5678 1381 5743 datichriato
1398 5692 1507 5741 omncs
1523 5677 1599 5739 deos
1625 5676 1826 5735 contemnan-
