4084 6275
175 409 181 426 .
275 368 328 427 396
808 363 852 422 ba
869 361 1092 422 sectabatur
1109 359 1356 422 eucharistiae

246 501 306 564 sed
321 501 427 578 posset
441 495 554 578 aliquis
568 497 719 582 objicere:
733 497 818 562 Sient
832 513 945 580 eorpus
958 497 1062 562 llomi·
1105 495 1222 560 naratio
1234 497 1412 560 terminatur
1422 496 1460 561 ud
1471 489 1827 570 substantiam,alteratio
1837 489 1876 552 ad
1887 503 1967 567 cna·

203 585 236 646 ni
250 583 356 662 incipit
366 595 437 644 esse
458 580 491 644 in
505 587 696 646 sacramento
710 582 742 643 in
756 581 893 658 instanti,
909 583 954 644 sic
969 583 1062 645 ctiam
1105 582 1232 655 litatem,
1247 582 1453 660 augmentatio
1467 582 1509 643 ad
1520 581 1730 660 quantitatem.
1746 573 1862 637 allatio
1875 574 1915 634 ad
1931 589 1968 634 u·

202 668 292 746 panis
307 663 421 727 desinit
435 678 507 728 esse
521 663 554 727 io
568 665 705 728 instanti:
721 680 783 729 non
798 666 882 728 enim
892 665 1061 744 conompi·
1105 662 1217 734 bi‚sive
1230 664 1269 725 ad
1284 663 1398 726 locum:
1415 671 1516 727 tamen
1532 664 1602 740 ouis
1616 660 1860 724 Christianorum
1874 655 1967 734 igno·

202 759 251 811 tur
263 748 407 827 paulatim
429 762 485 826 per
499 745 720 826 dispositiones
734 749 873 828 praevias
889 795 897 816 .
920 748 976 810 sed
1006 763 1061 826 per
1105 754 1151 807 rat
1163 747 1393 824 generationem
1408 748 1557 824 distingui
1571 746 1769 814 screatione,
1796 740 1869 802 licet
1883 744 1969 799 utra-

201 831 373 911 simplicem
389 829 541 892 actionem
556 831 689 893 divinam
704 831 819 892 desinit
833 847 916 893 esse.
946 832 1033 892 Alea
1050 874 1058 903 ‚
1105 845 1166 907 nuc
1187 827 1227 888 sit
1247 829 1284 890 ad
1297 829 1516 892 substantiam?
1543 835 1575 890 ct
1587 841 1696 889 rursus
1713 871 1722 898 ,
1744 821 1968 913 contorsiones

201 930 280 993 quae
297 913 445 977 desinunt
458 912 491 973 in
503 911 628 975 instanti
646 959 654 986 ,
676 913 823 976 desinunt
844 930 899 992 per
920 913 1061 975 ultimum
1105 911 1464 991 miraculolactesauuae
1478 913 1510 974 in
1524 913 1642 978 vinum.
1669 916 1700 971 al
1714 906 1818 969 uxoris
1842 904 1919 964 both
1934 918 1969 962 tn

200 997 249 1058 sui
261 1011 344 1070 esse,
360 994 441 1057 sieut
455 1009 492 1056 ea
512 1010 591 1074 quae
603 995 756 1074 incipiunt
778 997 809 1058 in
823 989 961 1069 instanti,
984 995 1060 1056 inci·
1105 1002 1233 1056 statuam
1248 995 1333 1066 salis,
1350 996 1526 1058 terminatas
1540 994 1637 1056 luisse
1651 992 1689 1052 ad
1705 986 1921 1057 substantiam,
1937 989 1972 1045 et

200 1080 289 1158 piant
303 1077 502 1156 perprimnm
516 1079 564 1140 sni
580 1093 662 1140 esse:
686 1093 759 1156 ergo
784 1077 918 1140 dandum
943 1083 990 1140 est
1013 1077 1061 1138 in·
1105 1083 1205 1138 lamen
1221 1093 1283 1139 non
1297 1093 1369 1140 esse
1384 1078 1508 1157 proprie
1521 1072 1756 1154 generationes?
1777 1072 1851 1132 ilico
1872 1068 1970 1147 igitur

199 1167 285 1222 stans
297 1158 506 1221 affirmativum
521 1165 580 1221 lam
596 1159 759 1222 desitionis
773 1163 874 1240 panis,
887 1177 976 1238 qnam
990 1176 1061 1221 snc·
1105 1159 1457 1222 transubstantiationem
1479 1158 1635 1222 terminari
1648 1157 1685 1217 ad
1701 1152 1918 1220 substantiam.
1934 1155 1969 1210 ει

199 1243 353 1308 cessionis
374 1243 513 1320 corporis
528 1241 661 1304 Domini.
679 1244 819 1315 itureae,
843 1249 895 1306 aut
916 1249 962 1304 est
977 1242 1060 1304 idem
1105 1248 1208 1303 tamen
1223 1258 1284 1303 non
1299 1259 1370 1306 esse
1390 1241 1634 1320 generationem,
1649 1237 1706 1302 sed
1728 1232 1967 1299 conversionem

198 1327 319 1388 instans
340 1324 503 1387 desiticnis
518 1331 549 1387 el
563 1327 772 1388 successionis
790 1344 798 1401 ;
814 1333 866 1386 ant
890 1325 1059 1388 diversum.
1105 1327 1381 1402 supernaturalem,
1394 1343 1449 1404 par
1463 1341 1555 1404 quam
1570 1323 1618 1402 (nt
1631 1338 1724 1400 supra
1737 1317 1874 1398 ostendi)
1897 1331 1968 1378 cor·

202 1406 236 1472 Si
247 1407 331 1470 idem
346 1423 420 1485 ergo
436 1408 529 1468 simul
544 1415 634 1468 erunt
661 1407 720 1469 sub
736 1407 797 1469 illis
813 1407 993 1484 speciebus,
1007 1424 1061 1484 pa·
1105 1424 1165 1485 pus
1179 1404 1290 1470 Christi
1306 1425 1368 1470 non
1382 1406 1573 1486 producitur,
1590 1408 1646 1468 sed
1660 1401 1802 1477 succedit
1821 1401 1969 1463 substan·

200 1491 250 1552 nis
271 1497 302 1552 et
322 1505 435 1568 corpus
450 1489 582 1552 Domini:
613 1491 637 1552 si
653 1490 819 1568 diversum;
836 1506 909 1568 ergo
932 1491 962 1551 in
986 1496 1061 1551 tem·
1105 1491 1274 1567 tiaepaois.

200 1589 277 1652 pure
291 1572 475 1635 intermedio
491 1571 567 1651 (nec
588 1573 670 1634 enirn
696 1573 806 1634 dantur
825 1572 886 1634 duo
912 1571 1059 1634 instantia
1145 1573 1190 1634 hd
1206 1572 1483 1651 Secundamoagc,
1496 1570 1608 1634 Christi
1630 1584 1766 1645 eorpus,
1792 1565 1840 1627 vel
1862 1563 1969 1654 ipsum

199 1655 388 1734 immediata)
404 1662 493 1717 erunt
505 1650 628 1734 species
642 1654 714 1717 illae
734 1655 802 1717 sine
823 1655 993 1718 substantia
1008 1671 1061 1734 pa·
1105 1653 1258 1716 Christum
1270 1655 1380 1726 Deum,
1397 1661 1427 1717 ct
1441 1655 1597 1718 bominem
1612 1651 1754 1715 absolute
1768 1665 1785 1710 a
1800 1652 1971 1726 sacerdotr-

198 1741 261 1811 nis,
274 1737 385 1800 alsine
400 1751 529 1816 corpore
544 1737 678 1799 Domini.
1105 1735 1164 1798 bus
1177 1737 1255 1802 lieri.
1269 1738 1360 1800 llliod
1375 1738 1457 1800 enirn
1472 1744 1520 1800 est
1533 1735 1645 1800 Christi
1675 1748 1792 1810 corpus
1819 1746 1858 1794 ει
1886 1741 1971 1808 ρεεε

240 1819 526 1898 RespondcozLicet
536 1819 625 1899 panis
640 1817 762 1882 desinat
772 1819 803 1882 in
817 1818 1061 1893 instanti‚laman
1106 1819 1274 1893 conllrere,
1290 1821 1373 1898 quod
1389 1820 1566 1883 sacerdotes
1580 1818 1708 1888 iaciunt,
1721 1813 1803 1876 aliud
1825 1815 1972 1877 absolute

198 1903 276 1966 illud
292 1905 411 1964 instans
426 1917 488 1964 non
504 1909 605 1980 potest
619 1903 781 1983 assignari,
806 1903 854 1966 vel
870 1903 979 1978 notari,
999 1903 1060 1966 nisi
1105 1901 1216 1966 Christi
1233 1919 1347 1980 corpus
1362 1903 1497 1966 efficere:
1514 1917 1551 1964 ex
1563 1917 1642 1980 pana
1657 1901 1739 1961 enim
1755 1896 1881 1963 ,Christi
1903 1913 1974 1958 cor·

197 1985 351 2064 negative,
369 1985 407 2045 ila
423 1993 456 2047 ut
470 1986 511 2048 sit
527 1986 658 2063 primum
687 2002 747 2047 non
777 2001 848 2048 usse
872 1985 974 2066 panis,
998 2002 1061 2048 non
1104 2001 1164 2066 pos
1180 1985 1379 2058 efficeremur
1388 1993 1436 2048 est
1449 1989 1551 2067 ipsum
1568 1979 1849 2061 produceresedtn
1866 1981 1974 2057 ipsum

198 2077 299 2132 :tutem
316 2067 456 2129 ultimum
472 2083 544 2130 esse
558 2069 658 2143 panis.
685 2067 778 2147 Cujus
806 2067 881 2130 ratio
911 2076 970 2142 εει,
984 2069 1057 2146 quia
1103 2069 1314 2148 praeexistens
1328 2068 1629 2147 panissnbstanliam
1641 2069 1840 2127 commutare.
1856 2061 1973 2135 Quam·

197 2151 287 2228 panis
303 2149 418 2211 desinit
433 2149 470 2212 ad
486 2149 670 2212 desitionem
682 2151 856 2226 verborum,
884 2150 915 2212 in
931 2165 1062 2229 quornm
1106 2167 1200 2228 onam
1214 2151 1242 2212 si
1256 2151 1295 2214 de
1309 2152 1403 2214 modo
1425 2149 1573 2232 loquendi
1588 2153 1705 2227 agatur,
1730 2162 1792 2207 aon
1819 2145 1974 2208 dubitavit

196 2235 306 2294 virtute
322 2233 354 2293 llt
370 2233 420 2293 illa
436 2233 609 2295 conversio:
625 2233 717 2296 verba
733 2243 834 2296 autern
850 2248 912 2294 non
940 2233 1057 2296 babent
1105 2233 1311 2313 Hieronymus
1326 2238 1357 2296 in
1373 2234 1467 2313 epist.
1483 2232 1521 2295 ad
1536 2229 1733 2294 Heliodorum
1748 2273 1756 2302 ,
1773 2233 1803 2290 et
1816 2227 1848 2288 ia
1870 2229 1972 2291 altera

196 2318 338 2377 ultimum
351 2332 432 2390 esse,
449 2318 505 2376 sed
520 2315 652 2394 primum
668 2333 730 2380 non
752 2333 834 2378 esse.
856 2314 962 2394 Itaque
985 2317 1062 2379 illud
1106 2317 1143 2377 ad
1167 2315 1328 2395 Evagrinm
1344 2315 1448 2380 dicere
1463 2314 1642 2379 sacerdotes
1657 2310 1768 2375 Christi
1789 2325 1905 2390 corpus
1920 2327 1971 2373 sa·

197 2398 316 2461 instans
332 2397 555 2460 terminatlvum
570 2399 749 2476 prolationis
763 2398 987 2472 verborum,est
1002 2399 1062 2477 pri·
1106 2415 1159 2462 ero
1174 2415 1228 2460 ore
1243 2399 1408 2463 confluere.

197 2497 281 2542 mum
293 2497 355 2542 non
367 2496 438 2543 esse
450 2480 624 2550 verborum.
638 2487 669 2543 el
679 2487 906 2560 consequenter
920 2482 1062 2544 substan·
1146 2480 1190 2544 td
1205 2481 1336 2544 Tertiam
1350 2484 1432 2545 dieo:
1449 2480 1567 2560 Corpus
1582 2475 1695 2541 Christi
1709 2492 1749 2536 ex
1762 2490 1844 2554 pane
1867 2473 1939 2538 lieri
1956 2521 1966 2550 ,

199 2565 260 2626 tiae
277 2565 378 2641 panis:
396 2569 427 2626 et
448 2565 539 2625 simui
557 2569 604 2626 est
619 2565 748 2642 primurn
764 2580 836 2626 esse
851 2566 989 2643 corporis
1002 2565 1062 2626 llo·
1106 2580 1168 2626 non
1184 2569 1336 2643 tamquam
1351 2581 1390 2626 er
1404 2565 1539 2633 materia,
1561 2559 1718 2639 quomodo
1732 2559 1907 2620 factumest
1929 2575 1970 2620 ex

197 2647 273 2707 vnini
290 2646 347 2708 sub
361 2645 424 2708 illis
438 2645 618 2724 speciebus.
645 2647 732 2720 Quod
762 2648 842 2708 idern
859 2649 1014 2710 cernimus
1031 2649 1062 2709 in
1106 2663 1200 2711 carne
1212 2655 1336 2710 sanetae
1350 2646 1496 2725 Virginis,
1512 2651 1544 2708 el
1555 2642 1710 2723 quomodo
1721 2656 1760 2703 ex
1773 2641 1858 2720 ligno
1873 2639 1973 2702 lllsc·

147 2787 150 2796 ‚
197 2729 327 2791 naturali
351 2728 616 2791 transmutatione.
638 2727 709 2792 llam
722 2730 891 2792 substantia
904 2747 982 2808 quae
996 2746 1063 2793 cor·
1105 2729 1217 2801 deses
1227 2745 1302 2792 auro
1317 2737 1348 2793 el
1363 2737 1491 2809 argento
1504 2745 1572 2790 vasa
1586 2723 1796 2804 pretiosa;sed
1813 2730 1974 2801 tamquam

199 2813 362 2888 rumpitur,
380 2812 411 2872 in
427 2810 554 2873 instanti
568 2810 684 2874 desinit
705 2827 787 2883 esse,
817 2828 880 2873 non
896 2813 978 2874 enim
991 2820 1065 2876 snnl
1107 2829 1146 2874 ex
1161 2812 1291 2875 termina
1302 2830 1320 2874 a
1332 2829 1415 2893 quo,
1431 2809 1586 2890 quomodo
1601 2824 1640 2870 ex
1661 2807 1760 2868 nihilo
1787 2805 1901 2866 iactum
1924 2812 1974 2868 est

199 2896 315 2973 gradus
330 2895 361 2954 in
383 2893 567 2968 substantia,
590 2895 670 2955 sient
694 2893 725 2955 in
747 2893 955 2974 qualitatibus:
977 2902 1007 2956 ει
1021 2902 1064 2956 ta·
1106 2896 1242 2966 coelum,
1258 2911 1297 2958 ει
1312 2895 1363 2958 die
1374 2894 1409 2956 lit
1423 2911 1494 2966 nox,
1504 2900 1536 2956 ει
1546 2893 1638 2954 eliam
1653 2905 1691 2952 ex
1705 2904 1782 2965 aqua
1798 2889 1912 2950 lactum
1924 2895 1977 2950 est

201 2992 288 3046 rnen,
311 2977 381 3052 utria
403 2976 520 3037 desinit
540 2975 579 3037 ad
594 2975 775 3038 desitionem
801 2976 1062 3055 dispositionum,
1108 2978 1225 3040 vinum.
1242 2978 1346 3057 licque
1358 2979 1442 3040 enirn
1463 2993 1541 3056 anua
1557 2973 1682 3044 mansit,
1699 2978 1731 3032 ut
1746 2969 1869 3032 materia
1882 2973 1945 3032 vini
1963 3017 1975 3044 ,

200 3075 263 3120 non
280 3056 372 3118 babet
389 3058 529 3120 ultimum
546 3059 686 3132 esse,sed
699 3057 831 3136 primum
842 3075 903 3120 uon
915 3060 1063 3122 essedis·
1108 3061 1182 3124 licet
1202 3062 1351 3124 manserit
1362 3060 1489 3123 materia
1501 3056 1704 3139 prima,quae
1725 3069 1804 3132 aqua
1820 3053 1882 3116 dici
1908 3070 1976 3115 non

201 3141 376 3223 positiones
414 3140 498 3203 enim
528 3157 585 3221 per
607 3148 721 3205 motum
747 3144 960 3206 successivum
985 3142 1067 3207 desi·
1107 3150 1221 3224 potest.
1238 3144 1331 3208 Porro
1347 3145 1404 3206 ista
1425 3146 1505 3206 varia
1521 3139 1656 3210 effectio,
1673 3153 1735 3199 non
1752 3143 1848 3197 mutat
1862 3138 1907 3199 rei
1920 3153 1975 3199 na·

201 3229 293 3286 nuni·
1107 3236 1218 3290 turam.
1234 3228 1307 3289 Nam
1323 3226 1349 3289 si
1364 3228 1435 3307 onis
1449 3244 1466 3288 a
1481 3225 1545 3288 lieo
1559 3240 1598 3287 ex
1611 3220 1709 3283 nihilo
1723 3219 1948 3299 produceretur
1963 3266 1974 3292 ,

243 3308 466 3385 Argumentum
480 3303 599 3368 Nonum
614 3306 744 3372 habetur
771 3306 924 3386 objectiva
940 3306 1011 3370 lllS.
1033 3314 1065 3371 et
1106 3328 1171 3372 nnn
1185 3317 1270 3372 esset
1283 3311 1423 3374 diversae
1439 3316 1564 3371 naturae
1578 3307 1616 3367 ab
1631 3304 1694 3368 illis
1705 3301 1895 3378 hominibus,
1919 3302 1977 3380 qui

200 3386 406 3467 sequentibus
428 3388 581 3468 usquead
598 3389 1065 3454 ttutusttouonsccsrcctto
1109 3409 1147 3455 cx
1161 3394 1287 3455 materia
1303 3393 1527 3471 praeexistente
1550 3389 1653 3460 linat,
1685 3401 1787 3463 neque
1809 3384 1914 3447 vinnm
1929 3386 1976 3446 la·

200 3470 299 3543 tione,
311 3472 459 3548 sequitur
474 3485 517 3533 εεε
525 3488 618 3550 ρεεε
638 3471 710 3550 fleri
739 3489 856 3553 corpus
885 3474 1016 3537 Christi:
1032 3478 1066 3536 ει
1109 3482 1193 3539 ctum
1208 3492 1246 3537 ex
1260 3492 1338 3555 aqna
1354 3476 1386 3537 in
1400 3473 1479 3537 Cana
1495 3472 1630 3535 Galileae
1654 3468 1710 3530 luit
1731 3468 1871 3529 diversae
1886 3473 1976 3529 natu·

200 3554 261 3615 hoc
275 3552 384 3615 multis
397 3554 586 3637 nominibus
602 3562 647 3617 est
661 3554 854 3631 εὺεειεεεε
865 3557 967 3636 igitur
977 3564 1067 3621 trum·
1110 3572 1163 3621 rae
1176 3574 1192 3619 a
1205 3559 1289 3629 vino,
1305 3558 1385 3637 quod
1398 3558 1432 3620 ill
1446 3573 1484 3619 ex
1494 3555 1572 3618 uvis.
1586 3552 1729 3627 Quamvis
1752 3557 1855 3612 antem
1885 3566 1978 3611 auur·

200 3634 429 3701 substantialia
445 3636 732 3701 admittendorum
746 3644 802 3701 εει.
831 3640 993 3703 Probatur
1014 3656 1065 3703 aa·
1110 3657 1202 3718 qnanr
1219 3641 1498 3719 muteturspeeics,
1514 3647 1615 3699 tamen
1643 3648 1754 3695 novom
1780 3631 1978 3695 individuum

199 3718 355 3796 sumptio.
373 3718 516 3792 Primum·
529 3736 668 3800 erpone
682 3720 843 3801 tilcorpue
860 3722 1066 3801 Christimrgo
1111 3724 1289 3802 producitur
1302 3723 1482 3786 distinctum
1509 3720 1547 3782 ab
1563 3717 1706 3782 omnibns
1727 3715 1821 3785 aliis,
1849 3718 1977 3792 qnando

201 3804 378 3880 ρεεεεειεε
391 3813 510 3878 eorpus
526 3802 653 3866 Christi:
668 3807 804 3867 mutatio
819 3806 908 3867 emim
932 3808 978 3869 ad
992 3806 1066 3869 sub·
1111 3806 1271 3869 conversio
1286 3811 1334 3867 est
1348 3803 1536 3885 productiva:
1550 3802 1581 3862 in
1595 3798 1747 3879 praesenti
1761 3802 1864 3859 autern
1880 3814 1978 3875 nego·

203 3884 358 3945 stantiam
368 3882 464 3945 εειιε
475 3890 530 3960 εει,
546 3887 613 3949 uisi
625 3888 803 3965 generatio.
828 3890 865 3949 lt
886 3888 1067 3953 eberardum
1110 3890 1153 3951 tio
1175 3888 1336 3951 conversio
1352 3906 1414 3951 non
1429 3892 1479 3950 est
1493 3882 1683 3964 productiva,
1713 3888 1853 3956 utsupra
1869 3886 1977 3940 omen·

204 3970 251 4027 est
265 3966 409 4045 quotidie
426 3964 585 4030 Christum
598 3970 760 4048 pennam.
774 3970 927 4045 Secundo,
941 3973 980 4035 iu
1000 3973 1067 4035 llu-
1112 3973 1227 4032 dimus.
1239 3970 1425 4033 Panis-enim
1452 3968 1641 4032 convertitur
1665 3966 1698 4026 in
1727 3965 1830 4042 ipsum
1858 3978 1977 4037 eorpus

205 4048 363 4110 choristia
385 4053 431 4109 εει
448 4048 587 4115 Christus
598 4052 680 4115 Deus
693 4057 723 4114 et
734 4052 964 4133 homomrgomi
977 4055 1068 4135 quod
1110 4053 1220 4117 Christi
1238 4055 1460 4131 praeexistens
1476 4058 1507 4115 et
1520 4051 1591 4113 ideo
1605 4062 1719 4124 corpus
1747 4061 1785 4107 ex
1798 4060 1894 4119 carne
1908 4043 1976 4105 llic·

201 4135 249 4227 esl
259 4131 299 4193 iu
313 4129 533 4206 Eucharislio,
560 4134 595 4211 tit
609 4154 631 4198 ε
643 4137 809 4199 sacerdote
822 4152 882 4214 per
894 4152 1062 4200 conuerre-
1110 4136 1191 4217 ginis
1205 4136 1329 4209 lactum,
1346 4143 1378 4199 et
1390 4153 1429 4197 err
1443 4150 1522 4214 pane
1532 4134 1657 4202 laetum,
1676 4144 1738 4197 nou
1752 4132 1827 4190 sunl
1837 4128 1977 4201 diversa,

207 4220 341 4288 taanenu
354 4228 428 4290 erpo
442 4213 525 4279 Deua
547 4221 577 4279 et
590 4218 683 4281 homo
693 4217 728 4296 tit
740 4236 761 4280 ε
773 4220 1067 4296 εεεεειιειε.Τειιιο,
1112 4220 1167 4283 sed
1183 4236 1279 4281 unum
1295 4220 1418 4283 elidem
1433 4218 1570 4281 omnino.

203 4310 320 4375 corpure
338 4294 554 4375 Christiuttod
567 4300 629 4378 ιειι
641 4302 827 4366 iucrueeet
840 4303 878 4365 iu
890 4308 983 4366 utero
997 4318 1067 4365 mc·
1153 4302 1197 4363 hd
1213 4310 1426 4382 argumentum
1441 4306 1541 4362 autem
1564 4296 1643 4359 Petri
1665 4291 1807 4371 martvris
1835 4302 1981 4368 compre·

107 4414 112 4435 .
203 4379 274 4453 tris,
295 4393 365 4440 nun
375 4378 438 4455 luit
451 4378 576 4456 sactum
587 4399 629 4445 em
642 4399 741 4461 pune,
755 4385 812 4447 aad
835 4400 879 4447 em
890 4401 988 4448 corne
1004 4386 1068 4449 l'ir·
1110 4384 1243 4448 hensum
1254 4380 1433 4466 syllogismo
1441 4380 1671 4461 expositorioin
1682 4393 1743 4455 qno
1752 4375 1804 4436 ille
1817 4378 1982 4451 tantopere

204 4461 305 4540 ginis.
320 4462 356 4523 tt
372 4462 461 4539 quod
476 4468 520 4525 est
532 4464 570 4527 in
581 4465 799 4531 Euchurutin.
824 4462 860 4543 fil
882 4482 925 4530 εεε
948 4484 1061 4546 pune;
1112 4466 1250 4540 conlidit,
1260 4468 1433 4547 respondeo
1446 4467 1477 4527 in
1492 4464 1825 4539 lurma.hrgumentnm
1838 4458 1899 4518 hoc
1914 4465 1977 4517 est:

205 4556 280 4639 erpo
296 4559 414 4622 corpus
429 4544 559 4608 Domini
573 4550 661 4627 quod
675 4549 1068 4624 estinbuchurirtiumon
1112 4551 1178 4613 Hoc
1199 4567 1318 4629 eorpus
1333 4547 1602 4629 (demonstrando
1623 4556 1741 4621 corpus
1767 4537 1981 4616 trucidantur)

205 4634 250 4689 εει
263 4626 361 4697 allud,
374 4628 464 4704 quod
473 4628 535 4704 ιειι
548 4632 587 4693 ιε
601 4646 706 4702 eruce,
723 4640 753 4693 ει
763 4632 801 4694 ιε
820 4635 913 4694 utero
939 4637 1066 4697 matria.
1111 4649 1181 4696 uon
1192 4635 1368 4711 estfactum
1379 4628 1598 4709 canamellas
1609 4640 1726 4703 coapata
1737 4621 1982 4703 (demonstran-

205 4707 272 4771 Hoe
286 4716 500 4787 argumentum
516 4712 651 4791 saepius,
668 4730 703 4775 ac
717 4716 975 4795 saepinsrepetit.
992 4725 1022 4779 et
1035 4717 1067 4777 in
1112 4718 1154 4778 da
1169 4732 1285 4794 corpus
1300 4715 1481 4777 Dominiin
1494 4708 1715 4787 Cuehuriatiu)
1729 4711 1775 4769 eal
1787 4705 1912 4783 fuctum
1936 4720 1984 4765 em

205 4790 306 4853 varias
321 4790 432 4854 inroras
447 4794 694 4873 syllogismorum
706 4797 830 4878 redigit,
848 4804 880 4859 ut
901 4798 1006 4862 nullus
1018 4815 1067 4861 ce·
1109 4814 1209 4876 pune;
1225 4814 1299 4876 crgo
1314 4794 1453 4859 haccon
1466 4793 1618 4857 estillud.
1635 4790 1846 4868 liespondeo:
1869 4786 1900 4847 Si
1923 4802 1985 4866 per

205 4874 289 4936 villis
304 4874 438 4953 relinqui
449 4878 547 4954 possit
562 4879 660 4940 locus.
1111 4881 1235 4959 factum
1245 4897 1289 4944 eac
1301 4895 1390 4959 ponc
1408 4878 1600 4956 intelligatur
1611 4874 1794 4952 productum
1808 4889 1818 4945 3
1830 4884 1988 4932 concessa

248 4952 445 5035 Respondeo:
462 4958 526 5019 lion
542 4968 589 5023 est
604 4962 699 5023 ullum
729 4956 898 5025 abscindam
927 4978 965 5024 ex
986 4978 1067 5042 pane
1112 4963 1337 5040 propositione,
1353 4967 1481 5040 negatur
1494 4955 1674 5037 assumptio:
1691 4954 1849 5017 nonenim
1864 4968 1983 5029 corpus

206 5038 274 5131 llari
287 5054 401 5117 corpus
412 5038 525 5103 Christi
541 5060 550 5104 ε
566 5043 607 5105 ita
623 5044 705 5105 enim
735 5046 869 5121 loquitur
890 5045 1069 5107 Ambrosius
1108 5038 1233 5107 'bonum
1250 5047 1281 5107 in
1297 5042 1488 5107 llneharistia
1500 5039 1691 5121 producitur,
1721 5036 1778 5099 sed
1793 5036 1896 5099 solnm
1910 5050 1986 5127 suc·

207 5120 263 5183 hb.
278 5121 309 5183 l.
325 5123 364 5185 de
387 5122 521 5185 Sauram.
534 5143 601 5207 cap.
618 5127 648 5188 l.
666 5125 854 5191 Gaudentius
875 5133 963 5190 tract.
988 5128 1019 5189 2.
1036 5129 1068 5191 in
1115 5128 1199 5190 cedit
1211 5127 1295 5206 pani.
1312 5128 1343 5188 Si
1355 5141 1498 5204 veroper
1517 5124 1642 5201 luctum
1655 5137 1699 5183 em
1710 5134 1811 5199 pune,
1828 5117 1985 5195 intelllgi·

208 5202 305 5265 broc.
320 5210 351 5265 ct
361 5204 414 5267 alii
429 5206 544 5271 Patres.
1116 5218 1165 5272 tur
1179 5211 1371 5273 successisse
1386 5210 1461 5288 paui
1478 5208 1511 5269 in
1523 5207 1625 5285 ipsum
1642 5218 1793 5266 converso
1808 5208 1840 5263 et
1853 5204 1987 5293 mulat03

250 5286 294 5346 td
309 5286 438 5351 Primam
453 5289 664 5369 probationem
686 5292 781 5355 miror
800 5292 995 5371 imperitiam,
1020 5293 1069 5355 vel
1116 5300 1190 5355 lunc
1212 5292 1424 5372 assumptione
1448 5305 1619 5363 concessa,
1648 5289 1777 5364 negatur
1798 5282 1987 5361 propositio.

210 5370 369 5430 audactam
385 5370 463 5433 Petri
486 5376 637 5455 martyris,
667 5376 719 5453 qni
734 5374 825 5437 toties
841 5377 985 5449 inculcat,
1003 5392 1070 5439 cor·
1115 5375 1188 5438 Nam
1200 5392 1271 5438 vere
1282 5391 1394 5455 eorpus
1407 5374 1481 5436 illud
1496 5371 1579 5451 quud
1592 5370 1648 5432 luit
1661 5366 1854 5438 crucifixum,
1870 5366 1988 5425 lactum

210 5466 271 5529 pus
284 5448 394 5516 Christi
411 5460 586 5519 necessario
602 5458 767 5519 dicendum
789 5474 861 5521 esse
876 5458 1069 5536 generari,si
1119 5457 1430 5538 lnilexpane:1llud
1450 5456 1532 5517 eninr
1552 5460 1611 5527 cst,
1643 5452 1675 5514 ia
1704 5451 1786 5529 quod
1809 5447 1900 5529 panis
1929 5462 1991 5525 per

211 5536 376 5627 conversio
392 5536 447 5599 isla
464 5542 643 5601 terminator
657 5542 694 5601 ad
709 5540 923 5603 substantiam.
937 5542 1010 5603 Nam
1026 5551 1070 5603 et·
1115 5543 1383 5605 consecrationum
1399 5554 1566 5604 conversus
1593 5535 1650 5597 luit
1671 5550 1686 5593 a
1702 5532 1823 5595 Christo
1846 5532 1915 5607 ipso
1938 5530 1987 5590 di·

212 5628 302 5675 ramsr
315 5621 473 5693 generatio
497 5628 584 5685 recte
609 5622 813 5702 distinguatur
826 5641 854 5685 a
875 5622 1071 5703 philosophis
1119 5633 1221 5686 cente:
1237 5624 1302 5689 Huc
1313 5632 1359 5688 est
1369 5637 1486 5703 corpus
1500 5635 1622 5689 meum.
1637 5616 1729 5697 guod
1738 5612 1901 5694 ltt⁰lt⁰bi⁸
1916 5616 1986 5675 lla·

213 5696 252 5758 ab
268 5696 456 5778 alteratione,
472 5706 718 5785 augmentatione
731 5712 762 5767 et
782 5706 907 5783 latinam
937 5707 1008 5785 quia
1019 5722 1073 5787 ge·
1118 5709 1224 5772 delata.
1237 5708 1335 5787 htqne
1349 5708 1498 5771 haetenus
1513 5704 1552 5765 de
1563 5698 1898 5764 transubstantiatione.
