4084 6275
292 364 344 421 etz
960 360 1005 419 ull
1024 359 1250 421 enuntiatam

229 502 364 564 caumas
377 504 486 563 autem
496 497 768 578 criminamquac
777 496 1086 575 illicouitebuntur,
1133 496 1259 569 diana,
1274 498 1448 561 nunaunt.-
1461 496 1646 579 eimileeque
1658 496 1829 574 euntillie,
1854 492 1920 574 qui
1939 491 2010 571 pla

229 585 315 648 nielli
327 584 394 646 nisi
407 582 542 645 Domino
555 580 627 653 seli,
644 582 733 661 quod
745 597 841 661 quem
857 578 1086 656 intercedebat,
1132 596 1192 658 que
1206 578 1342 661 quidem
1355 582 1508 659 aperiunt
1521 596 1561 643 ec
1576 588 1727 653 truneres,
1743 580 2009 658 medicisqueet·

229 666 433 749 loquebatur.
999 697 1002 714 ι
1131 664 1202 725 iam
1215 662 1431 727 madentibus
1442 661 1647 739 confitentur,
1663 664 1722 727 sed
1733 662 1908 728 admoniti
1923 674 2008 739 quae

270 751 364 813 Sexte
379 748 529 811 habemus
543 762 571 807 s.
588 744 767 823 Gregorium
793 744 952 808 missenum
976 746 1006 806 in
1024 746 1088 823 epi·
1132 746 1337 825 imponendo
1349 750 1425 809 ment
1439 746 1618 825 neqiiqetnt,
1635 751 1665 809 et
1678 762 1764 827 quae
1785 745 1942 808 bibenda
1963 742 1981 818 l
1998 776 2006 786 ·

226 834 304 895 stola
319 834 465 895 canonica
479 831 519 892 ml
534 829 713 909 episcopum
740 828 912 906 llitpleoes,
935 845 1014 906 quae
1037 844 1088 890 ex·
1131 828 1280 903 ortmann
1296 844 1332 891 cx
1348 846 1409 907 que
1430 828 1499 891 leco
1526 830 1738 905 intelligimus,
1765 829 2007 893 confesssionem

226 922 284 977 stat
298 917 328 977 in
345 915 531 977 bibliotheca
546 919 720 973 sanctorum
735 911 870 979 Petrum.
883 917 957 973 tera.
970 912 1000 974 l.
1012 911 1043 973 Is
1058 927 1089 973 e·
1132 917 1303 975 accuratam
1318 927 1442 990 semper
1456 912 1487 973 iu
1504 928 1561 973 usu
1577 911 1675 975 luisse
1690 915 1770 991 apud
1794 911 2007 975 Christianos.

229 997 292 1060 nim
309 1018 337 1059 c.
354 1000 384 1067 l.
401 995 550 1075 epistolae
563 995 714 1071 ejusdem,
731 994 871 1056 meminit
883 994 1090 1056 confessionis

229 1089 437 1157 pecculorum,
452 1094 531 1155 quae
547 1078 677 1156 singulis
692 1077 782 1138 annis
797 1079 876 1137 circa
898 1078 1031 1153 paschae
1046 1078 1089 1137 le·
1428 1114 1435 1123 .

228 1172 308 1224 stum
324 1164 389 1225 lleri
405 1163 495 1223 solet:
513 1162 615 1232 ilecle,
633 1161 742 1238 inquit,
759 1157 950 1233 trementer·
961 1159 1088 1221 lredter-
1466 1199 1586 1265 CAPUT
1608 1200 1647 1263 lx

225 1262 269 1307 ne
285 1246 539 1309 dienonaolum
554 1260 618 1307 ees.
633 1244 746 1321 quiem
765 1242 1010 1318 reqeneratiene
1029 1260 1089 1319 per
1184 1286 1185 1294 ,
1557 1290 1560 1295 .
1652 1246 1660 1263 ·

225 1329 350 1392 lauacri
362 1330 504 1406 qratiam
517 1326 729 1389 'transmutati
754 1329 841 1392 aunt,
868 1326 1087 1395 adducemus,

221 1413 280 1497 sed
293 1428 345 1475 ⁶⁰⁸
359 1413 458 1473 ctiam
481 1410 540 1489 qui
566 1425 625 1487 W
652 1406 887 1471 Ρθθηῑῑθῃῑῐαῃῑ
911 1414 942 1469 ⁶2
967 1408 1088 1485 wiliel·
1193 1422 1388 1487 reslimonia
1403 1421 1537 1486 Patrem
1552 1421 1593 1485 ab
1608 1438 1697 1486 anne
1710 1420 1788 1483 ibo.
1806 1416 1949 1484 adsum

223 1496 369 1571 monem,
397 1511 419 1556 a
439 1493 573 1555 mortuis
599 1490 749 1569 operibus
774 1490 988 1552 odeieeutem
996 1490 1086 1551 eiam

224 1580 429 1642 ascendunt.
453 1577 499 1639 ad
523 1576 681 1638 cluentem
707 1586 797 1650 apem
822 1580 991 1652 tamquam
1014 1588 1084 1633 ma·
1402 1626 1404 1633 ,

220 1676 269 1723 nrt
291 1661 510 1735 deducamus,
542 1676 564 1720 a
587 1674 655 1737 que
679 1672 738 1735 per
761 1660 933 1734 peccatam
949 1655 1087 1717 alienati
1173 1647 1284 1721 Quarto
1300 1648 1425 1711 saecule
1440 1648 1590 1711 habemus
1605 1666 1632 1711 s.
1649 1648 1801 1713 ioannem
1827 1648 2005 1728 chrysosto-

221 1748 309 1806 sqqq,
939 1743 942 1751 '
1132 1748 1227 1801 mum,
1244 1747 1335 1812 quem
1351 1732 1426 1793 satis
1441 1738 1560 1794 constat
1575 1733 1612 1795 ad
1630 1732 1750 1796 initium
1766 1732 1876 1804 quarti
1895 1734 2003 1793 saeculi

265 1827 308 1887 ilc
323 1825 361 1887 de
377 1822 574 1885 confessione
589 1821 779 1900 singulorum
796 1824 1004 1899 peccatorum,
1028 1834 1088 1881 nen
1130 1821 1200 1891 post
1214 1815 1371 1894 apostoles
1382 1813 1537 1877 floruisse.
1554 1814 1583 1877 Is
1600 1816 1630 1877 in
1647 1816 1755 1878 homil.
1773 1813 1829 1876 30.
1847 1816 1886 1875 in
1912 1814 2002 1876 Geor·

227 1917 327 1969 autem
344 1905 493 1985 generati,
510 1904 689 1983 Gregorium
707 1902 804 1982 toqui,
821 1908 972 1964 testentur
995 1903 1088 1965 rerba
1131 1898 1192 1971 siu,
1208 1896 1348 1959 meminit
1362 1894 1664 1976 concisionismuae
1676 1900 1707 1959 ia
1721 1896 1931 1959 hebdomada
1944 1914 2001 1957 sm-

223 1991 398 2068 sequentia,
415 1991 446 2050 in
463 1988 577 2065 quibus
592 1987 681 2049 ducta
698 1986 932 2049 similitudines
959 1985 1088 2055 morbis,
1132 1986 1178 2041 eta
1192 1987 1264 2041 ante
1279 1976 1388 2041 lustum
1405 1980 1539 2057 paschae
1565 1980 1630 2042 lieri
1657 1980 1763 2053 debet,
1791 1980 1896 2058 ouius
1920 1981 1998 2041 alicu

221 2079 252 2135 et
267 2071 510 2139 medicamentis,
527 2072 619 2133 docet
632 2069 729 2130 varias
741 2070 916 2130 curationes
938 2067 1089 2129 adhiben-
1132 2061 1313 2141 Gregorium
1328 2078 1496 2140 nyssenum
1512 2062 1691 2125 meminisse
1704 2080 1800 2139 supra
1817 2063 1999 2123 natavimus:

223 2158 280 2217 das
295 2172 365 2217 esse
382 2153 597 2231 peccatoribus
612 2169 667 2230 pre
682 2153 819 2230 ipserum
833 2156 1028 2229 pcccatorum
1042 2168 1090 2211 ra·
1135 2144 1228 2221 Quia,
1244 2145 1395 2223 inquit,in
1408 2162 1564 2223 maqnom
1577 2145 1663 2209 itanc
1674 2146 1931 2209 hebdomadam
1942 2162 1999 2223 per·

223 2241 344 2301 rietate.
358 2238 423 2299 lion
439 2243 539 2297 autem
556 2241 688 2315 possunt
712 2234 891 2296 sacerdotes
915 2234 1089 2295 uarietatem
1131 2228 1291 2291 uenimus.
1304 2226 1584 2303 Delqratienunc
1595 2230 1742 2292 ceamimo
1754 2228 1999 2306 elicimtiicur·

223 2328 420 2399 peccatorum
435 2334 637 2396 cognoscere,
653 2316 714 2379 nisi
731 2318 927 2394 poenitentes
941 2315 1001 2393 ipa
1016 2332 1090 2395 pec·
1132 2326 1187 2373 aus
1210 2310 1443 2383 intendendus,
1471 2316 1500 2373 el
1523 2312 1628 2389 mopis
1653 2312 1918 2392 continuandae
1936 2318 1999 2373 sunt

222 2412 287 2465 cata
303 2422 358 2465 sea
373 2402 552 2479 singiliatim
568 2399 718 2477 aperiant:
734 2399 1025 2478 Quemadmodum,
1040 2400 1089 2459 in·
1130 2408 1253 2472 preces,
1268 2394 1489 2474 faciendaque
1504 2395 1654 2473 diliqane,
1671 2401 1700 2457 at
1724 2410 1819 2473 pura
1847 2394 1998 2470 eoelum

222 2488 300 2566 quit,
313 2489 352 2551 in
367 2484 529 2561 corporali
542 2482 670 2546 medela
679 2498 786 2551 unum
797 2480 1089 2560 estquideminsti·
1130 2482 1349 2556 peccatorum.
1366 2476 1527 2549 Haecine,
1544 2478 1595 2555 qui
1613 2480 1731 2540 temetsi
1749 2492 1814 2539 nen
1839 2484 1953 2555 aperte
1965 2478 2000 2537 de

222 2576 327 2633 tutum
339 2569 535 2636 medicinae,
551 2580 673 2628 sanare
694 2580 769 2629 eum
794 2565 853 2644 qui
874 2562 1013 2635 laboral,
1035 2580 1090 2626 ea·
1132 2558 1220 2631 xerit,
1237 2558 1464 2621 contessionem
1480 2560 1631 2623 sacerdoti
1659 2559 1837 2623 taciendam
1866 2574 1954 2633 essm
1969 2567 2001 2619 tr·

222 2655 312 2716 riam
326 2658 435 2714 autem
449 2655 494 2712 est
508 2648 688 2711 curationis
701 2662 804 2727 qenue
819 2646 892 2725 ipro
904 2644 1092 2710 morborum
1134 2658 1204 2705 meu
1219 2640 1250 2703 in
1266 2641 1336 2703 aliis
1350 2642 1429 2705 iocis
1444 2642 1474 2705 id
1490 2658 1551 2705 non
1567 2643 1673 2705 mouit:
1689 2648 1723 2707 ut
1745 2642 1908 2715 emittam,
1931 2644 2001 2722 qued

223 2735 491 2801 euimcarietate.
520 2732 747 2794 conuenienter
770 2742 900 2810 queque
923 2730 1091 2791 medicina
1134 2742 1202 2786 cum
1216 2722 1355 2805 ejusdcm
1367 2724 1603 2789 consuetudinis
1614 2723 2001 2805 meminerintchryscste

223 2837 262 2881 ac
283 2818 460 2895 discipline
482 2815 663 2890 unicuique
686 2812 798 2875 morbo
819 2808 1102 2893 applicatoque
1136 2822 1206 2869 mus
1220 2815 1250 2871 et
1265 2806 1435 2888 Nyssecus3
1451 2815 1483 2869 et
1507 2808 1558 2872 hic
1584 2809 1709 2871 disertis
1736 2808 1846 2871 verbis
1871 2808 2002 2871 decuerit

221 2919 296 2964 cum
309 2902 413 2963 mulla
426 2900 468 2961 sit
480 2899 518 2960 in
532 2894 643 2959 morbo
659 2911 787 2975 quoque
801 2895 934 2957 animae
948 2892 1090 2972 allectio·
1132 2889 1283 2952 sacerdoti
1299 2890 1525 2954 contessionem
1550 2908 1622 2955 csse
1648 2891 1840 2968 iaciendum,
1872 2892 1998 2954 dubitari

222 3000 304 3047 nam
316 2978 680 3057 earielaemultifmmie
695 2992 823 3056 queque
836 2978 1020 3056 necessario
1037 2977 1089 3055 tu·
1132 2988 1193 3034 nen
1209 2978 1322 3050 potest.
1339 2972 1413 3051 quic
1429 2974 1519 3037 eliam
1534 2973 1577 3037 illi
1594 2976 1653 3037 hec
1666 2974 1817 3037 senserit.

224 3068 283 3129 crit
297 3067 427 3127 medica
441 3064 578 3138 curatio,
595 3062 642 3124 ad
655 3057 834 3142 allectionis
848 3059 1011 3121 rationem
1024 3076 1089 3123 me·
1173 3053 1258 3117 ldcm
1274 3054 1509 3134 chrysostomus
1525 3057 1635 3121 homil.
1651 3056 1703 3121 33.
1720 3058 1752 3120 in
1764 3056 2001 3123 ioannemlrer-

221 3151 367 3214 dicinam
379 3162 545 3210 emerceus.
561 3144 719 3206 Haecille.
1066 3171 1069 3180 ·
1133 3145 1212 3200 latur
1237 3139 1274 3202 ad
1300 3139 1527 3203 eonlessiencm
1554 3141 1716 3205 criminum
1741 3141 1959 3204 occultorum:
1978 3147 2001 3200 et
2033 3159 2034 3238 q

265 3230 369 3294 Exstat
385 3232 474 3290 etiem
491 3227 586 3291 oratio
600 3227 740 3300 eiusdem
755 3223 893 3302 Gregorii
919 3223 951 3284 in
980 3225 1088 3288 mulie·
1133 3239 1203 3286 eum
1220 3228 1335 3286 certum
1351 3223 1391 3285 sit
1404 3239 1442 3286 ex
1458 3224 1560 3286 multis
1572 3225 1640 3287 eliis
1653 3223 2000 3304 locis,Clrrysustemum

223 3331 287 3376 rem
304 3310 576 3391 peceatricemmbi
591 3309 668 3371 baec
685 3309 837 3370 habentur
851 3305 942 3369 verba
957 3307 996 3369 de
1014 3325 1088 3370 con·
1131 3319 1193 3367 nen
1208 3304 1359 3384 probasse
1373 3305 1600 3370 contessionem
1616 3307 1786 3388 publicam,
1804 3309 1951 3384 sequitur
1970 3315 1997 3366 ut

222 3397 371 3459 lessione:
388 3394 549 3457 Audacter
563 3393 693 3456 osmrtde
709 3390 883 3462 sacerdoti,
905 3405 991 3469 quae
1011 3395 1089 3452 sunt
1132 3389 1169 3450 aa
1186 3386 1414 3451 contessionem
1428 3392 1575 3464 privatam
1588 3390 1727 3452 hortetus
1738 3391 1779 3452 sit
1791 3391 1999 3469 poenitentes:

221 3480 404 3546 recondita,
420 3476 527 3540 obtimi
540 3479 863 3553 arcoua,·tomquam
881 3472 1008 3534 occulte
1019 3474 1088 3536 uul-
1131 3470 1169 3532 ln
1182 3471 1335 3549 peccetis,
1351 3471 1460 3547 inquit,
1478 3487 1562 3552 quac
1577 3473 1800 3536 commisimus
1822 3521 1831 3549 ,
1850 3473 1999 3550 confiteo·

222 3579 306 3625 nero
320 3561 446 3624 medico
459 3565 578 3638 reteqe:
591 3558 663 3635 ipse
674 3561 704 3618 ct
717 3556 852 3619 bonern
876 3561 906 3618 et
928 3556 1088 3620 adeledi-
1133 3554 1196 3623 dis,
1211 3554 1375 3616 neminem
1387 3570 1571 3631 occeanum·
1585 3555 1687 3618 Deum
1701 3557 1896 3630 dumtaxat,
1905 3563 1941 3618 ul
1955 3557 1998 3616 de·

223 3647 276 3708 nis
293 3643 542 3706 lacerationem
556 3639 695 3703 babebit.
713 3650 775 3718 quo
786 3639 817 3699 in
835 3637 905 3699 leco
931 3639 1023 3699 etiam
1039 3655 1089 3701 ee·
1134 3642 1191 3712 cet,
1206 3635 1417 3712 lemnidentus
1431 3638 1489 3717 qui
1503 3644 1532 3700 et
1544 3654 1635 3704 nane
1650 3655 1752 3716 opera
1765 3645 1888 3702 nestra
1910 3641 1998 3708 uidet,

225 3729 375 3790 cultorum
392 3726 622 3788 contessionem
638 3723 809 3785 taciendam
822 3736 894 3782 esse
905 3720 1007 3782 decet.
1133 3725 1163 3780 et
1177 3724 1254 3782 lunc
1269 3735 1349 3799 quos
1362 3722 1599 3799 inpraesentia
1612 3737 1683 3784 nen
1695 3723 1855 3798 poenitet,
1871 3723 1999 3784 damne-

266 3810 403 3888 Septime
418 3807 569 3870 habemus
583 3822 611 3868 s.
628 3806 803 3874 Pecicnnm,
820 3803 916 3882 quiin
930 3804 1090 3879 paraenesi
1134 3801 1189 3864 bit.
1206 3801 1242 3863 Et
1256 3801 1344 3864 inira:
1364 3801 1556 3866 Cemmieieti
1569 3803 1705 3884 aliquod
1717 3803 1839 3876 areius,
1856 3810 1918 3866 aut
1938 3803 1999 3864 ani·

225 3893 263 3954 ad
279 3892 512 3960 Paenitentiam,
530 3891 576 3951 sic
591 3887 737 3966 liquitur:
758 3887 811 3948 los
824 3886 1089 3963 primumeppel·
1134 3901 1188 3948 me
1202 3884 1344 3963 nqitoeti.
1360 3885 1506 3948 homines
1521 3887 1640 3956 coelas,
1655 3902 1726 3950 nen
1739 3888 1849 3950 Deum
1877 3893 1907 3948 et
1925 3886 1997 3948 nitit

225 3979 256 4038 le
270 3976 396 4054 fratres,
413 3974 472 4054 qui
487 3970 679 4036 omnemne
694 3970 845 4032 admissis
854 3968 1093 4030 Paenitentiam
1134 3983 1241 4045 cures,
1258 3967 1366 4032 oculos
1381 3968 1551 4032 bominum
1575 3969 1747 4046 formidas.
1765 3967 1814 4031 itt
1842 3971 1931 4032 inea:
1953 3971 1999 4030 l'os

224 4059 393 4122 recusatis.
408 4071 464 4119 ees
476 4056 628 4136 inquam.
652 4057 724 4132 pest
746 4051 987 4130 impudentiam
1007 4052 1092 4114 timi·
1135 4057 1245 4144 autern
1259 4049 1368 4114 bertar
1382 4051 1591 4128 dilectissimi,
1606 4059 1643 4114 ut
1657 4053 1716 4114 etsi
1725 4067 1828 4115 neme
1839 4067 2000 4131 operane·

226 4143 295 4216 dee,
309 4147 381 4220 pest
394 4143 527 4217 peccata
539 4136 750 4200 verecundos.
767 4135 970 4212 quipeccare
980 4148 1050 4196 nort
1062 4151 1092 4196 e·
1136 4138 1204 4196 stra
1216 4133 1337 4210 rideat,
1352 4139 1389 4196 ut
1402 4135 1525 4211 sinquli
1538 4151 1635 4198 auam
1649 4135 1889 4197 censcientiam
1899 4137 1999 4210 iaqre·

225 4224 392 4287 rubescitis
408 4219 563 4283 cenitari.
579 4218 720 4280 atiena
737 4215 817 4279 licea
830 4216 950 4277 iterum
963 4217 1093 4295 Apeste·
1137 4215 1282 4294 dianlur,
1299 4223 1329 4280 et
1337 4216 1486 4295 iudicem
1497 4216 1560 4280 sibi
1571 4219 1732 4280 rationem
1743 4221 2000 4290 cerestiluauter·

226 4309 276 4369 lus
293 4307 338 4368 ad
351 4305 562 4367 sacerdotem:
588 4301 704 4364 llenue
729 4301 790 4362 cito
813 4297 902 4360 nulli
925 4299 1090 4375 imponas,
1136 4304 1211 4361 rete
1224 4315 1286 4360 suu
1299 4300 1337 4362 in
1352 4298 1496 4362 medium
1510 4301 1689 4370 adducant,
1705 4300 1773 4362 nisi
1788 4301 1897 4364 uelim
1911 4302 2000 4362 indie

223 4405 284 4452 nec
299 4387 513 4451 communices
525 4385 665 4464 peccatis
680 4382 809 4444 alienis.
829 4378 912 4456 Quid
925 4381 1025 4457 facies
1046 4387 1092 4458 tu,
1135 4381 1196 4444 illa
1210 4382 1374 4445 horrende
1384 4382 1534 4446 uniuerso
1550 4381 1620 4446 orbi
1635 4399 1675 4446 ea
1687 4383 1865 4460 manifeste
1881 4390 2001 4462 petere

226 4474 285 4550 qui
300 4471 422 4549 decipis
436 4468 654 4532 sacerdotem?
667 4469 726 4545 qul
739 4469 798 4526 out
809 4465 1019 4542 iqnerculem
1031 4464 1093 4541 sol·
1136 4465 1377 4546 recentarium
1390 4465 1693 4530 ealnmoatmtatur
1703 4465 2003 4530 Paenitentiueme·

227 4556 278 4625 tis,
296 4560 354 4616 out
366 4569 435 4616 non
450 4552 495 4616 ad
507 4550 643 4628 penum
655 4550 818 4618 scientam,
834 4545 1000 4624 probandi
1010 4546 1092 4628 dilli-
1133 4547 1263 4612 dicium.

227 4639 346 4701 cultote
362 4633 559 4713 confundis?
573 4633 638 4710 Quo
653 4631 722 4693 leco
738 4629 886 4691 lucianus
900 4631 991 4690 decet
1006 4645 1095 4706 oper·
1179 4629 1271 4692 Porro
1286 4626 1514 4692 contessionem
1530 4633 1726 4708 peccalorum
1753 4630 1837 4708 apud
1864 4631 2005 4694 sacerdo·

227 4727 292 4782 tere
307 4717 460 4781 sacerdoti
475 4716 577 4779 emnia
591 4721 715 4793 peccate
727 4715 757 4774 in
770 4711 966 4774 ecclessiene
977 4712 1092 4790 detegi,
1135 4717 1197 4774 tem
1214 4713 1380 4775 iaciendum
1397 4727 1480 4782 csse,
1497 4713 1652 4792 colligitur
1666 4714 1867 4793 apertissime
1898 4732 1938 4776 ex
1955 4715 2002 4774 lib.

226 4809 260 4864 ut
274 4803 323 4864 liis
340 4809 404 4864 tuto
420 4815 530 4861 manes
545 4799 706 4878 imponere
719 4795 829 4873 possit:
845 4794 929 4855 addit
949 4794 1039 4856 etiam
1055 4796 1094 4856 de
1137 4795 1168 4857 2.
1184 4802 1214 4858 et
1226 4795 1255 4858 3.
1272 4796 1311 4857 de
1326 4795 1582 4857 sacerdotiemam
1598 4797 1630 4857 in
1644 4796 1676 4858 2.
1694 4797 1773 4858 libre
1788 4797 1902 4860 sic-ait
1918 4797 2004 4872 Chry·

229 4883 463 4961 occultisrlloqe
477 4897 533 4944 uos
546 4881 663 4961 fratres
676 4875 998 4957 etlompmperioulo
1008 4893 1091 4950 mee,
1137 4885 1303 4941 sociemus:
1322 4875 1534 4954 Qetamebrem
1547 4879 1652 4942 multe
1672 4879 1804 4958 quidem
1828 4887 1908 4942 orte
1931 4895 2004 4957 opus

225 4983 286 5048 per
297 4968 394 5030 illum
406 4965 592 5033 Dominum,
609 4979 705 5044 quern
718 4961 847 5024 ecculm
868 4975 938 5022 nen
959 4959 1090 5037 tabunt,
1137 4968 1192 5038 est,
1208 4969 1244 5024 ut
1258 4962 1316 5042 qui
1330 4961 1480 5024 luberent
1497 4959 1682 5032 tlte-istrael,
1693 4963 1781 5026 ultre
1791 4961 1856 5023 eibi
1866 4979 2004 5038 persue-

224 5051 364 5114 desinite
372 5049 579 5112 muneratam
589 5051 693 5126 teqere
704 5043 1091 5121 comaemlcmprudeu·
1137 5045 1247 5116 deant,
1271 5045 1475 5109 sacerdotum
1489 5045 1651 5108 curationi
1668 5060 1736 5108 ease
1759 5044 1961 5110 submdtere
1981 5061 2006 5104 o

227 5140 274 5196 tec
289 5134 381 5212 oeqri
392 5131 534 5193 medicos
558 5145 627 5193 non
648 5134 811 5195 verentur,
837 5141 881 5188 ne
899 5126 938 5188 in
957 5125 1090 5188 occultis
1133 5135 1270 5206 periere.
1288 5127 1323 5188 m
1338 5127 1429 5206 paulo
1441 5127 1885 5207 postquuidemcemplurea
1900 5145 2007 5192 recen

227 5217 359 5294 quidem
372 5213 532 5294 partibus,
548 5213 648 5276 etiam
657 5209 933 5280 conclamantium
942 5215 1088 5285 perusta·
1133 5225 1204 5273 ecre
1216 5211 1346 5289 poesim,
1362 5225 1442 5290 quea
1457 5214 1579 5272 remeat
1591 5211 1629 5274 in
1644 5217 1792 5273 extreme
1812 5212 1918 5273 naula
1933 5215 2007 5274 adc-

223 5315 289 5362 roe.
306 5298 398 5360 Perre
413 5296 492 5358 intra
508 5295 673 5372 alloquitur
686 5293 809 5370 eosqui
825 5296 950 5367 peccate
964 5291 1090 5368 quidem
1135 5298 1211 5370 ctos,
1227 5309 1296 5356 nen
1309 5292 1348 5356 eb
1362 5293 1536 5356 aliudnisi
1550 5293 1639 5372 qaod
1652 5293 1756 5371 dique
1766 5293 1808 5354 ab
1821 5293 1870 5354 eie
1884 5311 2006 5374 poene.

226 5380 416 5454 sinqillatim,
433 5386 464 5441 et
477 5377 579 5440 emnia
595 5378 632 5439 ad
648 5377 774 5456 plenum
788 5373 1024 5441 confitebantur.
1034 5374 1089 5435 sed
1135 5381 1165 5437 ct
1177 5391 1264 5456 quae
1276 5377 1415 5454 peccatis
1428 5377 1620 5454 perpetretis
1631 5393 1695 5452 pur
1705 5376 2005 5454 esseecetqeruur.

225 5464 394 5541 praviorem
405 5461 614 5523 poenitentiae
624 5460 767 5522 mulctam
780 5453 1089 5536 refugiebamuNune,
1135 5457 1243 5540 Neque
1257 5460 1344 5522 enim
1358 5465 1474 5522 temere
1489 5460 1533 5520 ad
1544 5457 1735 5530 delictorum
1747 5459 1891 5526 modurn
1915 5477 2005 5540 opor·

226 5544 335 5621 iuquit,
352 5545 399 5607 ed
413 5559 465 5606 ece
479 5559 584 5606 cerne
598 5544 649 5607 sit.
676 5541 734 5618 qui
758 5539 838 5603 bene
862 5555 902 5601 ec
925 5539 1089 5617 sapienter
1136 5547 1177 5604 tet
1201 5549 1231 5604 et
1252 5541 1407 5606 mulctam
1428 5541 1537 5620 ipsam
1557 5539 1724 5604 adbibere:
1749 5543 1807 5603 sed
1829 5552 2007 5622 tamquam
2032 5547 2033 5582 r

225 5625 364 5688 uulnera
386 5641 460 5693 sua.
486 5625 707 5688 Paenitentiae
730 5624 863 5686 nomine
884 5623 1084 5699 consuentes,
1132 5625 1323 5703 conjecturis
1348 5623 1546 5704 quiemaom
1570 5623 1796 5701 explorandus
1822 5632 1869 5687 est
1901 5629 2007 5688 detm-

225 5723 286 5769 nec
299 5709 380 5786 quid
391 5709 433 5768 eil
447 5706 722 5782 Paenitentio,nec
738 5721 822 5785 quae
835 5704 1009 5768 collectum
1023 5719 1087 5766 me·
1132 5709 1301 5788 quantiam
1315 5709 1456 5782 animia,
1472 5721 1513 5768 ue
1528 5722 1595 5786 qua
1607 5705 1679 5784 liet,
1695 5714 1731 5769 ut
1746 5707 1828 5770 dum
1842 5723 2006 5772 conserere
