<?xml version="1.0" encoding="UTF-8"?>
<!DOCTYPE html PUBLIC "-//W3C//DTD XHTML 1.0 Transitional//EN"
    "http://www.w3.org/TR/xhtml1/DTD/xhtml1-transitional.dtd">
<html xmlns="http://www.w3.org/1999/xhtml" xml:lang="en" lang="en">
 <head>
  <title>
</title>
<meta http-equiv="Content-Type" content="text/html;charset=utf-8" />
  <meta name='ocr-system' content='tesseract 3.04.00' />
  <meta name='ocr-capabilities' content='ocr_page ocr_carea ocr_par ocr_line ocrx_word'/>
</head>
<body>
  <div class='ocr_page' id='page_1' title='image "./operaomnia03unkngoog/operaomnia03unkngoog_0748.png"; bbox 0 0 4084 6275; ppageno 0'>
   <div class='ocr_carea' id='block_1_1' title="bbox 288 333 1241 447">
    <p class='ocr_par' dir='ltr' id='par_1_1' title="bbox 288 333 1241 447">
     <span class='ocr_line' id='line_1_1' title="bbox 288 333 1241 447; baseline -0.013 -14"><span class='ocrx_word' id='word_1_1' title='bbox 288 378 340 433; x_wconf 79' lang='lat' dir='ltr'><strong>rsa</strong></span> <span class='ocrx_word' id='word_1_2' title='bbox 708 333 713 342; x_wconf 77' lang='grc'><strong>’</strong></span> <span class='ocrx_word' id='word_1_3' title='bbox 906 437 911 447; x_wconf 87' lang='lat'>.</span> <span class='ocrx_word' id='word_1_4' title='bbox 950 363 1241 423; x_wconf 79' lang='lat' dir='ltr'><strong>percussionum</strong></span> 
     </span>
    </p>
   </div>
   <div class='ocr_carea' id='block_1_2' title="bbox 98 497 2030 5810">
    <p class='ocr_par' dir='ltr' id='par_1_2' title="bbox 215 497 2030 1003">
     <span class='ocr_line' id='line_1_2' title="bbox 254 497 1995 587; baseline -0.006 -13"><span class='ocrx_word' id='word_1_5' title='bbox 254 510 399 574; x_wconf 86' lang='lat' dir='ltr'><strong>Primum:</strong></span> <span class='ocrx_word' id='word_1_6' title='bbox 416 507 564 587; x_wconf 76' lang='lat' dir='ltr'><strong>Exemplo</strong></span> <span class='ocrx_word' id='word_1_7' title='bbox 578 503 738 585; x_wconf 71' lang='lat' dir='ltr'><strong>gentilium</strong></span> <span class='ocrx_word' id='word_1_8' title='bbox 749 506 884 565; x_wconf 86' lang='lat' dir='ltr'><strong>coactor·</strong></span> <span class='ocrx_word' id='word_1_9' title='bbox 896 497 1075 566; x_wconf 73' lang='lat' dir='ltr'>ostendere.</span> <span class='ocrx_word' id='word_1_10' title='bbox 1121 512 1181 567; x_wconf 84' lang='lat' dir='ltr'><strong>teni</strong></span> <span class='ocrx_word' id='word_1_11' title='bbox 1199 516 1256 564; x_wconf 90' lang='lat' dir='ltr'><strong>nos</strong></span> <span class='ocrx_word' id='word_1_12' title='bbox 1271 500 1399 566; x_wconf 89' lang='lat' dir='ltr'><strong>latemur</strong></span> <span class='ocrx_word' id='word_1_13' title='bbox 1413 502 1532 582; x_wconf 71' lang='lat' dir='ltr'><strong>donello</strong></span> <span class='ocrx_word' id='word_1_14' title='bbox 1549 502 1695 565; x_wconf 80' lang='lat' dir='ltr'><strong>divinitus</strong></span> <span class='ocrx_word' id='word_1_15' title='bbox 1720 504 1876 574; x_wconf 87' lang='lat' dir='ltr'><strong>immissa,</strong></span> <span class='ocrx_word' id='word_1_16' title='bbox 1894 505 1922 565; x_wconf 89' lang='lat' dir='ltr'><strong>si</strong></span> <span class='ocrx_word' id='word_1_17' title='bbox 1946 521 1995 563; x_wconf 84' lang='lat' dir='ltr'><strong>aa·</strong></span> 
     </span>
     <span class='ocr_line' id='line_1_3' title="bbox 215 582 1995 670; baseline -0.004 -15"><span class='ocrx_word' id='word_1_18' title='bbox 215 592 457 658; x_wconf 85' lang='lat' dir='ltr'><strong>Salisiooliouem</strong></span> <span class='ocrx_word' id='word_1_19' title='bbox 472 593 554 670; x_wconf 91' lang='lat' dir='ltr'><strong>upud</strong></span> <span class='ocrx_word' id='word_1_20' title='bbox 566 596 686 653; x_wconf 82' lang='lat' dir='ltr'><strong>ueteres</strong></span> <span class='ocrx_word' id='word_1_21' title='bbox 698 584 888 648; x_wconf 80' lang='lat' dir='ltr'><strong>carissimos</strong></span> <span class='ocrx_word' id='word_1_22' title='bbox 899 582 976 644; x_wconf 88' lang='lat' dir='ltr'><strong>nibil</strong></span> <span class='ocrx_word' id='word_1_23' title='bbox 992 582 1076 644; x_wconf 88' lang='lat' dir='ltr'><strong>uliud</strong></span> <span class='ocrx_word' id='word_1_24' title='bbox 1121 605 1183 668; x_wconf 80' lang='lat' dir='ltr'><strong>quo</strong></span> <span class='ocrx_word' id='word_1_25' title='bbox 1197 587 1301 649; x_wconf 86' lang='lat' dir='ltr'><strong>animo</strong></span> <span class='ocrx_word' id='word_1_26' title='bbox 1318 588 1496 658; x_wconf 87' lang='lat' dir='ltr'><strong>tolerentur,</strong></span> <span class='ocrx_word' id='word_1_27' title='bbox 1513 602 1574 647; x_wconf 93' lang='lat' dir='ltr'><strong>non</strong></span> <span class='ocrx_word' id='word_1_28' title='bbox 1592 602 1698 665; x_wconf 87' lang='lat' dir='ltr'><strong>parum</strong></span> <span class='ocrx_word' id='word_1_29' title='bbox 1715 590 1870 666; x_wconf 74' lang='lat' dir='ltr'><strong>prodesse</strong></span> <span class='ocrx_word' id='word_1_30' title='bbox 1886 589 1928 649; x_wconf 86' lang='lat' dir='ltr'><strong>ad</strong></span> <span class='ocrx_word' id='word_1_31' title='bbox 1945 588 1995 649; x_wconf 87' lang='lat' dir='ltr'><strong>Sa·</strong></span> 
     </span>
     <span class='ocr_line' id='line_1_4' title="bbox 215 668 2030 755; baseline -0.012 -4"><span class='ocrx_word' id='word_1_32' title='bbox 215 677 324 750; x_wconf 80' lang='lat' dir='ltr'><strong>ruisse,</strong></span> <span class='ocrx_word' id='word_1_33' title='bbox 341 676 400 738; x_wconf 85' lang='lat' dir='ltr'><strong>sisi</strong></span> <span class='ocrx_word' id='word_1_34' title='bbox 417 668 979 755; x_wconf 68' lang='lat' dir='ltr'><strong>rusticamexcommunicationem</strong></span> <span class='ocrx_word' id='word_1_35' title='bbox 992 673 1075 727; x_wconf 77' lang='lat' dir='ltr'><strong>aeria</strong></span> <span class='ocrx_word' id='word_1_36' title='bbox 1119 670 1442 737; x_wconf 83' lang='lat' dir='ltr'><strong>risiauioaamaamen</strong></span> <span class='ocrx_word' id='word_1_37' title='bbox 1457 669 1555 747; x_wconf 82' lang='lat' dir='ltr'><strong>magis</strong></span> <span class='ocrx_word' id='word_1_38' title='bbox 1571 670 1694 749; x_wconf 78' lang='lat' dir='ltr'><strong>proprie</strong></span> <span class='ocrx_word' id='word_1_39' title='bbox 1708 670 1939 734; x_wconf 63' lang='lat' dir='ltr'><strong>satisfactionis</strong></span> <span class='ocrx_word' id='word_1_40' title='bbox 1954 672 1997 730; x_wconf 84' lang='lat' dir='ltr'><strong>ui·</strong></span> <span class='ocrx_word' id='word_1_41' title='bbox 2029 742 2030 745; x_wconf 8' lang='lat' dir='ltr'><strong>p</strong></span> 
     </span>
     <span class='ocr_line' id='line_1_5' title="bbox 215 753 1996 836; baseline -0.012 0"><span class='ocrx_word' id='word_1_42' title='bbox 215 762 430 836; x_wconf 65' lang='lat' dir='ltr'><strong>signaremus,</strong></span> <span class='ocrx_word' id='word_1_43' title='bbox 446 764 538 836; x_wconf 66' lang='lat' dir='ltr'><strong>³1thss</strong></span> <span class='ocrx_word' id='word_1_44' title='bbox 553 759 644 818; x_wconf 66' lang='lat' dir='ltr'><strong>illim</strong></span> <span class='ocrx_word' id='word_1_45' title='bbox 660 767 776 833; x_wconf 69' lang='lat' dir='ltr'><strong>P⁰l³¹¹ils</strong></span> <span class='ocrx_word' id='word_1_46' title='bbox 801 757 966 821; x_wconf 86' lang='lat' dir='ltr'><strong>externos,</strong></span> <span class='ocrx_word' id='word_1_47' title='bbox 996 764 1076 826; x_wconf 69' lang='lat' dir='ltr'><strong>(illiti</strong></span> <span class='ocrx_word' id='word_1_48' title='bbox 1119 762 1232 819; x_wconf 82' lang='lat' dir='ltr'><strong>curatur</strong></span> <span class='ocrx_word' id='word_1_49' title='bbox 1253 753 1375 819; x_wconf 86' lang='lat' dir='ltr'><strong>labores</strong></span> <span class='ocrx_word' id='word_1_50' title='bbox 1396 761 1507 832; x_wconf 89' lang='lat' dir='ltr'><strong>sponte</strong></span> <span class='ocrx_word' id='word_1_51' title='bbox 1529 754 1691 833; x_wconf 88' lang='lat' dir='ltr'><strong>assumpti,</strong></span> <span class='ocrx_word' id='word_1_52' title='bbox 1708 756 1756 815; x_wconf 88' lang='lat' dir='ltr'><strong>rel</strong></span> <span class='ocrx_word' id='word_1_53' title='bbox 1773 772 1788 815; x_wconf 85' lang='lat' dir='ltr'><strong>rr</strong></span> <span class='ocrx_word' id='word_1_54' title='bbox 1802 754 1917 833; x_wconf 86' lang='lat' dir='ltr'><strong>judice</strong></span> <span class='ocrx_word' id='word_1_55' title='bbox 1935 756 1996 831; x_wconf 88' lang='lat' dir='ltr'><strong>spi·</strong></span> 
     </span>
     <span class='ocr_line' id='line_1_6' title="bbox 215 833 1997 923; baseline -0.003 -21"><span class='ocrx_word' id='word_1_56' title='bbox 215 842 457 923; x_wconf 70' lang='lat' dir='ltr'><strong>injungebantur</strong></span> <span class='ocrx_word' id='word_1_57' title='bbox 485 838 620 920; x_wconf 79' lang='lat' dir='ltr'><strong>publicis</strong></span> <span class='ocrx_word' id='word_1_58' title='bbox 649 833 863 916; x_wconf 90' lang='lat' dir='ltr'><strong>peccatoribus</strong></span> <span class='ocrx_word' id='word_1_59' title='bbox 887 833 1021 909; x_wconf 84' lang='lat' dir='ltr'><strong>exempli</strong></span> <span class='ocrx_word' id='word_1_60' title='bbox 1047 837 1077 892; x_wconf 89' lang='lat' dir='ltr'><strong>et</strong></span> <span class='ocrx_word' id='word_1_61' title='bbox 1118 837 1219 901; x_wconf 75' lang='lat' dir='ltr'><strong>rituali</strong></span> <span class='ocrx_word' id='word_1_62' title='bbox 1241 835 1377 915; x_wconf 90' lang='lat' dir='ltr'><strong>impositi</strong></span> <span class='ocrx_word' id='word_1_63' title='bbox 1404 836 1441 899; x_wconf 90' lang='lat' dir='ltr'><strong>od</strong></span> <span class='ocrx_word' id='word_1_64' title='bbox 1466 837 1730 915; x_wconf 84' lang='lat' dir='ltr'><strong>compensandam</strong></span> <span class='ocrx_word' id='word_1_65' title='bbox 1758 838 1909 919; x_wconf 82' lang='lat' dir='ltr'><strong>injuriam</strong></span> <span class='ocrx_word' id='word_1_66' title='bbox 1935 837 1997 899; x_wconf 87' lang='lat' dir='ltr'><strong>[teu</strong></span> 
     </span>
     <span class='ocr_line' id='line_1_7' title="bbox 217 914 1720 1003; baseline -0.009 -19"><span class='ocrx_word' id='word_1_67' title='bbox 217 917 400 1003; x_wconf 85' lang='lat' dir='ltr'><strong>discipliuae</strong></span> <span class='ocrx_word' id='word_1_68' title='bbox 415 940 536 985; x_wconf 79' lang='lat' dir='ltr'><strong>caussa:</strong></span> <span class='ocrx_word' id='word_1_69' title='bbox 553 927 584 985; x_wconf 90' lang='lat' dir='ltr'><strong>et</strong></span> <span class='ocrx_word' id='word_1_70' title='bbox 595 921 708 1000; x_wconf 85' lang='lat' dir='ltr'><strong>protect</strong></span> <span class='ocrx_word' id='word_1_71' title='bbox 719 916 859 994; x_wconf 88' lang='lat' dir='ltr'><strong>exemplo</strong></span> <span class='ocrx_word' id='word_1_72' title='bbox 871 916 1022 989; x_wconf 78' lang='lat' dir='ltr'><strong>quaedam</strong></span> <span class='ocrx_word' id='word_1_73' title='bbox 1039 914 1078 975; x_wconf 89' lang='lat' dir='ltr'><strong>de</strong></span> <span class='ocrx_word' id='word_1_74' title='bbox 1120 923 1241 985; x_wconf 73' lang='lat' dir='ltr'><strong>tartara,</strong></span> <span class='ocrx_word' id='word_1_75' title='bbox 1717 948 1720 951; x_wconf 96' lang='lat'>-</span> 
     </span>
    </p>

    <p class='ocr_par' dir='ltr' id='par_1_3' title="bbox 213 997 2030 2739">
     <span class='ocr_line' id='line_1_8' title="bbox 217 997 1997 1085; baseline -0.001 -18"><span class='ocrx_word' id='word_1_76' title='bbox 217 1006 371 1069; x_wconf 74' lang='lat' dir='ltr'><strong>Phoenice</strong></span> <span class='ocrx_word' id='word_1_77' title='bbox 384 1007 464 1085; x_wconf 88' lang='lat' dir='ltr'><strong>apud</strong></span> <span class='ocrx_word' id='word_1_78' title='bbox 480 997 646 1067; x_wconf 83' lang='lat' dir='ltr'><strong>Homerum</strong></span> <span class='ocrx_word' id='word_1_79' title='bbox 661 1002 701 1063; x_wconf 92' lang='lat' dir='ltr'><strong>de</strong></span> <span class='ocrx_word' id='word_1_80' title='bbox 716 998 949 1085; x_wconf 79' lang='lat' dir='ltr'><strong>OrestePeteo.</strong></span> <span class='ocrx_word' id='word_1_81' title='bbox 963 997 1079 1060; x_wconf 85' lang='lat' dir='ltr'><strong>datilb-</strong></span> <span class='ocrx_word' id='word_1_82' title='bbox 1163 1002 1282 1066; x_wconf 78' lang='lat' dir='ltr'><strong>Deinde</strong></span> <span class='ocrx_word' id='word_1_83' title='bbox 1298 1016 1359 1063; x_wconf 92' lang='lat' dir='ltr'><strong>nan</strong></span> <span class='ocrx_word' id='word_1_84' title='bbox 1376 1000 1484 1081; x_wconf 85' lang='lat' dir='ltr'><strong>probat</strong></span> <span class='ocrx_word' id='word_1_85' title='bbox 1498 1001 1661 1082; x_wconf 86' lang='lat' dir='ltr'><strong>Philippus</strong></span> <span class='ocrx_word' id='word_1_86' title='bbox 1677 1018 1737 1062; x_wconf 94' lang='lat' dir='ltr'><strong>nan</strong></span> <span class='ocrx_word' id='word_1_87' title='bbox 1755 1018 1826 1065; x_wconf 89' lang='lat' dir='ltr'><strong>esse</strong></span> <span class='ocrx_word' id='word_1_88' title='bbox 1850 1004 1934 1065; x_wconf 83' lang='lat' dir='ltr'><strong>alins</strong></span> <span class='ocrx_word' id='word_1_89' title='bbox 1949 1020 1997 1066; x_wconf 84' lang='lat' dir='ltr'><strong>ca·</strong></span> 
     </span>
     <span class='ocr_line' id='line_1_9' title="bbox 216 1079 1997 1167; baseline -0.006 -9"><span class='ocrx_word' id='word_1_90' title='bbox 216 1091 287 1159; x_wconf 78' lang='lat' dir='ltr'><strong>cho.</strong></span> <span class='ocrx_word' id='word_1_91' title='bbox 305 1089 433 1152; x_wconf 77' lang='lat' dir='ltr'><strong>Adrasto</strong></span> <span class='ocrx_word' id='word_1_92' title='bbox 448 1094 479 1151; x_wconf 88' lang='lat' dir='ltr'><strong>et</strong></span> <span class='ocrx_word' id='word_1_93' title='bbox 492 1085 713 1163; x_wconf 88' lang='lat' dir='ltr'><strong>similibus,qui</strong></span> <span class='ocrx_word' id='word_1_94' title='bbox 729 1081 914 1159; x_wconf 82' lang='lat' dir='ltr'><strong>legunturiu</strong></span> <span class='ocrx_word' id='word_1_95' title='bbox 927 1079 1077 1153; x_wconf 87' lang='lat' dir='ltr'><strong>historiis,</strong></span> <span class='ocrx_word' id='word_1_96' title='bbox 1121 1104 1210 1149; x_wconf 91' lang='lat' dir='ltr'><strong>ussus</strong></span> <span class='ocrx_word' id='word_1_97' title='bbox 1225 1085 1442 1167; x_wconf 77' lang='lat' dir='ltr'><strong>paternitatum,</strong></span> <span class='ocrx_word' id='word_1_98' title='bbox 1458 1100 1534 1163; x_wconf 84' lang='lat' dir='ltr'><strong>quos</strong></span> <span class='ocrx_word' id='word_1_99' title='bbox 1550 1085 1633 1147; x_wconf 84' lang='lat' dir='ltr'><strong>Peos</strong></span> <span class='ocrx_word' id='word_1_100' title='bbox 1650 1084 1796 1157; x_wconf 89' lang='lat' dir='ltr'><strong>immittit,</strong></span> <span class='ocrx_word' id='word_1_101' title='bbox 1818 1095 1949 1164; x_wconf 86' lang='lat' dir='ltr'><strong>practer</strong></span> <span class='ocrx_word' id='word_1_102' title='bbox 1964 1088 1997 1148; x_wconf 91' lang='lat' dir='ltr'><strong>il·</strong></span> 
     </span>
     <span class='ocr_line' id='line_1_10' title="bbox 219 1167 1997 1249; baseline -0.002 -14"><span class='ocrx_word' id='word_1_103' title='bbox 219 1171 285 1235; x_wconf 84' lang='lat' dir='ltr'><strong>sive</strong></span> <span class='ocrx_word' id='word_1_104' title='bbox 302 1174 402 1249; x_wconf 92' lang='lat' dir='ltr'><strong>patius</strong></span> <span class='ocrx_word' id='word_1_105' title='bbox 417 1172 447 1232; x_wconf 88' lang='lat' dir='ltr'><strong>in</strong></span> <span class='ocrx_word' id='word_1_106' title='bbox 463 1170 575 1233; x_wconf 82' lang='lat' dir='ltr'><strong>latialis</strong></span> <span class='ocrx_word' id='word_1_107' title='bbox 589 1168 799 1231; x_wconf 65' lang='lat' dir='ltr'><strong>Graecorum,</strong></span> <span class='ocrx_word' id='word_1_108' title='bbox 1120 1171 1167 1232; x_wconf 92' lang='lat' dir='ltr'><strong>ins</strong></span> <span class='ocrx_word' id='word_1_109' title='bbox 1183 1172 1303 1239; x_wconf 89' lang='lat' dir='ltr'><strong>decem,</strong></span> <span class='ocrx_word' id='word_1_110' title='bbox 1320 1179 1396 1246; x_wconf 79' lang='lat' dir='ltr'><strong>uires</strong></span> <span class='ocrx_word' id='word_1_111' title='bbox 1412 1170 1480 1245; x_wconf 88' lang='lat' dir='ltr'><strong>ipse</strong></span> <span class='ocrx_word' id='word_1_112' title='bbox 1492 1173 1662 1230; x_wconf 86' lang='lat' dir='ltr'><strong>eouincrol.</strong></span> <span class='ocrx_word' id='word_1_113' title='bbox 1680 1167 1715 1228; x_wconf 84' lang='lat' dir='ltr'><strong>iit</strong></span> <span class='ocrx_word' id='word_1_114' title='bbox 1729 1170 1997 1242; x_wconf 74' lang='lat' dir='ltr'><strong>quemadmodum</strong></span> 
     </span>
     <span class='ocr_line' id='line_1_11' title="bbox 256 1244 1997 1332; baseline -0.011 0"><span class='ocrx_word' id='word_1_115' title='bbox 256 1253 453 1332; x_wconf 68' lang='lat' dir='ltr'><strong>flP⁸P⁰¹¹d0⁰³</strong></span> <span class='ocrx_word' id='word_1_116' title='bbox 476 1252 603 1315; x_wconf 78' lang='lat' dir='ltr'><strong>distare</strong></span> <span class='ocrx_word' id='word_1_117' title='bbox 628 1248 754 1328; x_wconf 69' lang='lat' dir='ltr'><strong>lesllssli</strong></span> <span class='ocrx_word' id='word_1_118' title='bbox 780 1246 929 1324; x_wconf 58' lang='lat' dir='ltr'><strong>quaedam</strong></span> <span class='ocrx_word' id='word_1_119' title='bbox 956 1244 1080 1307; x_wconf 80' lang='lat' dir='ltr'><strong>Satisia-</strong></span> <span class='ocrx_word' id='word_1_120' title='bbox 1121 1254 1191 1332; x_wconf 89' lang='lat' dir='ltr'><strong>ipse</strong></span> <span class='ocrx_word' id='word_1_121' title='bbox 1207 1250 1322 1330; x_wconf 80' lang='lat' dir='ltr'><strong>repudi</strong></span> <span class='ocrx_word' id='word_1_122' title='bbox 1337 1266 1475 1323; x_wconf 83' lang='lat' dir='ltr'><strong>curasses,</strong></span> <span class='ocrx_word' id='word_1_123' title='bbox 1493 1266 1555 1312; x_wconf 91' lang='lat' dir='ltr'><strong>uon</strong></span> <span class='ocrx_word' id='word_1_124' title='bbox 1571 1267 1674 1318; x_wconf 82' lang='lat' dir='ltr'><strong>unani,</strong></span> <span class='ocrx_word' id='word_1_125' title='bbox 1692 1257 1744 1311; x_wconf 85' lang='lat' dir='ltr'><strong>eut</strong></span> <span class='ocrx_word' id='word_1_126' title='bbox 1759 1252 1852 1320; x_wconf 87' lang='lat' dir='ltr'><strong>duas,</strong></span> <span class='ocrx_word' id='word_1_127' title='bbox 1874 1254 1935 1313; x_wconf 90' lang='lat' dir='ltr'><strong>sed</strong></span> <span class='ocrx_word' id='word_1_128' title='bbox 1948 1256 1997 1313; x_wconf 93' lang='lat' dir='ltr'><strong>de·</strong></span> 
     </span>
     <span class='ocr_line' id='line_1_12' title="bbox 215 1328 1996 1415; baseline -0.003 -15"><span class='ocrx_word' id='word_1_129' title='bbox 215 1337 327 1400; x_wconf 90' lang='lat' dir='ltr'><strong>ctionis</strong></span> <span class='ocrx_word' id='word_1_130' title='bbox 342 1338 423 1415; x_wconf 92' lang='lat' dir='ltr'><strong>opud</strong></span> <span class='ocrx_word' id='word_1_131' title='bbox 439 1337 580 1399; x_wconf 85' lang='lat' dir='ltr'><strong>ethnicas</strong></span> <span class='ocrx_word' id='word_1_132' title='bbox 595 1333 729 1396; x_wconf 89' lang='lat' dir='ltr'><strong>libenter</strong></span> <span class='ocrx_word' id='word_1_133' title='bbox 743 1328 1077 1404; x_wconf 86' lang='lat' dir='ltr'><strong>admittimus,idenim</strong></span> <span class='ocrx_word' id='word_1_134' title='bbox 1121 1352 1201 1408; x_wconf 70' lang='lat' dir='ltr'><strong>eamr</strong></span> <span class='ocrx_word' id='word_1_135' title='bbox 1219 1332 1441 1410; x_wconf 66' lang='lat' dir='ltr'><strong>ita‘passumus</strong></span> <span class='ocrx_word' id='word_1_136' title='bbox 1456 1337 1487 1393; x_wconf 92' lang='lat' dir='ltr'><strong>et</strong></span> <span class='ocrx_word' id='word_1_137' title='bbox 1501 1349 1558 1395; x_wconf 90' lang='lat' dir='ltr'><strong>nos</strong></span> <span class='ocrx_word' id='word_1_138' title='bbox 1570 1334 1766 1400; x_wconf 83' lang='lat' dir='ltr'><strong>rmdeoimam</strong></span> <span class='ocrx_word' id='word_1_139' title='bbox 1780 1336 1996 1413; x_wconf 69' lang='lat' dir='ltr'><strong>sarlatenses</strong></span> 
     </span>
     <span class='ocr_line' id='line_1_13' title="bbox 216 1410 1997 1498; baseline -0.007 -7"><span class='ocrx_word' id='word_1_140' title='bbox 216 1426 471 1498; x_wconf 73' lang='lat' dir='ltr'><strong>argumentosa,</strong></span> <span class='ocrx_word' id='word_1_141' title='bbox 488 1413 785 1489; x_wconf 73' lang='lat' dir='ltr'><strong>namisiaiudiaium</strong></span> <span class='ocrx_word' id='word_1_142' title='bbox 801 1414 925 1483; x_wconf 78' lang='lat' dir='ltr'><strong>uacare,</strong></span> <span class='ocrx_word' id='word_1_143' title='bbox 942 1410 1080 1490; x_wconf 82' lang='lat' dir='ltr'><strong>postau-</strong></span> <span class='ocrx_word' id='word_1_144' title='bbox 1123 1415 1524 1493; x_wconf 74' lang='lat' dir='ltr'><strong>caerarisninitrepuraet:</strong></span> <span class='ocrx_word' id='word_1_145' title='bbox 1548 1432 1582 1479; x_wconf 85' lang='lat' dir='ltr'><strong>aa</strong></span> <span class='ocrx_word' id='word_1_146' title='bbox 1610 1432 1682 1478; x_wconf 80' lang='lat' dir='ltr'><strong>varo</strong></span> <span class='ocrx_word' id='word_1_147' title='bbox 1708 1422 1767 1489; x_wconf 83' lang='lat' dir='ltr'><strong>est,</strong></span> <span class='ocrx_word' id='word_1_148' title='bbox 1794 1426 1829 1479; x_wconf 87' lang='lat' dir='ltr'><strong>m</strong></span> <span class='ocrx_word' id='word_1_149' title='bbox 1856 1420 1997 1479; x_wconf 80' lang='lat' dir='ltr'><strong>nomines</strong></span> 
     </span>
     <span class='ocr_line' id='line_1_14' title="bbox 217 1494 1996 1581; baseline -0.01 -16"><span class='ocrx_word' id='word_1_150' title='bbox 217 1504 343 1565; x_wconf 87' lang='lat' dir='ltr'><strong>missam</strong></span> <span class='ocrx_word' id='word_1_151' title='bbox 358 1503 479 1581; x_wconf 78' lang='lat' dir='ltr'><strong>cuipam</strong></span> <span class='ocrx_word' id='word_1_152' title='bbox 496 1500 703 1565; x_wconf 84' lang='lat' dir='ltr'><strong>necessariam</strong></span> <span class='ocrx_word' id='word_1_153' title='bbox 724 1512 797 1557; x_wconf 90' lang='lat' dir='ltr'><strong>csse</strong></span> <span class='ocrx_word' id='word_1_154' title='bbox 821 1494 1078 1557; x_wconf 69' lang='lat' dir='ltr'><strong>satisfactionem:</strong></span> <span class='ocrx_word' id='word_1_155' title='bbox 1123 1498 1285 1565; x_wconf 66' lang='lat' dir='ltr'><strong>christiani</strong></span> <span class='ocrx_word' id='word_1_156' title='bbox 1302 1500 1501 1568; x_wconf 77' lang='lat' dir='ltr'><strong>artamitmrs,</strong></span> <span class='ocrx_word' id='word_1_157' title='bbox 1519 1499 1663 1577; x_wconf 70' lang='lat' dir='ltr'><strong>quibust</strong></span> <span class='ocrx_word' id='word_1_158' title='bbox 1680 1496 1745 1567; x_wconf 72' lang='lat' dir='ltr'><strong>prr</strong></span> <span class='ocrx_word' id='word_1_159' title='bbox 1761 1502 1996 1577; x_wconf 61' lang='lat' dir='ltr'><strong>premunrurpi.</strong></span> 
     </span>
     <span class='ocr_line' id='line_1_15' title="bbox 216 1576 1918 1661; baseline -0.006 -16"><span class='ocrx_word' id='word_1_160' title='bbox 216 1592 318 1648; x_wconf 87' lang='lat' dir='ltr'><strong>tamen</strong></span> <span class='ocrx_word' id='word_1_161' title='bbox 333 1584 418 1647; x_wconf 91' lang='lat' dir='ltr'><strong>nullo</strong></span> <span class='ocrx_word' id='word_1_162' title='bbox 433 1585 525 1647; x_wconf 86' lang='lat' dir='ltr'><strong>modo</strong></span> <span class='ocrx_word' id='word_1_163' title='bbox 539 1582 689 1646; x_wconf 90' lang='lat' dir='ltr'><strong>credibile</strong></span> <span class='ocrx_word' id='word_1_164' title='bbox 703 1584 762 1651; x_wconf 90' lang='lat' dir='ltr'><strong>est,</strong></span> <span class='ocrx_word' id='word_1_165' title='bbox 779 1577 968 1640; x_wconf 85' lang='lat' dir='ltr'><strong>Christianos</strong></span> <span class='ocrx_word' id='word_1_166' title='bbox 982 1576 1021 1641; x_wconf 90' lang='lat' dir='ltr'><strong>ub</strong></span> <span class='ocrx_word' id='word_1_167' title='bbox 1037 1584 1081 1637; x_wconf 89' lang='lat' dir='ltr'><strong>et·</strong></span> <span class='ocrx_word' id='word_1_168' title='bbox 1124 1586 1234 1647; x_wconf 67' lang='lat' dir='ltr'><strong>bertar</strong></span> <span class='ocrx_word' id='word_1_169' title='bbox 1249 1584 1440 1643; x_wconf 75' lang='lat' dir='ltr'><strong>sustinentes</strong></span> <span class='ocrx_word' id='word_1_170' title='bbox 1456 1582 1623 1661; x_wconf 70' lang='lat' dir='ltr'><strong>purgatorii</strong></span> <span class='ocrx_word' id='word_1_171' title='bbox 1638 1596 1755 1658; x_wconf 72' lang='lat' dir='ltr'><strong>poenas</strong></span> <span class='ocrx_word' id='word_1_172' title='bbox 1767 1588 1918 1645; x_wconf 73' lang='lat' dir='ltr'><strong>arrnrrrt,</strong></span> 
     </span>
     <span class='ocr_line' id='line_1_16' title="bbox 217 1661 2030 1743; baseline -0.004 -12"><span class='ocrx_word' id='word_1_173' title='bbox 217 1669 320 1731; x_wconf 88' lang='lat' dir='ltr'><strong>boicis</strong></span> <span class='ocrx_word' id='word_1_174' title='bbox 333 1667 542 1731; x_wconf 78' lang='lat' dir='ltr'><strong>satisfaciendi</strong></span> <span class='ocrx_word' id='word_1_175' title='bbox 557 1667 647 1728; x_wconf 91' lang='lat' dir='ltr'><strong>ritum</strong></span> <span class='ocrx_word' id='word_1_176' title='bbox 663 1662 822 1737; x_wconf 82' lang='lat' dir='ltr'><strong>babuisse3</strong></span> <span class='ocrx_word' id='word_1_177' title='bbox 848 1677 919 1723; x_wconf 88' lang='lat' dir='ltr'><strong>cum</strong></span> <span class='ocrx_word' id='word_1_178' title='bbox 945 1661 976 1721; x_wconf 91' lang='lat' dir='ltr'><strong>io</strong></span> <span class='ocrx_word' id='word_1_179' title='bbox 999 1666 1081 1721; x_wconf 89' lang='lat' dir='ltr'><strong>ulru-</strong></span> <span class='ocrx_word' id='word_1_180' title='bbox 1164 1666 1305 1743; x_wconf 80' lang='lat' dir='ltr'><strong>lienique</strong></span> <span class='ocrx_word' id='word_1_181' title='bbox 1321 1681 1358 1726; x_wconf 81' lang='lat' dir='ltr'><strong>er</strong></span> <span class='ocrx_word' id='word_1_182' title='bbox 1375 1665 1436 1726; x_wconf 89' lang='lat' dir='ltr'><strong>iliis</strong></span> <span class='ocrx_word' id='word_1_183' title='bbox 1453 1667 1527 1743; x_wconf 81' lang='lat' dir='ltr'><strong>ipsis</strong></span> <span class='ocrx_word' id='word_1_184' title='bbox 1543 1666 1759 1741; x_wconf 83' lang='lat' dir='ltr'><strong>caussis,quas</strong></span> <span class='ocrx_word' id='word_1_185' title='bbox 1775 1667 1845 1743; x_wconf 88' lang='lat' dir='ltr'><strong>ipse</strong></span> <span class='ocrx_word' id='word_1_186' title='bbox 1858 1668 1993 1738; x_wconf 79' lang='lat' dir='ltr'><strong>artdncii,</strong></span> <span class='ocrx_word' id='word_1_187' title='bbox 2029 1668 2030 1681; x_wconf 63' lang='lat'>¹</span> 
     </span>
     <span class='ocr_line' id='line_1_17' title="bbox 216 1743 1994 1829; baseline -0.001 -16"><span class='ocrx_word' id='word_1_188' title='bbox 216 1767 278 1829; x_wconf 81' lang='lat' dir='ltr'><strong>quc</strong></span> <span class='ocrx_word' id='word_1_189' title='bbox 294 1756 475 1815; x_wconf 85' lang='lat' dir='ltr'><strong>testamento</strong></span> <span class='ocrx_word' id='word_1_190' title='bbox 492 1757 550 1811; x_wconf 86' lang='lat' dir='ltr'><strong>taur</strong></span> <span class='ocrx_word' id='word_1_191' title='bbox 567 1749 658 1811; x_wconf 87' lang='lat' dir='ltr'><strong>inulta</strong></span> <span class='ocrx_word' id='word_1_192' title='bbox 674 1753 704 1808; x_wconf 90' lang='lat' dir='ltr'><strong>et</strong></span> <span class='ocrx_word' id='word_1_193' title='bbox 719 1753 777 1805; x_wconf 90' lang='lat' dir='ltr'><strong>tam</strong></span> <span class='ocrx_word' id='word_1_194' title='bbox 804 1744 968 1820; x_wconf 90' lang='lat' dir='ltr'><strong>perspicua</strong></span> <span class='ocrx_word' id='word_1_195' title='bbox 997 1743 1082 1804; x_wconf 87' lang='lat' dir='ltr'><strong>inve·</strong></span> <span class='ocrx_word' id='word_1_196' title='bbox 1125 1751 1227 1825; x_wconf 75' lang='lat' dir='ltr'><strong>collisi</strong></span> <span class='ocrx_word' id='word_1_197' title='bbox 1245 1754 1357 1826; x_wconf 88' lang='lat' dir='ltr'><strong>potest,</strong></span> <span class='ocrx_word' id='word_1_198' title='bbox 1374 1749 1476 1809; x_wconf 81' lang='lat' dir='ltr'><strong>valere</strong></span> <span class='ocrx_word' id='word_1_199' title='bbox 1492 1748 1724 1810; x_wconf 77' lang='lat' dir='ltr'><strong>satisfactiones</strong></span> <span class='ocrx_word' id='word_1_200' title='bbox 1739 1749 1775 1809; x_wconf 87' lang='lat' dir='ltr'><strong>ad</strong></span> <span class='ocrx_word' id='word_1_201' title='bbox 1791 1765 1919 1825; x_wconf 89' lang='lat' dir='ltr'><strong>paenas</strong></span> <span class='ocrx_word' id='word_1_202' title='bbox 1935 1766 1994 1827; x_wconf 89' lang='lat' dir='ltr'><strong>pur·</strong></span> 
     </span>
     <span class='ocr_line' id='line_1_18' title="bbox 219 1823 1993 1912; baseline -0.011 0"><span class='ocrx_word' id='word_1_203' title='bbox 219 1835 341 1896; x_wconf 66' lang='lat' dir='ltr'><strong>minius</strong></span> <span class='ocrx_word' id='word_1_204' title='bbox 353 1839 518 1912; x_wconf 63' lang='lat' dir='ltr'><strong>&#39;PPPPPPPll</strong></span> <span class='ocrx_word' id='word_1_205' title='bbox 547 1839 578 1894; x_wconf 72' lang='lat'><strong>0¹</strong></span> <span class='ocrx_word' id='word_1_206' title='bbox 599 1830 738 1906; x_wconf 79' lang='lat' dir='ltr'><strong>exempta</strong></span> <span class='ocrx_word' id='word_1_207' title='bbox 761 1826 998 1890; x_wconf 87' lang='lat' dir='ltr'><strong>Satisiactionis.</strong></span> <span class='ocrx_word' id='word_1_208' title='bbox 1021 1823 1082 1889; x_wconf 84' lang='lat' dir='ltr'><strong>Cur</strong></span> <span class='ocrx_word' id='word_1_209' title='bbox 1124 1833 1231 1911; x_wconf 78' lang='lat' dir='ltr'><strong>paterii</strong></span> <span class='ocrx_word' id='word_1_210' title='bbox 1248 1830 1507 1907; x_wconf 86' lang='lat' dir='ltr'><strong>compensandus,</strong></span> <span class='ocrx_word' id='word_1_211' title='bbox 1525 1832 1607 1910; x_wconf 89' lang='lat' dir='ltr'><strong>quod</strong></span> <span class='ocrx_word' id='word_1_212' title='bbox 1625 1832 1693 1909; x_wconf 90' lang='lat' dir='ltr'><strong>ipse</strong></span> <span class='ocrx_word' id='word_1_213' title='bbox 1709 1839 1812 1907; x_wconf 75' lang='lat' dir='ltr'><strong>nepot.</strong></span> <span class='ocrx_word' id='word_1_214' title='bbox 1830 1832 1993 1894; x_wconf 84' lang='lat' dir='ltr'><strong>Parciore-</strong></span> 
     </span>
     <span class='ocr_line' id='line_1_19' title="bbox 217 1908 2030 1993; baseline 0 -16"><span class='ocrx_word' id='word_1_215' title='bbox 217 1916 312 1993; x_wconf 90' lang='lat' dir='ltr'><strong>enim,</strong></span> <span class='ocrx_word' id='word_1_216' title='bbox 334 1915 478 1985; x_wconf 89' lang='lat' dir='ltr'><strong>obsecro,</strong></span> <span class='ocrx_word' id='word_1_217' title='bbox 505 1915 593 1993; x_wconf 88' lang='lat' dir='ltr'><strong>primi</strong></span> <span class='ocrx_word' id='word_1_218' title='bbox 620 1913 665 1975; x_wconf 92' lang='lat' dir='ltr'><strong>iiii</strong></span> <span class='ocrx_word' id='word_1_219' title='bbox 690 1909 853 1975; x_wconf 83' lang='lat' dir='ltr'><strong>Christiani</strong></span> <span class='ocrx_word' id='word_1_220' title='bbox 875 1926 891 1971; x_wconf 90' lang='lat' dir='ltr'><strong>o</strong></span> <span class='ocrx_word' id='word_1_221' title='bbox 914 1908 1081 1975; x_wconf 81' lang='lat' dir='ltr'><strong>Phoenice,</strong></span> <span class='ocrx_word' id='word_1_222' title='bbox 1126 1918 1188 1979; x_wconf 92' lang='lat' dir='ltr'><strong>nim</strong></span> <span class='ocrx_word' id='word_1_223' title='bbox 1207 1915 1366 1992; x_wconf 82' lang='lat' dir='ltr'><strong>Phiiippus</strong></span> <span class='ocrx_word' id='word_1_224' title='bbox 1383 1914 1413 1977; x_wconf 90' lang='lat' dir='ltr'><strong>iu</strong></span> <span class='ocrx_word' id='word_1_225' title='bbox 1428 1913 1525 1989; x_wconf 85' lang='lat' dir='ltr'><strong>priam</strong></span> <span class='ocrx_word' id='word_1_226' title='bbox 1541 1921 1572 1975; x_wconf 90' lang='lat' dir='ltr'><strong>et</strong></span> <span class='ocrx_word' id='word_1_227' title='bbox 1586 1920 1690 1976; x_wconf 84' lang='lat' dir='ltr'><strong>octaua</strong></span> <span class='ocrx_word' id='word_1_228' title='bbox 1707 1914 1940 1984; x_wconf 73' lang='lat' dir='ltr'><strong>carassalleum</strong></span> <span class='ocrx_word' id='word_1_229' title='bbox 1954 1933 1993 1973; x_wconf 83' lang='lat' dir='ltr'><strong>ra·</strong></span> <span class='ocrx_word' id='word_1_230' title='bbox 2029 1930 2030 1977; x_wconf 77' lang='lat' dir='ltr'><strong>i</strong></span> 
     </span>
     <span class='ocr_line' id='line_1_20' title="bbox 216 1990 1990 2076; baseline -0.005 -10"><span class='ocrx_word' id='word_1_231' title='bbox 216 2000 331 2076; x_wconf 77' lang='lat' dir='ltr'><strong>polius.</strong></span> <span class='ocrx_word' id='word_1_232' title='bbox 348 2005 399 2061; x_wconf 88' lang='lat' dir='ltr'><strong>out</strong></span> <span class='ocrx_word' id='word_1_233' title='bbox 414 1996 533 2066; x_wconf 89' lang='lat' dir='ltr'><strong>Oreste,</strong></span> <span class='ocrx_word' id='word_1_234' title='bbox 552 1997 656 2066; x_wconf 78' lang='lat' dir='ltr'><strong>Peleo,</strong></span> <span class='ocrx_word' id='word_1_235' title='bbox 679 1993 842 2057; x_wconf 74' lang='lat' dir='ltr'><strong>bnlil⁰0h⁰</strong></span> <span class='ocrx_word' id='word_1_236' title='bbox 866 1990 915 2053; x_wconf 83' lang='lat' dir='ltr'><strong>ret</strong></span> <span class='ocrx_word' id='word_1_237' title='bbox 940 1992 1082 2063; x_wconf 68' lang='lat' dir='ltr'><strong>Adlflslm</strong></span> <span class='ocrx_word' id='word_1_238' title='bbox 1125 1998 1312 2061; x_wconf 82' lang='lat' dir='ltr'><strong>inmitatibus</strong></span> <span class='ocrx_word' id='word_1_239' title='bbox 1326 2012 1401 2058; x_wconf 91' lang='lat' dir='ltr'><strong>suos</strong></span> <span class='ocrx_word' id='word_1_240' title='bbox 1416 1996 1602 2075; x_wconf 71' lang='lat' dir='ltr'><strong>affligerent</strong></span> <span class='ocrx_word' id='word_1_241' title='bbox 1616 2010 1722 2059; x_wconf 90' lang='lat' dir='ltr'><strong>eorum</strong></span> <span class='ocrx_word' id='word_1_242' title='bbox 1737 2004 1867 2076; x_wconf 86' lang='lat' dir='ltr'><strong>peccata</strong></span> <span class='ocrx_word' id='word_1_243' title='bbox 1883 2000 1990 2075; x_wconf 86' lang='lat' dir='ltr'><strong>puniat:</strong></span> 
     </span>
     <span class='ocr_line' id='line_1_21' title="bbox 217 2073 2030 2157; baseline -0.006 -16"><span class='ocrx_word' id='word_1_244' title='bbox 217 2080 462 2144; x_wconf 83' lang='lat' dir='ltr'><strong>Solislnciiouem</strong></span> <span class='ocrx_word' id='word_1_245' title='bbox 476 2080 669 2152; x_wconf 81' lang='lat' dir='ltr'><strong>didicissem,</strong></span> <span class='ocrx_word' id='word_1_246' title='bbox 686 2092 775 2154; x_wconf 81' lang='lat' dir='ltr'><strong>uuam</strong></span> <span class='ocrx_word' id='word_1_247' title='bbox 792 2094 807 2136; x_wconf 89' lang='lat' dir='ltr'><strong>a</strong></span> <span class='ocrx_word' id='word_1_248' title='bbox 823 2073 1030 2148; x_wconf 71' lang='lat' dir='ltr'><strong>lominum,</strong></span> <span class='ocrx_word' id='word_1_249' title='bbox 1047 2078 1081 2136; x_wconf 85' lang='lat' dir='ltr'><strong>t·</strong></span> <span class='ocrx_word' id='word_1_250' title='bbox 1125 2082 1234 2143; x_wconf 78' lang='lat' dir='ltr'><strong>tntetar</strong></span> <span class='ocrx_word' id='word_1_251' title='bbox 1249 2080 1340 2141; x_wconf 87' lang='lat' dir='ltr'><strong>ctiam</strong></span> <span class='ocrx_word' id='word_1_252' title='bbox 1363 2080 1454 2157; x_wconf 88' lang='lat' dir='ltr'><strong>paulo</strong></span> <span class='ocrx_word' id='word_1_253' title='bbox 1475 2086 1557 2157; x_wconf 89' lang='lat' dir='ltr'><strong>posi,</strong></span> <span class='ocrx_word' id='word_1_254' title='bbox 1584 2080 1674 2153; x_wconf 88' lang='lat' dir='ltr'><strong>idest,</strong></span> <span class='ocrx_word' id='word_1_255' title='bbox 1704 2098 1774 2157; x_wconf 76' lang='lat' dir='ltr'><strong>pag.</strong></span> <span class='ocrx_word' id='word_1_256' title='bbox 1792 2083 1956 2157; x_wconf 70' lang='lat' dir='ltr'><strong>sequenti,</strong></span> <span class='ocrx_word' id='word_1_257' title='bbox 1970 2098 1992 2141; x_wconf 83' lang='lat' dir='ltr'><strong>r.</strong></span> <span class='ocrx_word' id='word_1_258' title='bbox 2029 2122 2030 2131; x_wconf 73' lang='grc'>,</span> 
     </span>
     <span class='ocr_line' id='line_1_22' title="bbox 216 2140 2030 2243; baseline -0.007 -7"><span class='ocrx_word' id='word_1_259' title='bbox 216 2164 329 2236; x_wconf 80' lang='lat' dir='ltr'><strong>esaia,</strong></span> <span class='ocrx_word' id='word_1_260' title='bbox 345 2163 486 2225; x_wconf 78' lang='lat' dir='ltr'><strong>narasse</strong></span> <span class='ocrx_word' id='word_1_261' title='bbox 500 2163 640 2224; x_wconf 82' lang='lat' dir='ltr'><strong>ninivitis</strong></span> <span class='ocrx_word' id='word_1_262' title='bbox 655 2167 687 2224; x_wconf 84' lang='lat' dir='ltr'><strong>et</strong></span> <span class='ocrx_word' id='word_1_263' title='bbox 699 2160 780 2229; x_wconf 78' lang='lat' dir='ltr'><strong>aliis.</strong></span> <span class='ocrx_word' id='word_1_264' title='bbox 798 2161 850 2236; x_wconf 82' lang='lat' dir='ltr'><strong>qui</strong></span> <span class='ocrx_word' id='word_1_265' title='bbox 867 2159 897 2218; x_wconf 85' lang='lat' dir='ltr'><strong>ia</strong></span> <span class='ocrx_word' id='word_1_266' title='bbox 913 2156 1082 2235; x_wconf 81' lang='lat' dir='ltr'><strong>seripturis</strong></span> <span class='ocrx_word' id='word_1_267' title='bbox 1122 2163 1260 2243; x_wconf 75' lang='lat' dir='ltr'><strong>iasmndi</strong></span> <span class='ocrx_word' id='word_1_268' title='bbox 1276 2162 1465 2225; x_wconf 77' lang='lat' dir='ltr'><strong>calamitates</strong></span> <span class='ocrx_word' id='word_1_269' title='bbox 1482 2164 1773 2240; x_wconf 73' lang='lat' dir='ltr'><strong>praesentianum</strong></span> <span class='ocrx_word' id='word_1_270' title='bbox 1792 2174 1936 2226; x_wconf 67' lang='lat' dir='ltr'><strong>scisuram</strong></span> <span class='ocrx_word' id='word_1_271' title='bbox 1949 2168 1993 2225; x_wconf 87' lang='lat' dir='ltr'><strong>m-</strong></span> <span class='ocrx_word' id='word_1_272' title='bbox 2029 2140 2030 2193; x_wconf 67' lang='lat' dir='ltr'><strong>l</strong></span> 
     </span>
     <span class='ocr_line' id='line_1_23' title="bbox 213 2240 1992 2325; baseline -0.001 -16"><span class='ocrx_word' id='word_1_273' title='bbox 213 2249 333 2309; x_wconf 83' lang='lat' dir='ltr'><strong>sauciis</strong></span> <span class='ocrx_word' id='word_1_274' title='bbox 348 2247 444 2311; x_wconf 88' lang='lat' dir='ltr'><strong>ileum</strong></span> <span class='ocrx_word' id='word_1_275' title='bbox 460 2261 565 2308; x_wconf 86' lang='lat' dir='ltr'><strong>rerum</strong></span> <span class='ocrx_word' id='word_1_276' title='bbox 582 2262 636 2324; x_wconf 91' lang='lat' dir='ltr'><strong>per</strong></span> <span class='ocrx_word' id='word_1_277' title='bbox 651 2259 745 2323; x_wconf 87' lang='lat' dir='ltr'><strong>opera</strong></span> <span class='ocrx_word' id='word_1_278' title='bbox 757 2241 968 2303; x_wconf 88' lang='lat' dir='ltr'><strong>Paenitentiue</strong></span> <span class='ocrx_word' id='word_1_279' title='bbox 981 2240 1083 2318; x_wconf 89' lang='lat' dir='ltr'><strong>pinco-</strong></span> <span class='ocrx_word' id='word_1_280' title='bbox 1125 2248 1212 2325; x_wconf 79' lang='lat' dir='ltr'><strong>ligari</strong></span> <span class='ocrx_word' id='word_1_281' title='bbox 1230 2254 1260 2309; x_wconf 89' lang='lat' dir='ltr'><strong>el</strong></span> <span class='ocrx_word' id='word_1_282' title='bbox 1275 2246 1441 2321; x_wconf 75' lang='lat' dir='ltr'><strong>aliquando</strong></span> <span class='ocrx_word' id='word_1_283' title='bbox 1457 2246 1581 2323; x_wconf 89' lang='lat' dir='ltr'><strong>penitus</strong></span> <span class='ocrx_word' id='word_1_284' title='bbox 1596 2246 1673 2316; x_wconf 86' lang='lat' dir='ltr'><strong>tulli,</strong></span> <span class='ocrx_word' id='word_1_285' title='bbox 1702 2246 1796 2321; x_wconf 83' lang='lat' dir='ltr'><strong>idque</strong></span> <span class='ocrx_word' id='word_1_286' title='bbox 1823 2262 1866 2307; x_wconf 80' lang='lat' dir='ltr'><strong>en</strong></span> <span class='ocrx_word' id='word_1_287' title='bbox 1894 2248 1992 2308; x_wconf 76' lang='lat' dir='ltr'><strong>divinis</strong></span> 
     </span>
     <span class='ocr_line' id='line_1_24' title="bbox 215 2321 1992 2408; baseline 0 -19"><span class='ocrx_word' id='word_1_288' title='bbox 215 2345 250 2390; x_wconf 91' lang='lat' dir='ltr'><strong>re</strong></span> <span class='ocrx_word' id='word_1_289' title='bbox 265 2330 422 2392; x_wconf 89' lang='lat' dir='ltr'><strong>studuisse</strong></span> <span class='ocrx_word' id='word_1_290' title='bbox 437 2327 680 2390; x_wconf 80' lang='lat' dir='ltr'><strong>inveniunturiet</strong></span> <span class='ocrx_word' id='word_1_291' title='bbox 695 2326 768 2403; x_wconf 82' lang='lat' dir='ltr'><strong>quid</strong></span> <span class='ocrx_word' id='word_1_292' title='bbox 785 2340 864 2402; x_wconf 90' lang='lat' dir='ltr'><strong>opus</strong></span> <span class='ocrx_word' id='word_1_293' title='bbox 876 2333 941 2384; x_wconf 88' lang='lat' dir='ltr'><strong>erat</strong></span> <span class='ocrx_word' id='word_1_294' title='bbox 953 2324 984 2383; x_wconf 88' lang='lat' dir='ltr'><strong>iu</strong></span> <span class='ocrx_word' id='word_1_295' title='bbox 997 2321 1082 2384; x_wconf 90' lang='lat' dir='ltr'><strong>lubu-</strong></span> <span class='ocrx_word' id='word_1_296' title='bbox 1127 2330 1226 2393; x_wconf 74' lang='lat' dir='ltr'><strong>literis</strong></span> <span class='ocrx_word' id='word_1_297' title='bbox 1242 2328 1363 2407; x_wconf 87' lang='lat' dir='ltr'><strong>probari</strong></span> <span class='ocrx_word' id='word_1_298' title='bbox 1380 2344 1474 2407; x_wconf 88' lang='lat' dir='ltr'><strong>posse</strong></span> <span class='ocrx_word' id='word_1_299' title='bbox 1491 2328 1577 2391; x_wconf 90' lang='lat' dir='ltr'><strong>dicit.</strong></span> <span class='ocrx_word' id='word_1_300' title='bbox 1594 2328 1680 2401; x_wconf 82' lang='lat' dir='ltr'><strong>Otrorl</strong></span> <span class='ocrx_word' id='word_1_301' title='bbox 1698 2329 1790 2405; x_wconf 75' lang='lat' dir='ltr'><strong>igitur</strong></span> <span class='ocrx_word' id='word_1_302' title='bbox 1817 2328 1894 2408; x_wconf 89' lang='lat' dir='ltr'><strong>ipse</strong></span> <span class='ocrx_word' id='word_1_303' title='bbox 1917 2330 1992 2391; x_wconf 87' lang='lat' dir='ltr'><strong>docet</strong></span> 
     </span>
     <span class='ocr_line' id='line_1_25' title="bbox 216 2410 1992 2490; baseline 0.001 -17"><span class='ocrx_word' id='word_1_304' title='bbox 216 2410 455 2474; x_wconf 84' lang='lat' dir='ltr'><strong>lisGroeeoruur</strong></span> <span class='ocrx_word' id='word_1_305' title='bbox 479 2428 572 2490; x_wconf 89' lang='lat' dir='ltr'><strong>opera</strong></span> <span class='ocrx_word' id='word_1_306' title='bbox 599 2410 809 2480; x_wconf 87' lang='lat' dir='ltr'><strong>Paenitentioe</strong></span> <span class='ocrx_word' id='word_1_307' title='bbox 831 2422 992 2485; x_wconf 77' lang='lat' dir='ltr'><strong>quaerero.</strong></span> <span class='ocrx_word' id='word_1_308' title='bbox 1010 2422 1081 2467; x_wconf 82' lang='lat' dir='ltr'><strong>uum</strong></span> <span class='ocrx_word' id='word_1_309' title='bbox 1127 2414 1165 2475; x_wconf 88' lang='lat' dir='ltr'><strong>da</strong></span> <span class='ocrx_word' id='word_1_310' title='bbox 1182 2429 1278 2490; x_wconf 87' lang='lat' dir='ltr'><strong>poeno</strong></span> <span class='ocrx_word' id='word_1_311' title='bbox 1297 2412 1455 2489; x_wconf 84' lang='lat' dir='ltr'><strong>ternpornli</strong></span> <span class='ocrx_word' id='word_1_312' title='bbox 1479 2412 1572 2489; x_wconf 80' lang='lat' dir='ltr'><strong>banjos</strong></span> <span class='ocrx_word' id='word_1_313' title='bbox 1598 2412 1687 2473; x_wconf 88' lang='lat' dir='ltr'><strong>ritae.</strong></span> <span class='ocrx_word' id='word_1_314' title='bbox 1717 2427 1773 2472; x_wconf 90' lang='lat' dir='ltr'><strong>nos</strong></span> <span class='ocrx_word' id='word_1_315' title='bbox 1801 2414 1992 2475; x_wconf 74' lang='lat' dir='ltr'><strong>extendimus</strong></span> 
     </span>
     <span class='ocr_line' id='line_1_26' title="bbox 216 2488 1992 2574; baseline 0.001 -19"><span class='ocrx_word' id='word_1_316' title='bbox 216 2494 247 2556; x_wconf 90' lang='lat' dir='ltr'><strong>iu</strong></span> <span class='ocrx_word' id='word_1_317' title='bbox 271 2495 438 2574; x_wconf 89' lang='lat' dir='ltr'><strong>Scripturis</strong></span> <span class='ocrx_word' id='word_1_318' title='bbox 459 2496 628 2571; x_wconf 82' lang='lat' dir='ltr'><strong>prophetae</strong></span> <span class='ocrx_word' id='word_1_319' title='bbox 650 2501 681 2555; x_wconf 88' lang='lat' dir='ltr'><strong>ci</strong></span> <span class='ocrx_word' id='word_1_320' title='bbox 701 2490 857 2568; x_wconf 84' lang='lat' dir='ltr'><strong>apostoli,</strong></span> <span class='ocrx_word' id='word_1_321' title='bbox 882 2496 913 2549; x_wconf 90' lang='lat' dir='ltr'><strong>et</strong></span> <span class='ocrx_word' id='word_1_322' title='bbox 942 2488 1082 2551; x_wconf 82' lang='lat' dir='ltr'><strong>Christus</strong></span> <span class='ocrx_word' id='word_1_323' title='bbox 1126 2500 1217 2558; x_wconf 89' lang='lat' dir='ltr'><strong>eiiam</strong></span> <span class='ocrx_word' id='word_1_324' title='bbox 1234 2496 1269 2557; x_wconf 92' lang='lat' dir='ltr'><strong>ad</strong></span> <span class='ocrx_word' id='word_1_325' title='bbox 1288 2508 1417 2571; x_wconf 88' lang='lat' dir='ltr'><strong>poenam</strong></span> <span class='ocrx_word' id='word_1_326' title='bbox 1434 2496 1634 2569; x_wconf 81' lang='lat' dir='ltr'><strong>temporalem</strong></span> <span class='ocrx_word' id='word_1_327' title='bbox 1657 2496 1735 2556; x_wconf 82' lang='lat' dir='ltr'><strong>ritae</strong></span> <span class='ocrx_word' id='word_1_328' title='bbox 1759 2493 1901 2562; x_wconf 82' lang='lat' dir='ltr'><strong>litturae.</strong></span> <span class='ocrx_word' id='word_1_329' title='bbox 1926 2512 1992 2573; x_wconf 84' lang='lat' dir='ltr'><strong>quac</strong></span> 
     </span>
     <span class='ocr_line' id='line_1_27' title="bbox 215 2571 1993 2658; baseline 0.001 -21"><span class='ocrx_word' id='word_1_330' title='bbox 215 2578 285 2655; x_wconf 89' lang='lat' dir='ltr'><strong>ipse</strong></span> <span class='ocrx_word' id='word_1_331' title='bbox 306 2583 365 2640; x_wconf 76' lang='lat' dir='ltr'><strong>mm</strong></span> <span class='ocrx_word' id='word_1_332' title='bbox 387 2577 564 2656; x_wconf 81' lang='lat' dir='ltr'><strong>trequentes</strong></span> <span class='ocrx_word' id='word_1_333' title='bbox 585 2577 625 2639; x_wconf 88' lang='lat' dir='ltr'><strong>ad</strong></span> <span class='ocrx_word' id='word_1_334' title='bbox 646 2592 681 2640; x_wconf 89' lang='lat' dir='ltr'><strong>co</strong></span> <span class='ocrx_word' id='word_1_335' title='bbox 704 2590 797 2653; x_wconf 90' lang='lat' dir='ltr'><strong>opero</strong></span> <span class='ocrx_word' id='word_1_336' title='bbox 815 2573 957 2634; x_wconf 91' lang='lat' dir='ltr'><strong>homiues</strong></span> <span class='ocrx_word' id='word_1_337' title='bbox 971 2571 1081 2635; x_wconf 84' lang='lat' dir='ltr'><strong>adhor-</strong></span> <span class='ocrx_word' id='word_1_338' title='bbox 1128 2578 1292 2657; x_wconf 78' lang='lat' dir='ltr'><strong>praepatarii</strong></span> <span class='ocrx_word' id='word_1_339' title='bbox 1311 2592 1408 2653; x_wconf 86' lang='lat' dir='ltr'><strong>poena</strong></span> <span class='ocrx_word' id='word_1_340' title='bbox 1425 2578 1610 2640; x_wconf 89' lang='lat' dir='ltr'><strong>nominatur.</strong></span> <span class='ocrx_word' id='word_1_341' title='bbox 1628 2578 1704 2640; x_wconf 87' lang='lat' dir='ltr'><strong>iisse</strong></span> <span class='ocrx_word' id='word_1_342' title='bbox 1726 2585 1831 2638; x_wconf 88' lang='lat' dir='ltr'><strong>autem</strong></span> <span class='ocrx_word' id='word_1_343' title='bbox 1860 2587 1993 2658; x_wconf 78' lang='lat' dir='ltr'><strong>purgato</strong></span> 
     </span>
     <span class='ocr_line' id='line_1_28' title="bbox 216 2656 1994 2739; baseline 0.001 -18"><span class='ocrx_word' id='word_1_344' title='bbox 216 2666 308 2722; x_wconf 88' lang='lat' dir='ltr'><strong>tetur.</strong></span> <span class='ocrx_word' id='word_1_345' title='bbox 1127 2663 1289 2739; x_wconf 89' lang='lat' dir='ltr'><strong>riumposl</strong></span> <span class='ocrx_word' id='word_1_346' title='bbox 1303 2661 1383 2721; x_wconf 84' lang='lat' dir='ltr'><strong>lirino</strong></span> <span class='ocrx_word' id='word_1_347' title='bbox 1400 2662 1488 2721; x_wconf 85' lang='lat' dir='ltr'><strong>ritem</strong></span> <span class='ocrx_word' id='word_1_348' title='bbox 1507 2667 1597 2739; x_wconf 84' lang='lat' dir='ltr'><strong>neget</strong></span> <span class='ocrx_word' id='word_1_349' title='bbox 1613 2656 1787 2738; x_wconf 78' lang='lat' dir='ltr'><strong>Phiiippus,</strong></span> <span class='ocrx_word' id='word_1_350' title='bbox 1808 2668 1840 2722; x_wconf 91' lang='lat' dir='ltr'><strong>et</strong></span> <span class='ocrx_word' id='word_1_351' title='bbox 1859 2662 1931 2723; x_wconf 88' lang='lat' dir='ltr'><strong>ideo</strong></span> <span class='ocrx_word' id='word_1_352' title='bbox 1952 2678 1994 2722; x_wconf 91' lang='lat' dir='ltr'><strong>oe·</strong></span> 
     </span>
    </p>

    <p class='ocr_par' dir='ltr' id='par_1_4' title="bbox 217 2736 1995 2993">
     <span class='ocr_line' id='line_1_29' title="bbox 259 2736 1995 2823; baseline -0.002 -18"><span class='ocrx_word' id='word_1_353' title='bbox 259 2742 320 2805; x_wconf 85' lang='lat' dir='ltr'><strong>Sed</strong></span> <span class='ocrx_word' id='word_1_354' title='bbox 336 2742 411 2805; x_wconf 90' lang='lat' dir='ltr'><strong>iilud</strong></span> <span class='ocrx_word' id='word_1_355' title='bbox 427 2744 513 2806; x_wconf 89' lang='lat' dir='ltr'><strong>nullo</strong></span> <span class='ocrx_word' id='word_1_356' title='bbox 528 2740 798 2804; x_wconf 71' lang='lat' dir='ltr'><strong>modoserendum</strong></span> <span class='ocrx_word' id='word_1_357' title='bbox 822 2742 880 2805; x_wconf 73' lang='lat' dir='ltr'><strong>esi,</strong></span> <span class='ocrx_word' id='word_1_358' title='bbox 904 2737 986 2813; x_wconf 72' lang='lat' dir='ltr'><strong>huod</strong></span> <span class='ocrx_word' id='word_1_359' title='bbox 1012 2736 1083 2797; x_wconf 76' lang='lat' dir='ltr'><strong>Phi·</strong></span> <span class='ocrx_word' id='word_1_360' title='bbox 1126 2756 1177 2823; x_wconf 74' lang='lat' dir='ltr'><strong>pat</strong></span> <span class='ocrx_word' id='word_1_361' title='bbox 1192 2760 1322 2822; x_wconf 90' lang='lat' dir='ltr'><strong>poenam</strong></span> <span class='ocrx_word' id='word_1_362' title='bbox 1339 2742 1465 2804; x_wconf 88' lang='lat' dir='ltr'><strong>alterins</strong></span> <span class='ocrx_word' id='word_1_363' title='bbox 1480 2741 1558 2805; x_wconf 83' lang='lat' dir='ltr'><strong>vitae</strong></span> <span class='ocrx_word' id='word_1_364' title='bbox 1574 2758 1631 2822; x_wconf 89' lang='lat' dir='ltr'><strong>per</strong></span> <span class='ocrx_word' id='word_1_365' title='bbox 1645 2742 1876 2806; x_wconf 86' lang='lat' dir='ltr'><strong>Paenitentiam</strong></span> <span class='ocrx_word' id='word_1_366' title='bbox 1891 2745 1995 2819; x_wconf 74' lang='lat' dir='ltr'><strong>mitiga·</strong></span> 
     </span>
     <span class='ocr_line' id='line_1_30' title="bbox 217 2820 1995 2905; baseline -0.001 -16"><span class='ocrx_word' id='word_1_367' title='bbox 217 2824 324 2905; x_wconf 89' lang='lat' dir='ltr'><strong>lippus</strong></span> <span class='ocrx_word' id='word_1_368' title='bbox 339 2825 458 2902; x_wconf 75' lang='lat' dir='ltr'><strong>scribit,</strong></span> <span class='ocrx_word' id='word_1_369' title='bbox 474 2825 607 2903; x_wconf 85' lang='lat' dir='ltr'><strong>exempli</strong></span> <span class='ocrx_word' id='word_1_370' title='bbox 623 2825 725 2886; x_wconf 88' lang='lat' dir='ltr'><strong>solum</strong></span> <span class='ocrx_word' id='word_1_371' title='bbox 755 2828 785 2884; x_wconf 77' lang='lat' dir='ltr'><strong>et</strong></span> <span class='ocrx_word' id='word_1_372' title='bbox 799 2820 982 2897; x_wconf 88' lang='lat' dir='ltr'><strong>disciptinae</strong></span> <span class='ocrx_word' id='word_1_373' title='bbox 996 2836 1085 2881; x_wconf 71' lang='lat' dir='ltr'><strong>eous·</strong></span> <span class='ocrx_word' id='word_1_374' title='bbox 1127 2828 1163 2898; x_wconf 84' lang='lat' dir='ltr'><strong>ri,</strong></span> <span class='ocrx_word' id='word_1_375' title='bbox 1182 2828 1227 2889; x_wconf 84' lang='lat' dir='ltr'><strong>eei</strong></span> <span class='ocrx_word' id='word_1_376' title='bbox 1245 2826 1322 2887; x_wconf 91' lang='lat' dir='ltr'><strong>tolli:</strong></span> <span class='ocrx_word' id='word_1_377' title='bbox 1340 2826 1395 2888; x_wconf 91' lang='lat' dir='ltr'><strong>sed</strong></span> <span class='ocrx_word' id='word_1_378' title='bbox 1412 2826 1437 2887; x_wconf 90' lang='lat' dir='ltr'><strong>si</strong></span> <span class='ocrx_word' id='word_1_379' title='bbox 1454 2827 1628 2889; x_wconf 89' lang='lat' dir='ltr'><strong>admitteret</strong></span> <span class='ocrx_word' id='word_1_380' title='bbox 1643 2825 1874 2903; x_wconf 69' lang='lat' dir='ltr'><strong>purgatorium,</strong></span> <span class='ocrx_word' id='word_1_381' title='bbox 1901 2828 1995 2890; x_wconf 85' lang='lat' dir='ltr'><strong>admit·</strong></span> 
     </span>
     <span class='ocr_line' id='line_1_31' title="bbox 218 2904 1993 2993; baseline -0.002 -22"><span class='ocrx_word' id='word_1_382' title='bbox 218 2909 428 2987; x_wconf 82' lang='lat' dir='ltr'><strong>scimpositas</strong></span> <span class='ocrx_word' id='word_1_383' title='bbox 443 2906 668 2970; x_wconf 83' lang='lat' dir='ltr'><strong>solisluctioocs</strong></span> <span class='ocrx_word' id='word_1_384' title='bbox 683 2907 714 2968; x_wconf 89' lang='lat' dir='ltr'><strong>ia</strong></span> <span class='ocrx_word' id='word_1_385' title='bbox 731 2921 788 2966; x_wconf 91' lang='lat' dir='ltr'><strong>usu</strong></span> <span class='ocrx_word' id='word_1_386' title='bbox 801 2904 896 2967; x_wconf 83' lang='lat' dir='ltr'><strong>tuisse</strong></span> <span class='ocrx_word' id='word_1_387' title='bbox 907 2904 988 2981; x_wconf 87' lang='lat' dir='ltr'><strong>apud</strong></span> <span class='ocrx_word' id='word_1_388' title='bbox 1001 2909 1083 2965; x_wconf 89' lang='lat' dir='ltr'><strong>reta·</strong></span> <span class='ocrx_word' id='word_1_389' title='bbox 1126 2917 1206 2973; x_wconf 83' lang='lat' dir='ltr'><strong>terat</strong></span> <span class='ocrx_word' id='word_1_390' title='bbox 1219 2916 1451 2985; x_wconf 77' lang='lat' dir='ltr'><strong>consequenter</strong></span> <span class='ocrx_word' id='word_1_391' title='bbox 1463 2910 1559 2988; x_wconf 77' lang='lat' dir='ltr'><strong>(cuod</strong></span> <span class='ocrx_word' id='word_1_392' title='bbox 1578 2926 1614 2971; x_wconf 83' lang='lat' dir='ltr'><strong>ex</strong></span> <span class='ocrx_word' id='word_1_393' title='bbox 1632 2909 1679 2993; x_wconf 76' lang='lat' dir='ltr'><strong>iis¹</strong></span> <span class='ocrx_word' id='word_1_394' title='bbox 1694 2924 1775 2987; x_wconf 82' lang='lat' dir='ltr'><strong>quiae</strong></span> <span class='ocrx_word' id='word_1_395' title='bbox 1806 2910 1878 2987; x_wconf 85' lang='lat' dir='ltr'><strong>ipse</strong></span> <span class='ocrx_word' id='word_1_396' title='bbox 1903 2913 1993 2971; x_wconf 84' lang='lat' dir='ltr'><strong>danai.</strong></span> 
     </span>
    </p>

    <p class='ocr_par' dir='ltr' id='par_1_5' title="bbox 98 2984 2010 5810">
     <span class='ocr_line' id='line_1_32' title="bbox 98 2984 1997 3071; baseline 0.001 -19"><span class='ocrx_word' id='word_1_397' title='bbox 98 3031 103 3044; x_wconf 84' lang='lat'><strong>·</strong></span> <span class='ocrx_word' id='word_1_398' title='bbox 215 2987 279 3053; x_wconf 85' lang='lat' dir='ltr'><strong>re&#39;s.</strong></span> <span class='ocrx_word' id='word_1_399' title='bbox 293 2991 338 3053; x_wconf 81' lang='lat' dir='ltr'><strong>dn</strong></span> <span class='ocrx_word' id='word_1_400' title='bbox 354 2991 487 3068; x_wconf 84' lang='lat' dir='ltr'><strong>exempli</strong></span> <span class='ocrx_word' id='word_1_401' title='bbox 503 2997 532 3053; x_wconf 92' lang='lat' dir='ltr'><strong>et</strong></span> <span class='ocrx_word' id='word_1_402' title='bbox 547 2989 733 3065; x_wconf 88' lang='lat' dir='ltr'><strong>disciplinae</strong></span> <span class='ocrx_word' id='word_1_403' title='bbox 748 3002 870 3048; x_wconf 86' lang='lat' dir='ltr'><strong>caussa.</strong></span> <span class='ocrx_word' id='word_1_404' title='bbox 888 2984 949 3047; x_wconf 83' lang='lat' dir='ltr'><strong>lter</strong></span> <span class='ocrx_word' id='word_1_405' title='bbox 964 2986 1082 3055; x_wconf 76' lang='lat' dir='ltr'><strong>Achab,</strong></span> <span class='ocrx_word' id='word_1_406' title='bbox 1126 2999 1232 3069; x_wconf 80' lang='lat' dir='ltr'><strong>aperie</strong></span> <span class='ocrx_word' id='word_1_407' title='bbox 1248 2993 1402 3070; x_wconf 83' lang='lat' dir='ltr'><strong>sequitur)</strong></span> <span class='ocrx_word' id='word_1_408' title='bbox 1419 2992 1588 3070; x_wconf 77' lang='lat' dir='ltr'><strong>narratori</strong></span> <span class='ocrx_word' id='word_1_409' title='bbox 1603 3006 1735 3071; x_wconf 88' lang='lat' dir='ltr'><strong>poenam</strong></span> <span class='ocrx_word' id='word_1_410' title='bbox 1760 3007 1820 3070; x_wconf 88' lang='lat' dir='ltr'><strong>per</strong></span> <span class='ocrx_word' id='word_1_411' title='bbox 1845 2994 1997 3069; x_wconf 86' lang='lat' dir='ltr'><strong>poeniten·</strong></span> 
     </span>
     <span class='ocr_line' id='line_1_33' title="bbox 216 3068 1995 3156; baseline 0.002 -23"><span class='ocrx_word' id='word_1_412' title='bbox 216 3073 266 3135; x_wconf 85' lang='lat' dir='ltr'><strong>cui</strong></span> <span class='ocrx_word' id='word_1_413' title='bbox 282 3089 375 3136; x_wconf 87' lang='lat' dir='ltr'><strong>nemo</strong></span> <span class='ocrx_word' id='word_1_414' title='bbox 389 3072 637 3135; x_wconf 87' lang='lat' dir='ltr'><strong>Satisiactiduem</strong></span> <span class='ocrx_word' id='word_1_415' title='bbox 658 3072 817 3150; x_wconf 88' lang='lat' dir='ltr'><strong>imponere</strong></span> <span class='ocrx_word' id='word_1_416' title='bbox 843 3083 937 3129; x_wconf 86' lang='lat' dir='ltr'><strong>ausus</strong></span> <span class='ocrx_word' id='word_1_417' title='bbox 960 3068 1082 3142; x_wconf 76' lang='lat' dir='ltr'><strong>ruisset,</strong></span> <span class='ocrx_word' id='word_1_418' title='bbox 1129 3076 1200 3139; x_wconf 77' lang='lat' dir='ltr'><strong>tiam</strong></span> <span class='ocrx_word' id='word_1_419' title='bbox 1217 3074 1360 3154; x_wconf 76' lang='lat' dir='ltr'><strong>mitigari,</strong></span> <span class='ocrx_word' id='word_1_420' title='bbox 1378 3076 1424 3136; x_wconf 86' lang='lat' dir='ltr'><strong>aei</strong></span> <span class='ocrx_word' id='word_1_421' title='bbox 1443 3072 1520 3139; x_wconf 89' lang='lat' dir='ltr'><strong>tulii.</strong></span> <span class='ocrx_word' id='word_1_422' title='bbox 1545 3075 1648 3138; x_wconf 87' lang='lat' dir='ltr'><strong>Porro:</strong></span> <span class='ocrx_word' id='word_1_423' title='bbox 1672 3074 1894 3156; x_wconf 78' lang='lat' dir='ltr'><strong>Purgalorium</strong></span> <span class='ocrx_word' id='word_1_424' title='bbox 1920 3092 1995 3144; x_wconf 85' lang='lat' dir='ltr'><strong>esse,</strong></span> 
     </span>
     <span class='ocr_line' id='line_1_34' title="bbox 138 3151 1998 3238; baseline 0.002 -22"><span class='ocrx_word' id='word_1_425' title='bbox 138 3201 142 3205; x_wconf 77' lang='grc'><em>.</em></span> <span class='ocrx_word' id='word_1_426' title='bbox 217 3156 354 3218; x_wconf 87' lang='lat' dir='ltr'><strong>cilicium</strong></span> <span class='ocrx_word' id='word_1_427' title='bbox 369 3156 407 3220; x_wconf 86' lang='lat' dir='ltr'><strong>od</strong></span> <span class='ocrx_word' id='word_1_428' title='bbox 423 3171 546 3218; x_wconf 83' lang='lat' dir='ltr'><strong>curnem</strong></span> <span class='ocrx_word' id='word_1_429' title='bbox 562 3161 673 3234; x_wconf 88' lang='lat' dir='ltr'><strong>sponte</strong></span> <span class='ocrx_word' id='word_1_430' title='bbox 688 3171 742 3217; x_wconf 85' lang='lat' dir='ltr'><strong>suc</strong></span> <span class='ocrx_word' id='word_1_431' title='bbox 759 3153 931 3233; x_wconf 74' lang='lat' dir='ltr'><strong>perchetet</strong></span> <span class='ocrx_word' id='word_1_432' title='bbox 951 3151 1085 3213; x_wconf 91' lang='lat' dir='ltr'><strong>dormie·</strong></span> <span class='ocrx_word' id='word_1_433' title='bbox 1130 3177 1189 3221; x_wconf 87' lang='lat' dir='ltr'><strong>nas</strong></span> <span class='ocrx_word' id='word_1_434' title='bbox 1204 3161 1234 3221; x_wconf 92' lang='lat' dir='ltr'><strong>in</strong></span> <span class='ocrx_word' id='word_1_435' title='bbox 1250 3159 1281 3222; x_wconf 79' lang='lat' dir='ltr'><strong>i.</strong></span> <span class='ocrx_word' id='word_1_436' title='bbox 1299 3166 1381 3220; x_wconf 89' lang='lat' dir='ltr'><strong>tomo</strong></span> <span class='ocrx_word' id='word_1_437' title='bbox 1408 3156 1689 3224; x_wconf 79' lang='lat' dir='ltr'><strong>Controuersiarum</strong></span> <span class='ocrx_word' id='word_1_438' title='bbox 1716 3175 1753 3220; x_wconf 89' lang='lat' dir='ltr'><strong>ex</strong></span> <span class='ocrx_word' id='word_1_439' title='bbox 1779 3159 1951 3238; x_wconf 76' lang='lat' dir='ltr'><strong>scripturis</strong></span> <span class='ocrx_word' id='word_1_440' title='bbox 1972 3169 1998 3222; x_wconf 89' lang='lat' dir='ltr'><strong>et</strong></span> 
     </span>
     <span class='ocr_line' id='line_1_35' title="bbox 220 3233 1998 3319; baseline 0.002 -19"><span class='ocrx_word' id='word_1_441' title='bbox 220 3237 317 3302; x_wconf 82' lang='lat' dir='ltr'><strong>butio</strong></span> <span class='ocrx_word' id='word_1_442' title='bbox 331 3254 425 3306; x_wconf 85' lang='lat' dir='ltr'><strong>saaca</strong></span> <span class='ocrx_word' id='word_1_443' title='bbox 452 3255 488 3300; x_wconf 91' lang='lat' dir='ltr'><strong>oo</strong></span> <span class='ocrx_word' id='word_1_444' title='bbox 499 3238 671 3318; x_wconf 82' lang='lat' dir='ltr'><strong>jejunabat,</strong></span> <span class='ocrx_word' id='word_1_445' title='bbox 688 3245 721 3298; x_wconf 88' lang='lat' dir='ltr'><strong>ul</strong></span> <span class='ocrx_word' id='word_1_446' title='bbox 742 3238 874 3312; x_wconf 70' lang='lat' dir='ltr'><strong>tetelmus</strong></span> <span class='ocrx_word' id='word_1_447' title='bbox 895 3234 951 3298; x_wconf 71' lang='lat' dir='ltr'><strong>lib·</strong></span> <span class='ocrx_word' id='word_1_448' title='bbox 973 3233 1004 3297; x_wconf 80' lang='lat'><strong>3·</strong></span> <span class='ocrx_word' id='word_1_449' title='bbox 1027 3235 1084 3297; x_wconf 75' lang='lat' dir='ltr'><strong>Re·</strong></span> <span class='ocrx_word' id='word_1_450' title='bbox 1131 3241 1271 3304; x_wconf 89' lang='lat' dir='ltr'><strong>Patribus</strong></span> <span class='ocrx_word' id='word_1_451' title='bbox 1293 3241 1465 3303; x_wconf 79' lang='lat' dir='ltr'><strong>clarissime</strong></span> <span class='ocrx_word' id='word_1_452' title='bbox 1490 3241 1780 3304; x_wconf 68' lang='lat' dir='ltr'><strong>demonstravimus</strong></span> <span class='ocrx_word' id='word_1_453' title='bbox 1807 3244 1937 3319; x_wconf 89' lang='lat' dir='ltr'><strong>proinde</strong></span> <span class='ocrx_word' id='word_1_454' title='bbox 1957 3245 1998 3303; x_wconf 92' lang='lat' dir='ltr'><strong>ni·</strong></span> 
     </span>
     <span class='ocr_line' id='line_1_36' title="bbox 222 3317 1999 3406; baseline 0 -21"><span class='ocrx_word' id='word_1_455' title='bbox 222 3321 502 3398; x_wconf 64' lang='lat' dir='ltr'><strong>pannonibus</strong></span> <span class='ocrx_word' id='word_1_456' title='bbox 519 3320 741 3400; x_wconf 81' lang='lat' dir='ltr'><strong>potiusutsali</strong></span> <span class='ocrx_word' id='word_1_457' title='bbox 768 3319 844 3394; x_wconf 78' lang='lat' dir='ltr'><strong>Deo,</strong></span> <span class='ocrx_word' id='word_1_458' title='bbox 870 3320 923 3396; x_wconf 79' lang='lat' dir='ltr'><strong>(tui</strong></span> <span class='ocrx_word' id='word_1_459' title='bbox 949 3319 1032 3380; x_wconf 82' lang='lat' dir='ltr'><strong>ridet</strong></span> <span class='ocrx_word' id='word_1_460' title='bbox 1053 3317 1084 3379; x_wconf 83' lang='lat' dir='ltr'><strong>in</strong></span> <span class='ocrx_word' id='word_1_461' title='bbox 1132 3324 1177 3388; x_wconf 91' lang='lat' dir='ltr'><strong>bil</strong></span> <span class='ocrx_word' id='word_1_462' title='bbox 1206 3331 1264 3398; x_wconf 90' lang='lat' dir='ltr'><strong>est,</strong></span> <span class='ocrx_word' id='word_1_463' title='bbox 1293 3324 1374 3404; x_wconf 90' lang='lat' dir='ltr'><strong>quod</strong></span> <span class='ocrx_word' id='word_1_464' title='bbox 1401 3325 1431 3386; x_wconf 93' lang='lat' dir='ltr'><strong>in</strong></span> <span class='ocrx_word' id='word_1_465' title='bbox 1458 3325 1518 3387; x_wconf 90' lang='lat' dir='ltr'><strong>hoc</strong></span> <span class='ocrx_word' id='word_1_466' title='bbox 1543 3330 1725 3406; x_wconf 78' lang='lat' dir='ltr'><strong>argumenta</strong></span> <span class='ocrx_word' id='word_1_467' title='bbox 1750 3325 1874 3388; x_wconf 88' lang='lat' dir='ltr'><strong>diutius</strong></span> <span class='ocrx_word' id='word_1_468' title='bbox 1902 3326 1999 3387; x_wconf 90' lang='lat' dir='ltr'><strong>immo·</strong></span> 
     </span>
     <span class='ocr_line' id='line_1_37' title="bbox 223 3401 1756 3481; baseline -0.001 -17"><span class='ocrx_word' id='word_1_469' title='bbox 223 3404 415 3478; x_wconf 88' lang='lat' dir='ltr'><strong>abscondito,</strong></span> <span class='ocrx_word' id='word_1_470' title='bbox 431 3403 638 3466; x_wconf 82' lang='lat' dir='ltr'><strong>satisfaceret?</strong></span> <span class='ocrx_word' id='word_1_471' title='bbox 651 3402 753 3465; x_wconf 85' lang='lat' dir='ltr'><strong>loram</strong></span> <span class='ocrx_word' id='word_1_472' title='bbox 770 3417 895 3481; x_wconf 82' lang='lat' dir='ltr'><strong>quoquc</strong></span> <span class='ocrx_word' id='word_1_473' title='bbox 911 3416 963 3462; x_wconf 84' lang='lat' dir='ltr'><strong>rex</strong></span> <span class='ocrx_word' id='word_1_474' title='bbox 974 3401 1084 3474; x_wconf 83' lang='lat' dir='ltr'><strong>lsrail,</strong></span> <span class='ocrx_word' id='word_1_475' title='bbox 1112 3457 1113 3460; x_wconf 73' lang='grc'>,</span> <span class='ocrx_word' id='word_1_476' title='bbox 1131 3425 1248 3472; x_wconf 78' lang='lat' dir='ltr'><strong>ramur.</strong></span> <span class='ocrx_word' id='word_1_477' title='bbox 1752 3443 1756 3448; x_wconf 75' lang='lat'><strong>·</strong></span> 
     </span>
     <span class='ocr_line' id='line_1_38' title="bbox 223 3483 1997 3570; baseline 0.001 -21"><span class='ocrx_word' id='word_1_478' title='bbox 223 3503 294 3549; x_wconf 88' lang='lat' dir='ltr'><strong>curn</strong></span> <span class='ocrx_word' id='word_1_479' title='bbox 309 3496 450 3567; x_wconf 86' lang='lat' dir='ltr'><strong>tempore</strong></span> <span class='ocrx_word' id='word_1_480' title='bbox 460 3486 534 3548; x_wconf 91' lang='lat' dir='ltr'><strong>belii</strong></span> <span class='ocrx_word' id='word_1_481' title='bbox 546 3495 577 3548; x_wconf 87' lang='lat' dir='ltr'><strong>et</strong></span> <span class='ocrx_word' id='word_1_482' title='bbox 588 3486 678 3548; x_wconf 88' lang='lat' dir='ltr'><strong>lamis</strong></span> <span class='ocrx_word' id='word_1_483' title='bbox 690 3486 785 3547; x_wconf 87' lang='lat' dir='ltr'><strong>ileum</strong></span> <span class='ocrx_word' id='word_1_484' title='bbox 800 3501 855 3564; x_wconf 92' lang='lat' dir='ltr'><strong>per</strong></span> <span class='ocrx_word' id='word_1_485' title='bbox 866 3483 1087 3547; x_wconf 87' lang='lat' dir='ltr'><strong>Paenitentiam</strong></span> <span class='ocrx_word' id='word_1_486' title='bbox 1173 3491 1362 3552; x_wconf 87' lang='lat' dir='ltr'><strong>Postremum</strong></span> <span class='ocrx_word' id='word_1_487' title='bbox 1378 3495 1592 3570; x_wconf 76' lang='lat' dir='ltr'><strong>argumentum</strong></span> <span class='ocrx_word' id='word_1_488' title='bbox 1611 3489 1642 3552; x_wconf 91' lang='lat' dir='ltr'><strong>iu</strong></span> <span class='ocrx_word' id='word_1_489' title='bbox 1665 3489 1743 3552; x_wconf 89' lang='lat' dir='ltr'><strong>locis</strong></span> <span class='ocrx_word' id='word_1_490' title='bbox 1770 3491 1997 3558; x_wconf 86' lang='lat' dir='ltr'><strong>communibus,</strong></span> 
     </span>
     <span class='ocr_line' id='line_1_39' title="bbox 225 3567 1999 3653; baseline -0.005 -11"><span class='ocrx_word' id='word_1_491' title='bbox 225 3570 348 3647; x_wconf 66' lang='lat' dir='ltr'><strong>tillem</strong></span> <span class='ocrx_word' id='word_1_492' title='bbox 363 3575 503 3649; x_wconf 59' lang='lat' dir='ltr'><strong>supitii,</strong></span> <span class='ocrx_word' id='word_1_493' title='bbox 520 3568 723 3636; x_wconf 88' lang='lat' dir='ltr'><strong>eurcilicium</strong></span> <span class='ocrx_word' id='word_1_494' title='bbox 750 3567 876 3647; x_wconf 78' lang='lat' dir='ltr'><strong>gerebat</strong></span> <span class='ocrx_word' id='word_1_495' title='bbox 900 3569 1032 3640; x_wconf 65' lang='lat' dir='ltr'><strong>occulte,</strong></span> <span class='ocrx_word' id='word_1_496' title='bbox 1057 3573 1088 3629; x_wconf 72' lang='lat' dir='ltr'><strong>lii</strong></span> <span class='ocrx_word' id='word_1_497' title='bbox 1132 3573 1217 3640; x_wconf 79' lang='lat' dir='ltr'><strong>duca</strong></span> <span class='ocrx_word' id='word_1_498' title='bbox 1232 3573 1393 3653; x_wconf 91' lang='lat' dir='ltr'><strong>Philippus</strong></span> <span class='ocrx_word' id='word_1_499' title='bbox 1409 3573 1446 3634; x_wconf 86' lang='lat' dir='ltr'><strong>ab</strong></span> <span class='ocrx_word' id='word_1_500' title='bbox 1460 3573 1622 3648; x_wconf 84' lang='lat' dir='ltr'><strong>absurdis,</strong></span> <span class='ocrx_word' id='word_1_501' title='bbox 1646 3573 1772 3652; x_wconf 83' lang='lat' dir='ltr'><strong>quaein</strong></span> <span class='ocrx_word' id='word_1_502' title='bbox 1800 3573 1999 3636; x_wconf 80' lang='lat' dir='ltr'><strong>Scholastica·</strong></span> 
     </span>
     <span class='ocr_line' id='line_1_40' title="bbox 223 3650 1995 3732; baseline 0.002 -20"><span class='ocrx_word' id='word_1_503' title='bbox 223 3652 376 3714; x_wconf 85' lang='lat' dir='ltr'><strong>babemus</strong></span> <span class='ocrx_word' id='word_1_504' title='bbox 391 3652 445 3714; x_wconf 92' lang='lat' dir='ltr'><strong>lib.</strong></span> <span class='ocrx_word' id='word_1_505' title='bbox 462 3652 493 3714; x_wconf 79' lang='lat' dir='ltr'><strong>l.</strong></span> <span class='ocrx_word' id='word_1_506' title='bbox 509 3652 625 3732; x_wconf 76' lang='lat' dir='ltr'><strong>iiegum</strong></span> <span class='ocrx_word' id='word_1_507' title='bbox 641 3669 710 3730; x_wconf 89' lang='lat' dir='ltr'><strong>cap.</strong></span> <span class='ocrx_word' id='word_1_508' title='bbox 727 3650 757 3712; x_wconf 84' lang='grc'><strong>6.</strong></span> <span class='ocrx_word' id='word_1_509' title='bbox 776 3650 834 3712; x_wconf 89' lang='lat' dir='ltr'><strong>nisi</strong></span> <span class='ocrx_word' id='word_1_510' title='bbox 851 3650 923 3728; x_wconf 79' lang='lat' dir='ltr'><strong>orris</strong></span> <span class='ocrx_word' id='word_1_511' title='bbox 948 3667 1011 3713; x_wconf 82' lang='lat' dir='ltr'><strong>aron</strong></span> <span class='ocrx_word' id='word_1_512' title='bbox 1034 3651 1087 3711; x_wconf 91' lang='lat' dir='ltr'><strong>ho·</strong></span> <span class='ocrx_word' id='word_1_513' title='bbox 1129 3672 1198 3719; x_wconf 85' lang='lat' dir='ltr'><strong>rum</strong></span> <span class='ocrx_word' id='word_1_514' title='bbox 1215 3657 1365 3726; x_wconf 87' lang='lat' dir='ltr'><strong>doctrina,</strong></span> <span class='ocrx_word' id='word_1_515' title='bbox 1382 3673 1472 3727; x_wconf 80' lang='lat' dir='ltr'><strong>aarum</strong></span> <span class='ocrx_word' id='word_1_516' title='bbox 1486 3656 1558 3732; x_wconf 90' lang='lat' dir='ltr'><strong>ipse</strong></span> <span class='ocrx_word' id='word_1_517' title='bbox 1581 3656 1751 3718; x_wconf 85' lang='lat' dir='ltr'><strong>doctrinam</strong></span> <span class='ocrx_word' id='word_1_518' title='bbox 1780 3659 1995 3718; x_wconf 86' lang='lat' dir='ltr'><strong>monachorum</strong></span> 
     </span>
     <span class='ocr_line' id='line_1_41' title="bbox 223 3731 1996 3817; baseline 0.002 -21"><span class='ocrx_word' id='word_1_519' title='bbox 223 3735 372 3811; x_wconf 87' lang='lat' dir='ltr'><strong>minibus,</strong></span> <span class='ocrx_word' id='word_1_520' title='bbox 389 3737 444 3799; x_wconf 90' lang='lat' dir='ltr'><strong>sed</strong></span> <span class='ocrx_word' id='word_1_521' title='bbox 462 3735 525 3797; x_wconf 84' lang='lat' dir='ltr'><strong>ileo</strong></span> <span class='ocrx_word' id='word_1_522' title='bbox 540 3735 716 3796; x_wconf 80' lang='lat' dir='ltr'><strong>satisfacere</strong></span> <span class='ocrx_word' id='word_1_523' title='bbox 732 3731 982 3811; x_wconf 77' lang='lat' dir='ltr'><strong>cupiebatitiuod</strong></span> <span class='ocrx_word' id='word_1_524' title='bbox 1005 3733 1089 3795; x_wconf 89' lang='lat' dir='ltr'><strong>idem</strong></span> <span class='ocrx_word' id='word_1_525' title='bbox 1131 3739 1361 3815; x_wconf 77' lang='lat' dir='ltr'><strong>rucotrcpnriri</strong></span> <span class='ocrx_word' id='word_1_526' title='bbox 1374 3739 1461 3800; x_wconf 88' lang='lat' dir='ltr'><strong>dicit:</strong></span> <span class='ocrx_word' id='word_1_527' title='bbox 1479 3739 1580 3800; x_wconf 85' lang='lat' dir='ltr'><strong>liclia</strong></span> <span class='ocrx_word' id='word_1_528' title='bbox 1592 3745 1679 3804; x_wconf 85' lang='lat' dir='ltr'><strong>sunt,</strong></span> <span class='ocrx_word' id='word_1_529' title='bbox 1697 3739 1996 3817; x_wconf 82' lang='lat' dir='ltr'><strong>inquitdeliromen·</strong></span> 
     </span>
     <span class='ocr_line' id='line_1_42' title="bbox 225 3815 1995 3902; baseline 0.002 -25"><span class='ocrx_word' id='word_1_530' title='bbox 225 3834 264 3878; x_wconf 84' lang='lat' dir='ltr'><strong>ex</strong></span> <span class='ocrx_word' id='word_1_531' title='bbox 279 3833 352 3898; x_wconf 72' lang='lat' dir='ltr'><strong>repe</strong></span> <span class='ocrx_word' id='word_1_532' title='bbox 368 3819 461 3880; x_wconf 86' lang='lat' dir='ltr'><strong>lierid</strong></span> <span class='ocrx_word' id='word_1_533' title='bbox 478 3817 607 3896; x_wconf 79' lang='lat' dir='ltr'><strong>intelligi</strong></span> <span class='ocrx_word' id='word_1_534' title='bbox 623 3821 742 3895; x_wconf 83' lang='lat' dir='ltr'><strong>potest,</strong></span> <span class='ocrx_word' id='word_1_535' title='bbox 754 3817 805 3896; x_wconf 84' lang='lat' dir='ltr'><strong>qui</strong></span> <span class='ocrx_word' id='word_1_536' title='bbox 822 3817 891 3878; x_wconf 94' lang='lat' dir='ltr'><strong>solo</strong></span> <span class='ocrx_word' id='word_1_537' title='bbox 916 3815 970 3878; x_wconf 86' lang='lat' dir='ltr'><strong>liei</strong></span> <span class='ocrx_word' id='word_1_538' title='bbox 996 3817 1088 3878; x_wconf 91' lang='lat' dir='ltr'><strong>oculo</strong></span> <span class='ocrx_word' id='word_1_539' title='bbox 1134 3829 1168 3884; x_wconf 88' lang='lat' dir='ltr'><strong>tc</strong></span> <span class='ocrx_word' id='word_1_540' title='bbox 1180 3825 1217 3885; x_wconf 90' lang='lat' dir='ltr'><strong>in</strong></span> <span class='ocrx_word' id='word_1_541' title='bbox 1232 3823 1387 3900; x_wconf 84' lang='lat' dir='ltr'><strong>opinione</strong></span> <span class='ocrx_word' id='word_1_542' title='bbox 1403 3821 1650 3897; x_wconf 76' lang='lat' dir='ltr'><strong>rnunnclmrum,</strong></span> <span class='ocrx_word' id='word_1_543' title='bbox 1668 3836 1813 3901; x_wconf 80' lang='lat' dir='ltr'><strong>quomrm</strong></span> <span class='ocrx_word' id='word_1_544' title='bbox 1830 3823 1995 3902; x_wconf 80' lang='lat' dir='ltr'><strong>aliquosu-</strong></span> 
     </span>
     <span class='ocr_line' id='line_1_43' title="bbox 223 3898 1995 3981; baseline 0.002 -21"><span class='ocrx_word' id='word_1_545' title='bbox 223 3898 732 3980; x_wconf 75' lang='lat' dir='ltr'><strong>contentus,larsbatpersingulos</strong></span> <span class='ocrx_word' id='word_1_546' title='bbox 744 3899 1089 3972; x_wconf 89' lang='lat' dir='ltr'><strong>noctcslectumsuom,</strong></span> <span class='ocrx_word' id='word_1_547' title='bbox 1134 3907 1173 3968; x_wconf 87' lang='lat' dir='ltr'><strong>tis</strong></span> <span class='ocrx_word' id='word_1_548' title='bbox 1189 3911 1233 3968; x_wconf 83' lang='lat' dir='ltr'><strong>cst</strong></span> <span class='ocrx_word' id='word_1_549' title='bbox 1247 3904 1417 3981; x_wconf 63' lang='lat' dir='ltr'><strong>cursitasse.</strong></span> <span class='ocrx_word' id='word_1_550' title='bbox 1435 3903 1679 3979; x_wconf 71' lang='lat' dir='ltr'><strong>satisfactiones</strong></span> <span class='ocrx_word' id='word_1_551' title='bbox 1700 3905 1942 3966; x_wconf 83' lang='lat' dir='ltr'><strong>monachorum</strong></span> <span class='ocrx_word' id='word_1_552' title='bbox 1954 3903 1995 3964; x_wconf 91' lang='lat' dir='ltr'><strong>oh·</strong></span> 
     </span>
     <span class='ocr_line' id='line_1_44' title="bbox 228 3982 1996 4065; baseline 0.002 -21"><span class='ocrx_word' id='word_1_553' title='bbox 228 3989 259 4044; x_wconf 91' lang='lat' dir='ltr'><strong>el</strong></span> <span class='ocrx_word' id='word_1_554' title='bbox 274 3983 454 4046; x_wconf 82' lang='lat' dir='ltr'><strong>humiliabat</strong></span> <span class='ocrx_word' id='word_1_555' title='bbox 468 3985 498 4045; x_wconf 92' lang='lat' dir='ltr'><strong>in</strong></span> <span class='ocrx_word' id='word_1_556' title='bbox 512 3982 632 4062; x_wconf 83' lang='lat' dir='ltr'><strong>jejunio</strong></span> <span class='ocrx_word' id='word_1_557' title='bbox 646 3985 777 4044; x_wconf 87' lang='lat' dir='ltr'><strong>animum</strong></span> <span class='ocrx_word' id='word_1_558' title='bbox 802 3997 901 4053; x_wconf 86' lang='lat' dir='ltr'><strong>suem,</strong></span> <span class='ocrx_word' id='word_1_559' title='bbox 926 3988 957 4042; x_wconf 90' lang='lat' dir='ltr'><strong>el</strong></span> <span class='ocrx_word' id='word_1_560' title='bbox 979 3998 1089 4061; x_wconf 87' lang='lat' dir='ltr'><strong>ponem</strong></span> <span class='ocrx_word' id='word_1_561' title='bbox 1132 3989 1378 4064; x_wconf 78' lang='lat' dir='ltr'><strong>scurcnitepem</strong></span> <span class='ocrx_word' id='word_1_562' title='bbox 1395 3993 1423 4048; x_wconf 87' lang='lat' dir='ltr'><strong>cl</strong></span> <span class='ocrx_word' id='word_1_563' title='bbox 1438 3989 1656 4065; x_wconf 79' lang='lat' dir='ltr'><strong>euonpelium,</strong></span> <span class='ocrx_word' id='word_1_564' title='bbox 1673 3991 1702 4048; x_wconf 90' lang='lat' dir='ltr'><strong>et</strong></span> <span class='ocrx_word' id='word_1_565' title='bbox 1731 3987 1939 4064; x_wconf 76' lang='lat' dir='ltr'><strong>crnplilioant</strong></span> <span class='ocrx_word' id='word_1_566' title='bbox 1956 3987 1996 4048; x_wconf 89' lang='lat' dir='ltr'><strong>di·</strong></span> 
     </span>
     <span class='ocr_line' id='line_1_45' title="bbox 226 4064 1996 4148; baseline 0.002 -23"><span class='ocrx_word' id='word_1_567' title='bbox 226 4064 309 4127; x_wconf 87' lang='lat' dir='ltr'><strong>sicut</strong></span> <span class='ocrx_word' id='word_1_568' title='bbox 323 4068 460 4128; x_wconf 88' lang='lat' dir='ltr'><strong>cinerem</strong></span> <span class='ocrx_word' id='word_1_569' title='bbox 476 4064 691 4145; x_wconf 68' lang='lat' dir='ltr'><strong>manducabam</strong></span> <span class='ocrx_word' id='word_1_570' title='bbox 705 4072 737 4128; x_wconf 91' lang='lat' dir='ltr'><strong>ut</strong></span> <span class='ocrx_word' id='word_1_571' title='bbox 751 4065 820 4145; x_wconf 92' lang='lat' dir='ltr'><strong>ipsc</strong></span> <span class='ocrx_word' id='word_1_572' title='bbox 835 4064 874 4125; x_wconf 92' lang='lat' dir='ltr'><strong>de</strong></span> <span class='ocrx_word' id='word_1_573' title='bbox 900 4079 935 4126; x_wconf 91' lang='lat' dir='ltr'><strong>se</strong></span> <span class='ocrx_word' id='word_1_574' title='bbox 951 4064 981 4126; x_wconf 91' lang='lat' dir='ltr'><strong>in</strong></span> <span class='ocrx_word' id='word_1_575' title='bbox 1010 4066 1091 4144; x_wconf 88' lang='lat' dir='ltr'><strong>psol·</strong></span> <span class='ocrx_word' id='word_1_576' title='bbox 1133 4072 1289 4147; x_wconf 80' lang='lat' dir='ltr'><strong>pnitctcm</strong></span> <span class='ocrx_word' id='word_1_577' title='bbox 1304 4071 1521 4132; x_wconf 80' lang='lat' dir='ltr'><strong>traditionum</strong></span> <span class='ocrx_word' id='word_1_578' title='bbox 1534 4067 1911 4148; x_wconf 74' lang='lat' dir='ltr'><strong>liumanarumztinriunt</strong></span> <span class='ocrx_word' id='word_1_579' title='bbox 1923 4072 1996 4131; x_wconf 85' lang='lat' dir='ltr'><strong>enin</strong></span> 
     </span>
     <span class='ocr_line' id='line_1_46' title="bbox 224 4147 1998 4232; baseline 0.002 -23"><span class='ocrx_word' id='word_1_580' title='bbox 224 4148 284 4210; x_wconf 91' lang='lat' dir='ltr'><strong>mis</strong></span> <span class='ocrx_word' id='word_1_581' title='bbox 298 4149 443 4227; x_wconf 83' lang='lat' dir='ltr'><strong>loquitur:</strong></span> <span class='ocrx_word' id='word_1_582' title='bbox 460 4155 493 4211; x_wconf 88' lang='lat' dir='ltr'><strong>ut</strong></span> <span class='ocrx_word' id='word_1_583' title='bbox 506 4151 642 4210; x_wconf 87' lang='lat' dir='ltr'><strong>omittam</strong></span> <span class='ocrx_word' id='word_1_584' title='bbox 658 4148 830 4210; x_wconf 86' lang='lat' dir='ltr'><strong>testimonia</strong></span> <span class='ocrx_word' id='word_1_585' title='bbox 843 4147 1032 4225; x_wconf 85' lang='lat' dir='ltr'><strong>Patruan,qui</strong></span> <span class='ocrx_word' id='word_1_586' title='bbox 1045 4149 1090 4210; x_wconf 92' lang='lat' dir='ltr'><strong>di·</strong></span> <span class='ocrx_word' id='word_1_587' title='bbox 1133 4157 1172 4216; x_wconf 89' lang='lat' dir='ltr'><strong>in</strong></span> <span class='ocrx_word' id='word_1_588' title='bbox 1187 4153 1466 4229; x_wconf 75' lang='lat' dir='ltr'><strong>Satisiactionibus</strong></span> <span class='ocrx_word' id='word_1_589' title='bbox 1481 4153 1610 4232; x_wconf 84' lang='lat' dir='ltr'><strong>aliquid</strong></span> <span class='ocrx_word' id='word_1_590' title='bbox 1632 4151 1775 4229; x_wconf 86' lang='lat' dir='ltr'><strong>amplius</strong></span> <span class='ocrx_word' id='word_1_591' title='bbox 1795 4152 1894 4230; x_wconf 71' lang='lat' dir='ltr'><strong>fieri.</strong></span> <span class='ocrx_word' id='word_1_592' title='bbox 1916 4169 1998 4228; x_wconf 80' lang='lat' dir='ltr'><strong>maon</strong></span> 
     </span>
     <span class='ocr_line' id='line_1_47' title="bbox 226 4229 1998 4315; baseline 0.003 -24"><span class='ocrx_word' id='word_1_593' title='bbox 226 4231 429 4294; x_wconf 85' lang='lat' dir='ltr'><strong>sertisrerbis</strong></span> <span class='ocrx_word' id='word_1_594' title='bbox 440 4236 601 4308; x_wconf 87' lang='lat' dir='ltr'><strong>testantur,</strong></span> <span class='ocrx_word' id='word_1_595' title='bbox 614 4232 670 4310; x_wconf 92' lang='lat' dir='ltr'><strong>per</strong></span> <span class='ocrx_word' id='word_1_596' title='bbox 681 4245 778 4309; x_wconf 19' lang='lat' dir='ltr'><strong>operc-</strong></span> <span class='ocrx_word' id='word_1_597' title='bbox 787 4230 984 4293; x_wconf 89' lang='lat' dir='ltr'><strong>Poeniteuine</strong></span> <span class='ocrx_word' id='word_1_598' title='bbox 994 4229 1091 4293; x_wconf 87' lang='lat' dir='ltr'><strong>iteum</strong></span> <span class='ocrx_word' id='word_1_599' title='bbox 1135 4237 1238 4312; x_wconf 73' lang='lat' dir='ltr'><strong>lenem</strong></span> <span class='ocrx_word' id='word_1_600' title='bbox 1253 4237 1321 4311; x_wconf 79' lang='lat' dir='ltr'><strong>liei·</strong></span> <span class='ocrx_word' id='word_1_601' title='bbox 1336 4236 1507 4298; x_wconf 88' lang='lat' dir='ltr'><strong>somniant</strong></span> <span class='ocrx_word' id='word_1_602' title='bbox 1525 4235 1660 4315; x_wconf 83' lang='lat' dir='ltr'><strong>reliquis</strong></span> <span class='ocrx_word' id='word_1_603' title='bbox 1686 4234 1845 4311; x_wconf 83' lang='lat' dir='ltr'><strong>operibus</strong></span> <span class='ocrx_word' id='word_1_604' title='bbox 1874 4237 1935 4314; x_wconf 83' lang='lat' dir='ltr'><strong>lcpi</strong></span> <span class='ocrx_word' id='word_1_605' title='bbox 1954 4234 1998 4296; x_wconf 86' lang='lat' dir='ltr'><strong>liei</strong></span> 
     </span>
     <span class='ocr_line' id='line_1_48' title="bbox 226 4313 1997 4394; baseline 0.003 -20"><span class='ocrx_word' id='word_1_606' title='bbox 226 4329 298 4375; x_wconf 88' lang='lat' dir='ltr'><strong>esse</strong></span> <span class='ocrx_word' id='word_1_607' title='bbox 314 4315 617 4393; x_wconf 81' lang='lat' dir='ltr'><strong>placandumatque</strong></span> <span class='ocrx_word' id='word_1_608' title='bbox 633 4314 676 4375; x_wconf 90' lang='lat' dir='ltr'><strong>itii</strong></span> <span class='ocrx_word' id='word_1_609' title='bbox 691 4315 884 4393; x_wconf 89' lang='lat' dir='ltr'><strong>potissimum</strong></span> <span class='ocrx_word' id='word_1_610' title='bbox 901 4313 1091 4375; x_wconf 86' lang='lat' dir='ltr'><strong>sotislcclcn·</strong></span> <span class='ocrx_word' id='word_1_611' title='bbox 1134 4319 1337 4394; x_wconf 71' lang='lat' dir='ltr'><strong>satisfactam</strong></span> <span class='ocrx_word' id='word_1_612' title='bbox 1352 4333 1429 4382; x_wconf 87' lang='lat' dir='ltr'><strong>csse.</strong></span> <span class='ocrx_word' id='word_1_613' title='bbox 1448 4315 1575 4380; x_wconf 81' lang='lat' dir='ltr'><strong>Necesse</strong></span> <span class='ocrx_word' id='word_1_614' title='bbox 1596 4324 1640 4380; x_wconf 87' lang='lat' dir='ltr'><strong>est</strong></span> <span class='ocrx_word' id='word_1_615' title='bbox 1661 4323 1771 4379; x_wconf 85' lang='lat' dir='ltr'><strong>cutem</strong></span> <span class='ocrx_word' id='word_1_616' title='bbox 1794 4318 1838 4380; x_wconf 85' lang='lat' dir='ltr'><strong>in</strong></span> <span class='ocrx_word' id='word_1_617' title='bbox 1867 4319 1997 4380; x_wconf 76' lang='lat' dir='ltr'><strong>Ecclesia</strong></span> 
     </span>
     <span class='ocr_line' id='line_1_49' title="bbox 229 4398 2001 4478; baseline -0.008 -5"><span class='ocrx_word' id='word_1_618' title='bbox 229 4398 316 4472; x_wconf 69' lang='lat' dir='ltr'><strong>‘lumi</strong></span> <span class='ocrx_word' id='word_1_619' title='bbox 333 4413 412 4477; x_wconf 73' lang='lat' dir='ltr'><strong>(lulli</strong></span> <span class='ocrx_word' id='word_1_620' title='bbox 429 4398 602 4458; x_wconf 72' lang='lat' dir='ltr'><strong>¹0⁸ll¹¹t⁰l¹ii</strong></span> <span class='ocrx_word' id='word_1_621' title='bbox 618 4413 710 4476; x_wconf 68' lang='lat' dir='ltr'><strong>Silili</strong></span> <span class='ocrx_word' id='word_1_622' title='bbox 725 4399 897 4475; x_wconf 73' lang='lat' dir='ltr'><strong>Posuimus·</strong></span> <span class='ocrx_word' id='word_1_623' title='bbox 1136 4410 1265 4465; x_wconf 76' lang='lat' dir='ltr'><strong>castore</strong></span> <span class='ocrx_word' id='word_1_624' title='bbox 1281 4401 1366 4464; x_wconf 89' lang='lat' dir='ltr'><strong>banc</strong></span> <span class='ocrx_word' id='word_1_625' title='bbox 1382 4401 1669 4478; x_wconf 76' lang='lat' dir='ltr'><strong>doctrinamquod</strong></span> <span class='ocrx_word' id='word_1_626' title='bbox 1682 4401 1720 4462; x_wconf 86' lang='lat' dir='ltr'><strong>in</strong></span> <span class='ocrx_word' id='word_1_627' title='bbox 1734 4400 1797 4461; x_wconf 88' lang='lat' dir='ltr'><strong>boc</strong></span> <span class='ocrx_word' id='word_1_628' title='bbox 1813 4403 1890 4464; x_wconf 88' lang='lat' dir='ltr'><strong>uita</strong></span> <span class='ocrx_word' id='word_1_629' title='bbox 1902 4401 2001 4477; x_wconf 85' lang='lat' dir='ltr'><strong>proed</strong></span> 
     </span>
     <span class='ocr_line' id='line_1_50' title="bbox 269 4478 2000 4561; baseline -0.001 -22"><span class='ocrx_word' id='word_1_630' title='bbox 269 4480 404 4544; x_wconf 81' lang='lat' dir='ltr'><strong>alierum</strong></span> <span class='ocrx_word' id='word_1_631' title='bbox 420 4479 554 4558; x_wconf 89' lang='lat' dir='ltr'><strong>Philippi</strong></span> <span class='ocrx_word' id='word_1_632' title='bbox 569 4487 782 4557; x_wconf 78' lang='lat' dir='ltr'><strong>argumentum</strong></span> <span class='ocrx_word' id='word_1_633' title='bbox 797 4484 917 4540; x_wconf 88' lang='lat' dir='ltr'><strong>constat</strong></span> <span class='ocrx_word' id='word_1_634' title='bbox 941 4495 980 4541; x_wconf 80' lang='lat' dir='ltr'><strong>ex</strong></span> <span class='ocrx_word' id='word_1_635' title='bbox 1001 4478 1093 4541; x_wconf 84' lang='lat' dir='ltr'><strong>acriis</strong></span> <span class='ocrx_word' id='word_1_636' title='bbox 1137 4485 1244 4547; x_wconf 83' lang='lat' dir='ltr'><strong>absint</strong></span> <span class='ocrx_word' id='word_1_637' title='bbox 1265 4487 1362 4546; x_wconf 90' lang='lat' dir='ltr'><strong>etiam</strong></span> <span class='ocrx_word' id='word_1_638' title='bbox 1382 4485 1492 4546; x_wconf 84' lang='lat' dir='ltr'><strong>renati</strong></span> <span class='ocrx_word' id='word_1_639' title='bbox 1513 4499 1534 4543; x_wconf 91' lang='lat' dir='ltr'><strong>a</strong></span> <span class='ocrx_word' id='word_1_640' title='bbox 1552 4483 1747 4561; x_wconf 70' lang='lat' dir='ltr'><strong>portentione</strong></span> <span class='ocrx_word' id='word_1_641' title='bbox 1769 4482 1869 4558; x_wconf 80' lang='lat' dir='ltr'><strong>lepis.</strong></span> <span class='ocrx_word' id='word_1_642' title='bbox 1895 4483 2000 4545; x_wconf 63' lang='lat' dir='ltr'><strong>Panda</strong></span> 
     </span>
     <span class='ocr_line' id='line_1_51' title="bbox 227 4559 2003 4645; baseline 0.003 -23"><span class='ocrx_word' id='word_1_643' title='bbox 227 4563 360 4636; x_wconf 78' lang='lat' dir='ltr'><strong>caussis,</strong></span> <span class='ocrx_word' id='word_1_644' title='bbox 378 4564 492 4644; x_wconf 81' lang='lat' dir='ltr'><strong>quibus</strong></span> <span class='ocrx_word' id='word_1_645' title='bbox 508 4561 590 4624; x_wconf 81' lang='lat' dir='ltr'><strong>Peos</strong></span> <span class='ocrx_word' id='word_1_646' title='bbox 606 4565 635 4623; x_wconf 90' lang='lat' dir='ltr'><strong>iu</strong></span> <span class='ocrx_word' id='word_1_647' title='bbox 651 4563 711 4623; x_wconf 91' lang='lat' dir='ltr'><strong>boc</strong></span> <span class='ocrx_word' id='word_1_648' title='bbox 727 4562 841 4624; x_wconf 88' lang='lat' dir='ltr'><strong>mundo</strong></span> <span class='ocrx_word' id='word_1_649' title='bbox 857 4559 961 4640; x_wconf 68' lang='lat' dir='ltr'><strong>oblinit</strong></span> <span class='ocrx_word' id='word_1_650' title='bbox 985 4561 1092 4624; x_wconf 79' lang='lat' dir='ltr'><strong>Ecule-</strong></span> <span class='ocrx_word' id='word_1_651' title='bbox 1137 4568 1313 4630; x_wconf 80' lang='lat' dir='ltr'><strong>obscurant</strong></span> <span class='ocrx_word' id='word_1_652' title='bbox 1328 4567 1543 4644; x_wconf 79' lang='lat' dir='ltr'><strong>eoanpelicm,</strong></span> <span class='ocrx_word' id='word_1_653' title='bbox 1560 4567 1641 4645; x_wconf 86' lang='lat' dir='ltr'><strong>quia</strong></span> <span class='ocrx_word' id='word_1_654' title='bbox 1655 4563 1793 4643; x_wconf 69' lang='lat' dir='ltr'><strong>innunt,</strong></span> <span class='ocrx_word' id='word_1_655' title='bbox 1808 4571 2003 4629; x_wconf 77' lang='lat' dir='ltr'><strong>mortemar·</strong></span> 
     </span>
     <span class='ocr_line' id='line_1_52' title="bbox 228 4645 2002 4728; baseline 0.002 -25"><span class='ocrx_word' id='word_1_656' title='bbox 228 4645 393 4708; x_wconf 78' lang='lat' dir='ltr'><strong>siaonilam</strong></span> <span class='ocrx_word' id='word_1_657' title='bbox 410 4654 608 4724; x_wconf 85' lang='lat' dir='ltr'><strong>posteaquam</strong></span> <span class='ocrx_word' id='word_1_658' title='bbox 625 4646 814 4706; x_wconf 88' lang='lat' dir='ltr'><strong>enumerarit</strong></span> <span class='ocrx_word' id='word_1_659' title='bbox 827 4645 936 4706; x_wconf 90' lang='lat' dir='ltr'><strong>deccm</strong></span> <span class='ocrx_word' id='word_1_660' title='bbox 953 4661 1092 4716; x_wconf 88' lang='lat' dir='ltr'><strong>caussas,</strong></span> <span class='ocrx_word' id='word_1_661' title='bbox 1138 4657 1265 4714; x_wconf 81' lang='lat' dir='ltr'><strong>ternam</strong></span> <span class='ocrx_word' id='word_1_662' title='bbox 1279 4657 1391 4713; x_wconf 86' lang='lat' dir='ltr'><strong>nostro</strong></span> <span class='ocrx_word' id='word_1_663' title='bbox 1405 4650 1666 4728; x_wconf 83' lang='lat' dir='ltr'><strong>compensatione</strong></span> <span class='ocrx_word' id='word_1_664' title='bbox 1681 4648 1819 4715; x_wconf 84' lang='lat' dir='ltr'><strong>aboleri,</strong></span> <span class='ocrx_word' id='word_1_665' title='bbox 1840 4651 1946 4711; x_wconf 85' lang='lat' dir='ltr'><strong>imma</strong></span> <span class='ocrx_word' id='word_1_666' title='bbox 1963 4651 2002 4709; x_wconf 88' lang='lat' dir='ltr'><strong>in·</strong></span> 
     </span>
     <span class='ocr_line' id='line_1_53' title="bbox 228 4727 2004 4811; baseline 0.003 -25"><span class='ocrx_word' id='word_1_667' title='bbox 228 4727 267 4787; x_wconf 87' lang='lat' dir='ltr'><strong>iia</strong></span> <span class='ocrx_word' id='word_1_668' title='bbox 283 4729 453 4792; x_wconf 88' lang='lat' dir='ltr'><strong>concludit:</strong></span> <span class='ocrx_word' id='word_1_669' title='bbox 473 4728 669 4791; x_wconf 81' lang='lat' dir='ltr'><strong>omittantur</strong></span> <span class='ocrx_word' id='word_1_670' title='bbox 687 4744 763 4807; x_wconf 83' lang='lat' dir='ltr'><strong>erpo</strong></span> <span class='ocrx_word' id='word_1_671' title='bbox 788 4727 920 4806; x_wconf 74' lang='lat' dir='ltr'><strong>fabulae</strong></span> <span class='ocrx_word' id='word_1_672' title='bbox 945 4729 986 4791; x_wconf 86' lang='lat' dir='ltr'><strong>de</strong></span> <span class='ocrx_word' id='word_1_673' title='bbox 1009 4743 1093 4791; x_wconf 91' lang='lat' dir='ltr'><strong>com·</strong></span> <span class='ocrx_word' id='word_1_674' title='bbox 1138 4735 1225 4796; x_wconf 87' lang='lat' dir='ltr'><strong>docti</strong></span> <span class='ocrx_word' id='word_1_675' title='bbox 1236 4735 1332 4811; x_wconf 75' lang='lat' dir='ltr'><strong>facilc</strong></span> <span class='ocrx_word' id='word_1_676' title='bbox 1347 4732 1546 4807; x_wconf 79' lang='lat' dir='ltr'><strong>transierant</strong></span> <span class='ocrx_word' id='word_1_677' title='bbox 1572 4730 1817 4808; x_wconf 75' lang='lat' dir='ltr'><strong>Satisfoctiones</strong></span> <span class='ocrx_word' id='word_1_678' title='bbox 1847 4734 1950 4796; x_wconf 84' lang='lat' dir='ltr'><strong>etiam</strong></span> <span class='ocrx_word' id='word_1_679' title='bbox 1968 4731 2004 4792; x_wconf 86' lang='lat' dir='ltr'><strong>od</strong></span> 
     </span>
     <span class='ocr_line' id='line_1_54' title="bbox 224 4810 2004 4892; baseline 0.002 -21"><span class='ocrx_word' id='word_1_680' title='bbox 224 4813 419 4888; x_wconf 83' lang='lat' dir='ltr'><strong>pensatione</strong></span> <span class='ocrx_word' id='word_1_681' title='bbox 431 4811 627 4891; x_wconf 69' lang='lat' dir='ltr'><strong>porcator-ii,</strong></span> <span class='ocrx_word' id='word_1_682' title='bbox 643 4828 729 4892; x_wconf 84' lang='lat' dir='ltr'><strong>quoe</strong></span> <span class='ocrx_word' id='word_1_683' title='bbox 752 4810 848 4873; x_wconf 88' lang='lat' dir='ltr'><strong>nulla</strong></span> <span class='ocrx_word' id='word_1_684' title='bbox 872 4810 991 4873; x_wconf 86' lang='lat' dir='ltr'><strong>bahent</strong></span> <span class='ocrx_word' id='word_1_685' title='bbox 1011 4813 1093 4874; x_wconf 84' lang='lat' dir='ltr'><strong>testi·</strong></span> <span class='ocrx_word' id='word_1_686' title='bbox 1136 4817 1359 4879; x_wconf 69' lang='lat' dir='ltr'><strong>comunionem</strong></span> <span class='ocrx_word' id='word_1_687' title='bbox 1373 4816 1501 4892; x_wconf 85' lang='lat' dir='ltr'><strong>cnlpae.</strong></span> <span class='ocrx_word' id='word_1_688' title='bbox 1521 4815 1620 4878; x_wconf 79' lang='lat' dir='ltr'><strong>lertio</strong></span> <span class='ocrx_word' id='word_1_689' title='bbox 1635 4810 1843 4886; x_wconf 76' lang='lat' dir='ltr'><strong>arnolidccnt</strong></span> <span class='ocrx_word' id='word_1_690' title='bbox 1869 4816 2004 4876; x_wconf 79' lang='lat' dir='ltr'><strong>traditio</strong></span> 
     </span>
     <span class='ocr_line' id='line_1_55' title="bbox 226 4894 2004 4975; baseline 0.002 -21"><span class='ocrx_word' id='word_1_691' title='bbox 226 4895 341 4956; x_wconf 92' lang='lat' dir='ltr'><strong>monia</strong></span> <span class='ocrx_word' id='word_1_692' title='bbox 352 4895 392 4958; x_wconf 87' lang='lat' dir='ltr'><strong>in</strong></span> <span class='ocrx_word' id='word_1_693' title='bbox 405 4894 574 4974; x_wconf 84' lang='lat' dir='ltr'><strong>Scriptura</strong></span> <span class='ocrx_word' id='word_1_694' title='bbox 585 4895 775 4973; x_wconf 79' lang='lat' dir='ltr'><strong>prophetica</strong></span> <span class='ocrx_word' id='word_1_695' title='bbox 802 4899 831 4956; x_wconf 88' lang='lat' dir='ltr'><strong>et</strong></span> <span class='ocrx_word' id='word_1_696' title='bbox 855 4894 1045 4972; x_wconf 88' lang='lat' dir='ltr'><strong>apostolica,</strong></span> <span class='ocrx_word' id='word_1_697' title='bbox 1067 4900 1097 4956; x_wconf 88' lang='lat' dir='ltr'><strong>cl</strong></span> <span class='ocrx_word' id='word_1_698' title='bbox 1137 4915 1195 4962; x_wconf 89' lang='lat' dir='ltr'><strong>nes</strong></span> <span class='ocrx_word' id='word_1_699' title='bbox 1209 4900 1384 4975; x_wconf 65' lang='lat' dir='ltr'><strong>humanos</strong></span> <span class='ocrx_word' id='word_1_700' title='bbox 1400 4897 1566 4975; x_wconf 70' lang='lat' dir='ltr'><strong>definiant</strong></span> <span class='ocrx_word' id='word_1_701' title='bbox 1580 4898 1668 4958; x_wconf 82' lang='lat' dir='ltr'><strong>enirn</strong></span> <span class='ocrx_word' id='word_1_702' title='bbox 1683 4895 1937 4972; x_wconf 74' lang='lat' dir='ltr'><strong>Satislcctiones</strong></span> <span class='ocrx_word' id='word_1_703' title='bbox 1951 4911 2004 4958; x_wconf 74' lang='lat' dir='ltr'><strong>essr</strong></span> 
     </span>
     <span class='ocr_line' id='line_1_56' title="bbox 226 4977 2003 5062; baseline 0.001 -26"><span class='ocrx_word' id='word_1_704' title='bbox 226 4977 406 5056; x_wconf 78' lang='lat' dir='ltr'><strong>copitentur</strong></span> <span class='ocrx_word' id='word_1_705' title='bbox 420 4978 508 5040; x_wconf 87' lang='lat' dir='ltr'><strong>aliae</strong></span> <span class='ocrx_word' id='word_1_706' title='bbox 521 4977 661 5057; x_wconf 74' lang='lat' dir='ltr'><strong>majores</strong></span> <span class='ocrx_word' id='word_1_707' title='bbox 676 4978 1098 5048; x_wconf 72' lang='lat' dir='ltr'><strong>carmsaecalomitotumnt</strong></span> <span class='ocrx_word' id='word_1_708' title='bbox 1141 4998 1241 5062; x_wconf 88' lang='lat' dir='ltr'><strong>opero</strong></span> <span class='ocrx_word' id='word_1_709' title='bbox 1254 4997 1323 5045; x_wconf 87' lang='lat' dir='ltr'><strong>nan</strong></span> <span class='ocrx_word' id='word_1_710' title='bbox 1337 4982 1456 5050; x_wconf 87' lang='lat' dir='ltr'><strong>debita,</strong></span> <span class='ocrx_word' id='word_1_711' title='bbox 1481 4981 1539 5043; x_wconf 83' lang='lat' dir='ltr'><strong>icoc</strong></span> <span class='ocrx_word' id='word_1_712' title='bbox 1563 4985 1618 5046; x_wconf 84' lang='lat' dir='ltr'><strong>est.</strong></span> <span class='ocrx_word' id='word_1_713' title='bbox 1645 4981 1878 5042; x_wconf 85' lang='lat' dir='ltr'><strong>coeremonias</strong></span> <span class='ocrx_word' id='word_1_714' title='bbox 1903 4981 2003 5042; x_wconf 85' lang='lat' dir='ltr'><strong>buma-</strong></span> 
     </span>
     <span class='ocr_line' id='line_1_57' title="bbox 224 5058 2007 5144; baseline 0.001 -26"><span class='ocrx_word' id='word_1_715' title='bbox 224 5058 313 5120; x_wconf 85' lang='lat' dir='ltr'><strong>c&#39;ram</strong></span> <span class='ocrx_word' id='word_1_716' title='bbox 327 5060 384 5123; x_wconf 82' lang='lat' dir='ltr'><strong>liei</strong></span> <span class='ocrx_word' id='word_1_717' title='bbox 397 5076 612 5139; x_wconf 82' lang='lat' dir='ltr'><strong>opnoscomus</strong></span> <span class='ocrx_word' id='word_1_718' title='bbox 640 5066 670 5124; x_wconf 86' lang='lat' dir='ltr'><strong>et</strong></span> <span class='ocrx_word' id='word_1_719' title='bbox 690 5077 955 5140; x_wconf 74' lang='lat' dir='ltr'><strong>expavescentem,</strong></span> <span class='ocrx_word' id='word_1_720' title='bbox 972 5066 1001 5122; x_wconf 88' lang='lat' dir='ltr'><strong>et</strong></span> <span class='ocrx_word' id='word_1_721' title='bbox 1022 5077 1093 5123; x_wconf 83' lang='lat' dir='ltr'><strong>rur·</strong></span> <span class='ocrx_word' id='word_1_722' title='bbox 1141 5081 1215 5140; x_wconf 88' lang='lat' dir='ltr'><strong>nas,</strong></span> <span class='ocrx_word' id='word_1_723' title='bbox 1231 5071 1391 5128; x_wconf 85' lang='lat' dir='ltr'><strong>certorum</strong></span> <span class='ocrx_word' id='word_1_724' title='bbox 1407 5065 1536 5126; x_wconf 82' lang='lat' dir='ltr'><strong>dianam</strong></span> <span class='ocrx_word' id='word_1_725' title='bbox 1543 5061 1861 5144; x_wconf 68' lang='lat' dir='ltr'><strong>jeiuniccertoanm</strong></span> <span class='ocrx_word' id='word_1_726' title='bbox 1873 5061 2007 5125; x_wconf 78' lang='lat' dir='ltr'><strong>sabama</strong></span> 
     </span>
     <span class='ocr_line' id='line_1_58' title="bbox 224 5139 2006 5222; baseline 0.002 -22"><span class='ocrx_word' id='word_1_727' title='bbox 224 5155 299 5205; x_wconf 87' lang='lat' dir='ltr'><strong>sum</strong></span> <span class='ocrx_word' id='word_1_728' title='bbox 311 5157 423 5206; x_wconf 84' lang='lat' dir='ltr'><strong>aeram</strong></span> <span class='ocrx_word' id='word_1_729' title='bbox 436 5139 691 5210; x_wconf 84' lang='lat' dir='ltr'><strong>consolationem</strong></span> <span class='ocrx_word' id='word_1_730' title='bbox 701 5143 796 5206; x_wconf 87' lang='lat' dir='ltr'><strong>nobis</strong></span> <span class='ocrx_word' id='word_1_731' title='bbox 804 5149 1040 5222; x_wconf 82' lang='lat' dir='ltr'><strong>proponamos.</strong></span> <span class='ocrx_word' id='word_1_732' title='bbox 1141 5149 1548 5216; x_wconf 81' lang='lat' dir='ltr'><strong>abstinentiamcertarnm</strong></span> <span class='ocrx_word' id='word_1_733' title='bbox 1557 5160 1694 5222; x_wconf 88' lang='lat' dir='ltr'><strong>precum</strong></span> <span class='ocrx_word' id='word_1_734' title='bbox 1705 5145 1897 5208; x_wconf 86' lang='lat' dir='ltr'><strong>lectionem.</strong></span> <span class='ocrx_word' id='word_1_735' title='bbox 1912 5145 2006 5208; x_wconf 79' lang='lat' dir='ltr'><strong>deses·</strong></span> 
     </span>
     <span class='ocr_line' id='line_1_59' title="bbox 269 5223 2006 5306; baseline 0.001 -22"><span class='ocrx_word' id='word_1_736' title='bbox 269 5223 468 5303; x_wconf 76' lang='lat' dir='ltr'><strong>despondeo:</strong></span> <span class='ocrx_word' id='word_1_737' title='bbox 484 5226 586 5289; x_wconf 86' lang='lat' dir='ltr'><strong>llultis</strong></span> <span class='ocrx_word' id='word_1_738' title='bbox 608 5228 709 5290; x_wconf 89' lang='lat' dir='ltr'><strong>modis</strong></span> <span class='ocrx_word' id='word_1_739' title='bbox 734 5233 952 5306; x_wconf 77' lang='lat' dir='ltr'><strong>argumentum</strong></span> <span class='ocrx_word' id='word_1_740' title='bbox 971 5232 1091 5305; x_wconf 85' lang='lat' dir='ltr'><strong>peccel.</strong></span> <span class='ocrx_word' id='word_1_741' title='bbox 1138 5249 1172 5294; x_wconf 91' lang='lat' dir='ltr'><strong>sc</strong></span> <span class='ocrx_word' id='word_1_742' title='bbox 1192 5238 1237 5294; x_wconf 87' lang='lat' dir='ltr'><strong>est</strong></span> <span class='ocrx_word' id='word_1_743' title='bbox 1260 5235 1370 5293; x_wconf 84' lang='lat' dir='ltr'><strong>antoni</strong></span> <span class='ocrx_word' id='word_1_744' title='bbox 1392 5233 1431 5292; x_wconf 89' lang='lat' dir='ltr'><strong>in</strong></span> <span class='ocrx_word' id='word_1_745' title='bbox 1456 5229 1600 5290; x_wconf 77' lang='lat' dir='ltr'><strong>Ecclesia</strong></span> <span class='ocrx_word' id='word_1_746' title='bbox 1624 5233 1753 5290; x_wconf 78' lang='lat' dir='ltr'><strong>enotare</strong></span> <span class='ocrx_word' id='word_1_747' title='bbox 1780 5228 1874 5290; x_wconf 85' lang='lat' dir='ltr'><strong>banc</strong></span> <span class='ocrx_word' id='word_1_748' title='bbox 1901 5227 2006 5290; x_wconf 86' lang='lat' dir='ltr'><strong>doctri·</strong></span> 
     </span>
     <span class='ocr_line' id='line_1_60' title="bbox 225 5305 2002 5387; baseline 0.001 -19"><span class='ocrx_word' id='word_1_749' title='bbox 225 5305 372 5387; x_wconf 82' lang='lat' dir='ltr'><strong>Primum,</strong></span> <span class='ocrx_word' id='word_1_750' title='bbox 394 5327 455 5372; x_wconf 87' lang='lat' dir='ltr'><strong>aaa</strong></span> <span class='ocrx_word' id='word_1_751' title='bbox 481 5310 583 5372; x_wconf 88' lang='lat' dir='ltr'><strong>reddit</strong></span> <span class='ocrx_word' id='word_1_752' title='bbox 607 5326 750 5378; x_wconf 84' lang='lat' dir='ltr'><strong>caussam</strong></span> <span class='ocrx_word' id='word_1_753' title='bbox 775 5307 986 5377; x_wconf 82' lang='lat' dir='ltr'><strong>afflictionum,</strong></span> <span class='ocrx_word' id='word_1_754' title='bbox 1014 5326 1092 5387; x_wconf 87' lang='lat' dir='ltr'><strong>quas</strong></span> <span class='ocrx_word' id='word_1_755' title='bbox 1136 5325 1229 5376; x_wconf 85' lang='lat' dir='ltr'><strong>nom:</strong></span> <span class='ocrx_word' id='word_1_756' title='bbox 1259 5313 1394 5376; x_wconf 81' lang='lat' dir='ltr'><strong>Pmtstra</strong></span> <span class='ocrx_word' id='word_1_757' title='bbox 1418 5311 1528 5375; x_wconf 89' lang='lat' dir='ltr'><strong>colunt</strong></span> <span class='ocrx_word' id='word_1_758' title='bbox 1551 5327 1601 5372; x_wconf 91' lang='lat' dir='ltr'><strong>mc</strong></span> <span class='ocrx_word' id='word_1_759' title='bbox 1626 5310 1793 5372; x_wconf 86' lang='lat' dir='ltr'><strong>mandatis</strong></span> <span class='ocrx_word' id='word_1_760' title='bbox 1819 5311 2002 5373; x_wconf 85' lang='lat' dir='ltr'><strong>bominum.</strong></span> 
     </span>
     <span class='ocr_line' id='line_1_61' title="bbox 225 5389 2007 5472; baseline -0.003 -22"><span class='ocrx_word' id='word_1_761' title='bbox 225 5389 273 5450; x_wconf 85' lang='lat' dir='ltr'><strong>rel</strong></span> <span class='ocrx_word' id='word_1_762' title='bbox 289 5390 348 5468; x_wconf 92' lang='lat' dir='ltr'><strong>ipsi</strong></span> <span class='ocrx_word' id='word_1_763' title='bbox 365 5395 560 5468; x_wconf 87' lang='lat' dir='ltr'><strong>poenitentes</strong></span> <span class='ocrx_word' id='word_1_764' title='bbox 576 5399 687 5472; x_wconf 90' lang='lat' dir='ltr'><strong>sponte</strong></span> <span class='ocrx_word' id='word_1_765' title='bbox 702 5408 756 5455; x_wconf 87' lang='lat' dir='ltr'><strong>suo</strong></span> <span class='ocrx_word' id='word_1_766' title='bbox 773 5392 985 5460; x_wconf 85' lang='lat' dir='ltr'><strong>assumebant,</strong></span> <span class='ocrx_word' id='word_1_767' title='bbox 998 5398 1031 5455; x_wconf 90' lang='lat' dir='ltr'><strong>ut</strong></span> <span class='ocrx_word' id='word_1_768' title='bbox 1044 5391 1090 5453; x_wconf 87' lang='lat' dir='ltr'><strong>di·</strong></span> <span class='ocrx_word' id='word_1_769' title='bbox 1135 5399 1230 5470; x_wconf 84' lang='lat' dir='ltr'><strong>idest,</strong></span> <span class='ocrx_word' id='word_1_770' title='bbox 1255 5396 1491 5458; x_wconf 82' lang='lat' dir='ltr'><strong>obseruationes</strong></span> <span class='ocrx_word' id='word_1_771' title='bbox 1516 5395 1682 5458; x_wconf 84' lang='lat' dir='ltr'><strong>laumcnae</strong></span> <span class='ocrx_word' id='word_1_772' title='bbox 1706 5407 1775 5454; x_wconf 89' lang='lat' dir='ltr'><strong>nan</strong></span> <span class='ocrx_word' id='word_1_773' title='bbox 1798 5399 1886 5455; x_wconf 77' lang='lat' dir='ltr'><strong>aunt</strong></span> <span class='ocrx_word' id='word_1_774' title='bbox 1914 5395 2007 5454; x_wconf 76' lang='lat' dir='ltr'><strong>ratim</strong></span> 
     </span>
     <span class='ocr_line' id='line_1_62' title="bbox 224 5471 2007 5553; baseline 0.001 -22"><span class='ocrx_word' id='word_1_775' title='bbox 224 5471 349 5548; x_wconf 84' lang='lat' dir='ltr'><strong>nirilae,</strong></span> <span class='ocrx_word' id='word_1_776' title='bbox 365 5473 435 5545; x_wconf 86' lang='lat' dir='ltr'><strong>lob,</strong></span> <span class='ocrx_word' id='word_1_777' title='bbox 452 5475 544 5538; x_wconf 83' lang='lat' dir='ltr'><strong>band</strong></span> <span class='ocrx_word' id='word_1_778' title='bbox 571 5483 603 5538; x_wconf 90' lang='lat' dir='ltr'><strong>et</strong></span> <span class='ocrx_word' id='word_1_779' title='bbox 618 5477 729 5538; x_wconf 87' lang='lat' dir='ltr'><strong>caeleri</strong></span> <span class='ocrx_word' id='word_1_780' title='bbox 746 5476 793 5538; x_wconf 87' lang='lat' dir='ltr'><strong>rel</strong></span> <span class='ocrx_word' id='word_1_781' title='bbox 816 5473 956 5538; x_wconf 78' lang='lat' dir='ltr'><strong>Ecclesia</strong></span> <span class='ocrx_word' id='word_1_782' title='bbox 984 5476 1091 5553; x_wconf 91' lang='lat' dir='ltr'><strong>poeni·</strong></span> <span class='ocrx_word' id='word_1_783' title='bbox 1137 5479 1206 5550; x_wconf 80' lang='lat' dir='ltr'><strong>lici,</strong></span> <span class='ocrx_word' id='word_1_784' title='bbox 1223 5497 1261 5542; x_wconf 92' lang='lat' dir='ltr'><strong>ac</strong></span> <span class='ocrx_word' id='word_1_785' title='bbox 1276 5479 1376 5542; x_wconf 86' lang='lat' dir='ltr'><strong>mullo</strong></span> <span class='ocrx_word' id='word_1_786' title='bbox 1391 5480 1500 5541; x_wconf 85' lang='lat' dir='ltr'><strong>minas</strong></span> <span class='ocrx_word' id='word_1_787' title='bbox 1516 5476 1751 5540; x_wconf 86' lang='lat' dir='ltr'><strong>aestimationis</strong></span> <span class='ocrx_word' id='word_1_788' title='bbox 1766 5479 1941 5548; x_wconf 87' lang='lat' dir='ltr'><strong>tonlac,ut</strong></span> <span class='ocrx_word' id='word_1_789' title='bbox 1953 5477 2007 5537; x_wconf 86' lang='lat' dir='ltr'><strong>sint</strong></span> 
     </span>
     <span class='ocr_line' id='line_1_63' title="bbox 224 5555 1706 5642; baseline 0.008 -31"><span class='ocrx_word' id='word_1_790' title='bbox 224 5555 362 5618; x_wconf 86' lang='lat' dir='ltr'><strong>tentibus</strong></span> <span class='ocrx_word' id='word_1_791' title='bbox 376 5557 568 5638; x_wconf 70' lang='lat' dir='ltr'><strong>iniungebat,</strong></span> <span class='ocrx_word' id='word_1_792' title='bbox 585 5565 617 5620; x_wconf 89' lang='lat' dir='ltr'><strong>ut</strong></span> <span class='ocrx_word' id='word_1_793' title='bbox 631 5575 669 5620; x_wconf 82' lang='lat' dir='ltr'><strong>en</strong></span> <span class='ocrx_word' id='word_1_794' title='bbox 685 5565 726 5619; x_wconf 89' lang='lat' dir='ltr'><strong>tol</strong></span> <span class='ocrx_word' id='word_1_795' title='bbox 741 5558 883 5622; x_wconf 88' lang='lat' dir='ltr'><strong>conciliis</strong></span> <span class='ocrx_word' id='word_1_796' title='bbox 907 5575 999 5637; x_wconf 87' lang='lat' dir='ltr'><strong>supra</strong></span> <span class='ocrx_word' id='word_1_797' title='bbox 1023 5573 1092 5637; x_wconf 87' lang='lat' dir='ltr'><strong>pro·</strong></span> <span class='ocrx_word' id='word_1_798' title='bbox 1137 5565 1355 5642; x_wconf 78' lang='lat' dir='ltr'><strong>compescentia</strong></span> <span class='ocrx_word' id='word_1_799' title='bbox 1368 5575 1429 5640; x_wconf 85' lang='lat' dir='ltr'><strong>pao</strong></span> <span class='ocrx_word' id='word_1_800' title='bbox 1444 5569 1545 5622; x_wconf 81' lang='lat' dir='ltr'><strong>morte</strong></span> <span class='ocrx_word' id='word_1_801' title='bbox 1561 5567 1706 5621; x_wconf 86' lang='lat' dir='ltr'><strong>aeterna.</strong></span> 
     </span>
     <span class='ocr_line' id='line_1_64' title="bbox 224 5633 2008 5724; baseline -0.006 -12"><span class='ocrx_word' id='word_1_802' title='bbox 224 5633 378 5712; x_wconf 62' lang='lat' dir='ltr'><strong>ravimus</strong></span> <span class='ocrx_word' id='word_1_803' title='bbox 393 5641 448 5702; x_wconf 77' lang='lat' dir='ltr'><strong>sed</strong></span> <span class='ocrx_word' id='word_1_804' title='bbox 465 5657 569 5702; x_wconf 75' lang='lat' dir='ltr'><strong>aarum</strong></span> <span class='ocrx_word' id='word_1_805' title='bbox 584 5647 700 5702; x_wconf 81' lang='lat' dir='ltr'><strong>taniam</strong></span> <span class='ocrx_word' id='word_1_806' title='bbox 716 5659 793 5718; x_wconf 77' lang='lat' dir='ltr'><strong>rurs</strong></span> <span class='ocrx_word' id='word_1_807' title='bbox 807 5659 823 5702; x_wconf 81' lang='lat' dir='ltr'><strong>a</strong></span> <span class='ocrx_word' id='word_1_808' title='bbox 839 5641 902 5702; x_wconf 75' lang='lat' dir='ltr'><strong>aaa</strong></span> <span class='ocrx_word' id='word_1_809' title='bbox 923 5642 1091 5714; x_wconf 79' lang='lat' dir='ltr'><strong>immissas,</strong></span> <span class='ocrx_word' id='word_1_810' title='bbox 1181 5646 1378 5724; x_wconf 76' lang='lat' dir='ltr'><strong>uesperam:</strong></span> <span class='ocrx_word' id='word_1_811' title='bbox 1396 5643 1509 5706; x_wconf 82' lang='lat' dir='ltr'><strong>omitto</strong></span> <span class='ocrx_word' id='word_1_812' title='bbox 1524 5643 1606 5719; x_wconf 79' lang='lat' dir='ltr'><strong>ruas</strong></span> <span class='ocrx_word' id='word_1_813' title='bbox 1620 5641 1789 5703; x_wconf 73' lang='lat' dir='ltr'><strong>doctrinan</strong></span> <span class='ocrx_word' id='word_1_814' title='bbox 1813 5641 2008 5702; x_wconf 74' lang='lat' dir='ltr'><strong>canaonem.</strong></span> 
     </span>
     <span class='ocr_line' id='line_1_65' title="bbox 222 5717 2010 5810; baseline 0.003 -33"><span class='ocrx_word' id='word_1_815' title='bbox 222 5717 318 5782; x_wconf 74' lang='lat' dir='ltr'><strong>veiint</strong></span> <span class='ocrx_word' id='word_1_816' title='bbox 332 5721 443 5798; x_wconf 85' lang='lat' dir='ltr'><strong>nolint,</strong></span> <span class='ocrx_word' id='word_1_817' title='bbox 460 5722 601 5793; x_wconf 81' lang='lat' dir='ltr'><strong>lromiues</strong></span> <span class='ocrx_word' id='word_1_818' title='bbox 616 5724 746 5786; x_wconf 82' lang='lat' dir='ltr'><strong>tolerare</strong></span> <span class='ocrx_word' id='word_1_819' title='bbox 769 5731 932 5803; x_wconf 72' lang='lat' dir='ltr'><strong>coguntur.</strong></span> <span class='ocrx_word' id='word_1_820' title='bbox 952 5723 1016 5787; x_wconf 76' lang='lat' dir='ltr'><strong>iitsi</strong></span> <span class='ocrx_word' id='word_1_821' title='bbox 1040 5741 1093 5789; x_wconf 86' lang='lat' dir='ltr'><strong>su·</strong></span> <span class='ocrx_word' id='word_1_822' title='bbox 1135 5743 1195 5810; x_wconf 86' lang='lat' dir='ltr'><strong>per</strong></span> <span class='ocrx_word' id='word_1_823' title='bbox 1211 5735 1419 5808; x_wconf 89' lang='lat' dir='ltr'><strong>contemptum</strong></span> <span class='ocrx_word' id='word_1_824' title='bbox 1433 5725 1593 5807; x_wconf 85' lang='lat' dir='ltr'><strong>Philippus</strong></span> <span class='ocrx_word' id='word_1_825' title='bbox 1606 5723 1774 5788; x_wconf 86' lang='lat' dir='ltr'><strong>ductricem</strong></span> <span class='ocrx_word' id='word_1_826' title='bbox 1788 5725 2010 5787; x_wconf 82' lang='lat' dir='ltr'><strong>monachorum</strong></span> 
     </span>
    </p>
   </div>
   <div class='ocr_carea' id='block_1_3' title="bbox 0 0 2056 6275">
    <p class='ocr_par' dir='ltr' id='par_1_6' title="bbox 0 0 2056 6275">
     <span class='ocr_line' id='line_1_66' title="bbox 0 0 2056 6275; baseline 0 0"><span class='ocrx_word' id='word_1_827' title='bbox 0 0 2056 6275; x_wconf 95' lang='lat' dir='ltr'><strong> </strong></span> 
     </span>
    </p>
   </div>
  </div>
 </body>
</html>
