4084 6275
279 356 333 416 aso
941 359 985 416 tiit}
1003 353 1225 419 enuntiarent

206 495 290 558 [tetta
304 489 689 570 aduitam.‘bator;ti.ct
702 493 995 574 tempava'paidem
1010 494 1074 556 ee·
1116 497 1501 578 commaneamus·
1518 497 1686 560 emitum
1708 495 1767 558 bei
1787 495 1828 558 in
1847 489 1984 569 Μίδα

201 577 260 656 jue
270 576 675 656 ipnarantiaedeapieiena
685 575 875 648 Deuanane
889 579 1075 640 nnnmtciat
1116 583 1280 644 deonanti
1294 579 1382 644 certe
1396 581 1457 642 boe
1470 582 1540 644 toao
1554 578 1849 660 perspicueamtna
1872 574 1981 636 doeee

206 659 442 730 dominicatam
453 659 695 737 omnesomnes
708 657 943 722 Paenitentiam
958 665 1072 740 ayant.
1116 662 1313 744 Evangetium
1329 665 1488 727 eontinere
1502 679 1565 726 aaa
1583 664 1686 726 sotum
1708 659 1909 724 credentium
1935 674 1983 720 sa·
2033 710 2034 725 t

206 739 532 805 betarum20.Pautos
549 741 1073 822 praedicassadicitiadbeisutque
1115 747 1236 818 tutem,
1266 747 1323 809 sed
1351 749 1443 809 atium
1472 748 1571 818 minas
1597 746 1663 808 irae
1690 747 1745 807 bai
1766 760 1842 822 erga
1869 756 1983 835 pecea-

208 825 377 906 gentitibus
393 824 614 886 Paenitentiam
632 825 662 886 in
678 825 788 898 Deam,
806 831 836 886 et
851 826 942 886 tidem
959 825 990 886 in
1014 826 1072 888 Do·
1117 835 1213 892 tores.
1235 829 1334 902 Quare
1364 830 1449 893 uutta
1477 828 1605 892 omnino
1633 832 1773 891 remanet
1797 824 1982 889 dubietas,

205 907 320 969 minum
337 913 475 969 nostram
488 906 594 970 tesam
610 907 774 971 christum:
792 915 822 970 et
835 907 1072 988 capicianum
1114 913 1189 991 quin
1218 911 1364 976 contritio
1396 912 1434 974 ad
1448 911 1657 991 evangelium
1683 910 1843 990 pertinere
1870 906 1982 968 diaeo·

205 989 333 1052 affirmat
349 1003 383 1052 se
398 989 642 1069 praedicassent
655 991 875 1053 Paenitentiam
887 996 1025 1070 agerent,
1042 997 1073 1054 et
1114 998 1151 1058 da
1168 997 1218 1056 sit.
1962 1072 1969 1083 ι

204 1078 457 1135 converterentur
473 1073 511 1134 ed
529 1073 734 1152 Dou,vn‚digna
751 1073 962 1137 Paenitentiae
977 1090 1072 1152 opera
1154 1076 1264 1152 Quarta
1279 1079 1460 1156 propositio:
1476 1077 1714 1140 concitionem
1732 1074 1856 1153 epatica
1874 1071 1981 1167 nome

205 1153 365 1216 iacientes.
383 1155 425 1216 te
441 1171 480 1216 ue
496 1157 598 1218 amnia
622 1171 857 1234 prosequamur,
880 1159 972 1236 plena
996 1165 1072 1220 sunt
1112 1176 1187 1222 nem
1202 1161 1294 1223 bonis
1309 1161 1472 1240 operibns·
1502 1160 1750 1238 etpeaeattaae
1772 1156 1981 1220 maledictae-

204 1237 773 1318 voiumina'evangelieaetapostotiea
790 1239 1073 1313 testimoniiscua-
1110 1243 1333 1322 arausicae,
1348 1243 1667 1322 aedeoearopottar,
1684 1242 1803 1320 etipsa
1828 1244 1977 1313 eetepin

205 1336 240 1383 re
256 1320 317 1381 nisi
331 1337 348 1381 a
372 1320 565 1402 ¹Paenitentia
582 1321 802 1386 contritionem
830 1323 996 1384 excludere
1018 1339 1070 1385 ve·
1112 1324 1234 1388 bonum
1249 1332 1278 1388 et
1290 1344 1312 1388 a
1323 1329 1464 1405 peccatis
1479 1326 1639 1396 liberate
1651 1324 1739 1387 borao
1752 1337 1857 1402 opera
1870 1337 1915 1382 aa
1926 1318 1979 1380 be·

80 1471 85 1480 ,
204 1403 273 1475 lint,
289 1406 341 1464 aut
355 1401 509 1465 christum
525 1410 555 1464 et
570 1405 806 1482 apostotosaon
821 1405 984 1484 evangeiii,
1010 1406 1067 1467 sed
1111 1409 1310 1472 condictiones
1324 1411 1471 1473 audacia
1487 1410 1570 1470 ttaea
1584 1408 1754 1487 propositio
1768 1405 1846 1466 satis
1867 1401 1981 1482 proba·

203 1483 284 1565 tegis
298 1486 411 1548 veteris
427 1486 655 1565 praedicatores
669 1486 856 1561 iaciaatmon
872 1491 1004 1566 possunt
1019 1489 1065 1549 ot·
1115 1490 1209 1561 bitur,
1225 1493 1251 1554 si
1267 1493 1464 1555 fundamenta
1479 1491 1724 1554 adversarimum
1749 1492 1981 1568 cognoscantur

205 1568 238 1630 io
255 1569 346 1630 modo
362 1570 566 1648 negareqoin
582 1568 724 1634 contritio
738 1570 777 1632 ad
793 1571 1070 1650 evangeliumpro·
1112 1580 1343 1638 etevertantur.
1647 1633 1653 1642 ,
1955 1649 1962 1660 ,

204 1650 272 1730 prie
287 1651 449 1729 pertineat.
595 1683 597 1688 ·
1152 1656 1215 1719 Deo
1232 1664 1303 1720 sunt
1317 1658 1409 1736 igitur
1422 1657 1619 1720 fundamenta
1634 1652 1980 1735 ipsorum.ttnum‚quu

247 1733 409 1796 Praeterea
426 1733 475 1796 tex
490 1741 588 1809 vetus,
605 1739 639 1797 ut
653 1752 669 1796 a
684 1750 761 1796 nova
778 1734 988 1814 distinguitur,
1006 1751 1069 1797 noa
1110 1740 1298 1817 experientia
1314 1747 1450 1812 testatur,
1466 1755 1534 1814 eos,
1549 1739 1602 1817 qui
1625 1750 1730 1800 veram
1755 1735 1979 1798 contritionem

204 1815 298 1900 babet
313 1817 550 1894 promissionem
567 1819 799 1898 gratiamneque
815 1819 884 1898 ejus
896 1834 988 1896 opera
1001 1818 1067 1880 Deo
1113 1828 1309 1900 peccatorum
1324 1823 1450 1886 babeat:
1466 1823 1589 1902 seipsos
1603 1826 1805 1884 rontemnere
1834 1834 1873 1880 aa
1896 1816 1980 1878 dete·

204 1904 276 1959 sunt
290 1905 386 1976 grata.
404 1898 477 1961 Nam
493 1901 518 1960 si
536 1917 572 1963 ex
588 1901 656 1981 tege
673 1906 757 1963 esset
768 1901 900 1981 justitia:
926 1900 1068 1964 christus
1110 1907 1196 1977 stari,
1213 1905 1352 1984 bibitque
1364 1906 1399 1968 iu
1413 1923 1448 1968 se
1462 1904 1609 1981 boni‚sed
1626 1903 1720 1964 muita
1736 1903 1814 1963 mata
1826 1914 1981 1991 agnosce·

203 1982 303 2059 protis
316 1987 465 2044 mortania
482 1990 572 2056 esset,
589 1987 629 2044 ait
646 1985 810 2060 apostotos
826 1983 891 2046 cat.
907 1983 1070 2060 betoni
1110 2003 1156 2061 re,
1173 1993 1264 2065 atque
1278 1989 1394 2050 ideirco
1408 2005 1443 2050 se
1458 1989 1605 2067 indignos
1617 1985 1712 2066 gratia
1728 2030 1738 2058 ,
1764 1984 1882 2063 dignos
1896 1981 1980 2074 ,odra

205 2068 371 2140 operatur,
389 2065 535 2126 nimirum
551 2067 619 2128 sine
634 2066 740 2142 gratia,
769 2083 848 2146 quaa
873 2067 996 2146 propria
1018 2073 1068 2129 est
1110 2076 1142 2132 et
1155 2070 1317 2148 suppliciis
1330 2071 1484 2151 judicare.
1498 2067 1724 2146 atterum,auia
1737 2071 1877 2128 terrores
1894 2065 1978 2127 titos.

207 2143 395 2208 Testamenti
412 2147 494 2216 novi.
512 2148 608 2212 babet
622 2149 773 2230 pieriam,
800 2149 858 2212 aad
881 2165 953 2212 non
975 2151 1068 2227 epod
1111 2170 1190 2232 quos
1204 2153 1263 2232 ipsi
1278 2153 1498 2217 contritionem
1511 2157 1632 2226 vooaat,
1645 2157 1811 2230 nonquam
1821 2147 1906 2210 tides
1917 2163 1979 2210 cer·
2033 2164 2034 2171 ¹

204 2227 317 2291 Deum.
335 2229 460 2291 Roman.
478 2230 508 2291 t.
522 2238 563 2301 et,
579 2231 716 2294 idoncos
730 2249 790 2296 eos
805 2233 880 2310 fecit
902 2233 1068 2294 ministros
1112 2242 1141 2296 ta
1156 2236 1350 2300 remissionis
1365 2244 1562 2315 peecatorum
1577 2233 1715 2304 accedat,
1731 2232 1812 2294 aibit
1827 2230 1916 2293 atiud
1932 2245 1978 2292 es
2032 2174 2035 2337 λ

203 2313 281 2374 aeni
298 2312 498 2384 Testamenti,
514 2316 703 2384 nontitera,
731 2317 790 2378 sed
812 2316 945 2393 spirita:
972 2315 1068 2378 litera
1112 2333 1148 2380 ee
1175 2319 1293 2393 voiunt,
1323 2320 1383 2382 nisi
1407 2321 1511 2398 togam
1542 2318 1609 2390 bei,
1637 2315 1806 2408 tremitum,
1823 2313 1976 2407 adversus

204 2396 434 2469 mimecaton,
450 2398 584 2474 spiritns
599 2399 751 2476 viviticat,
769 2399 801 2459 2.
819 2398 955 2461 Corinth.
973 2397 1067 2460 cubi
1110 2400 1222 2475 Deum,
1238 2401 1318 2465 riam
1332 2403 1372 2465 ad
1386 2400 1744 2482 desperationem‚atooa
1758 2403 1889 2459 antrum
1901 2409 1978 2460 sem·

203 2475 292 2538 litera
308 2479 386 2556 tegis
401 2479 469 2540 sine
485 2481 593 2558 spiritu
611 2481 774 2559 evangeiii,
793 2487 906 2542 tantum
923 2481 1021 2557 abest,
1034 2489 1070 2542 ut
1102 2484 1279 2563 ,pitemum
1691 2562 1699 2570 ,

204 2559 294 2622 vitam
311 2563 432 2622 adierre
448 2561 576 2634 dicetur,
595 2568 627 2624 ot
648 2566 738 2626 etiam
767 2563 885 2626 dicator
909 2563 1067 2626 occidere.
1154 2567 1214 2628 Sed
1229 2566 1261 2628 in
1276 2573 1385 2646 utroqe
1401 2567 1531 2629 muttum
1545 2568 1661 2628 errant.
1676 2563 1751 2624 bam
1775 2559 1862 2638 auod
1889 2560 1979 2622 bomo

204 2643 239 2702 tt
253 2643 395 2705 contritio
411 2644 475 2706 Deo
491 2645 666 2724 gratissima
682 2655 740 2716 est,
777 2653 807 2708 et
820 2647 933 2725 gratiae
948 2663 984 2706 aa
1009 2647 1067 2708 vita
1111 2664 1147 2711 aa
1162 2649 1253 2712 bonis
1267 2651 1417 2728 operibus
1442 2665 1587 2721 vacuum,
1613 2652 1644 2710 et
1669 2645 1805 2724 peccatis
1830 2650 1978 2736 onustam

204 2727 443 2803 promissionem
474 2727 578 2790 babet.
610 2727 815 2807 Sacrificium
843 2729 906 2790 Deo
932 2730 1068 2807 spiritus
1110 2739 1228 2807 cernae
1243 2747 1307 2795 nou
1328 2740 1376 2797 est
1401 2731 1601 2797 contritionis
1626 2726 1767 2802 eiieetus,
1783 2726 1844 2822 aad
1870 2732 1979 2821 parum

204 2809 453 2886 contribulatas,
470 2813 582 2889 psalta.
599 2809 651 2875 50.
669 2811 857 2873 Sacrificium
873 2817 973 2874 autem
995 2813 1068 2875 ideo
1114 2815 1304 2889 humititatis,
1321 2815 1431 2893 partim
1445 2813 1697 2878 discessioutset
1717 2816 1912 2889 cogmboavs
1933 2825 1979 2870 sor

204 2893 390 2963 nominatur,
407 2892 478 2970 quia
494 2893 590 2954 instar
604 2893 746 2956 sacrificii
763 2895 825 2955 tieo
840 2901 922 2972 gram
938 2898 1067 2958 eteoca·
1111 2896 1223 2976 ipsius:
1239 2896 1386 2960 contritio
1401 2913 1485 2970 vero,
1501 2897 1573 2977 ejas
1586 2893 1774 2973 cognitionis
1787 2907 1854 2956 ooo
1868 2905 1977 2986 aemes

204 2979 253 3050 pta
270 2973 416 3036 contritio
432 2979 492 3036 est.
507 2973 584 3036 Item
601 2974 631 3038 in
648 2977 756 3038 eodem
773 2977 904 3054 psalmo:
922 2978 1069 3041 corcon-
1111 2986 1171 3052 est,
1188 2980 1243 3042 sed
1259 2979 1400 3044 ciieetus.
1416 2981 1481 3042 iton
1494 2981 1578 3042 enim
1603 2979 1678 3058 qnia
1701 2975 1875 3040 conteritur
1895 2991 1980 3053 qurs.
2033 3030 2034 3043 ,

147 3124 149 3128 ,
203 3055 733 3122 tritnmetbumitiatumbenaeon
747 3059 955 3138 despiciendi
970 3061 1068 3124 Isaiae
1110 3060 1183 3126 ideo
1197 3078 1232 3125 se
1247 3064 1385 3142 pereatis
1398 3063 1525 3143 plenum
1540 3061 1694 3141 agnoseit,
1708 3059 1766 3122 sed
1789 3061 1979 3153 econtrario.
2033 3056 2034 3071 ¹

203 3138 255 3201 tic.
272 3138 321 3201 Art
335 3154 432 3218 qnam
445 3142 633 3219 respiciam,
664 3143 732 3205 nisi
757 3143 801 3206 ad
814 3144 1066 3223 permanentem,
1112 3146 1183 3223 auia
1198 3162 1233 3207 se
1248 3147 1331 3209 videt
1354 3146 1491 3227 peccatis
1516 3144 1660 3223 piurimis
1685 3148 1883 3235 coopertura:
1907 3141 1979 3201 odeo
2007 3182 2010 3185 -

140 3219 145 3229 '
201 3223 568 3302 atcontritomspiritai
582 3224 618 3286 ct
632 3224 722 3287 Dent.
748 3225 779 3286 i.
808 3226 956 3289 inuenies
978 3243 1065 3300 enm,
1111 3230 1291 3301 conteritur,
1307 3227 1539 3309 angitordoiet.
1555 3224 1821 3304 Quemadmodum
1836 3224 1980 3285 iurabas

203 3304 234 3365 ai
245 3304 474 3383 armentariam
489 3308 662 3370 totocorde
677 3314 744 3377 tuo,
762 3312 791 3369 et
802 3310 840 3371 in
853 3313 920 3371 tota
931 3309 1066 3372 tributo·
1112 3312 1337 3390 corporalibus,
1355 3328 1418 3375 non
1432 3312 1504 3374 ideo
1519 3309 1700 3373 vulneribus
1723 3324 1761 3371 aa
1785 3306 1911 3369 morbis
1934 3322 1980 3367 re·

204 3386 292 3449 cone
307 3388 441 3449 animae
456 3388 584 3450 renem
598 3389 984 3471 azeetvieteasetmpiue
1000 3408 1071 3472 epe·
1111 3395 1247 3473 ptemur,
1276 3395 1350 3473 auia
1373 3395 1528 3458 deierans:
1554 3392 1612 3455 sed
1637 3393 1710 3471 quia
1735 3389 1924 3452 volueribus
1944 3406 1980 3450 ae

200 3469 245 3531 rit
257 3468 495 3533 Paenitentiam
510 3477 568 3534 etc.
584 3474 651 3534 etta
663 3475 759 3537 nivet.
775 3472 850 3536 com
866 3474 960 3553 igitur
972 3476 1067 3537 uena
1115 3477 1232 3541 morbis
1247 3493 1305 3540 nos
1318 3478 1431 3559 plenos
1444 3477 1613 3548 ceruimus,
1629 3475 1701 3538 ideo
1715 3474 1874 3567 dammas.
1889 3470 1983 3533 Ettr-

202 3558 233 3612 at
247 3550 405 3629 contritio,
421 3553 486 3615 sive
501 3552 702 3627 Paenitentia,
719 3572 797 3635 quae
819 3557 1014 3635 potissimum
1036 3559 1069 3621 ia
1115 3562 1252 3623 einorosi
1266 3561 1421 3634 homines,
1436 3575 1500 3622 non
1515 3558 1587 3638 auia
1601 3557 1791 3637 supptieium
1816 3561 1932 3648 timent
1951 3561 1981 3615 et

203 3632 393 3697 Contritione
409 3636 562 3711 consistit,
580 3637 818 3715 promissionem
831 3640 947 3718 gratiae
976 3647 1007 3704 et
1027 3644 1070 3703 vi·
1114 3644 1180 3705 viso
1196 3644 1332 3722 patibulo
1349 3660 1385 3706 aa
1397 3642 1515 3722 judice,
1532 3648 1696 3713 terreatur,
1710 3639 1784 3701 ideo
1807 3636 1915 3709 iurtrs,
1937 3654 1979 3699 re

203 3723 263 3779 tae:
281 3716 352 3779 sine
367 3717 558 3781 dubitatione
573 3722 611 3783 ad
627 3721 821 3801 evangelium
843 3721 957 3801 potius,
980 3740 1074 3803 quam
1117 3725 1212 3804 pinis,
1230 3726 1406 3789 bomioidiis
1420 3724 1591 3803 replentur3
1615 3724 1672 3786 sed
1699 3728 1818 3791 contra,
1847 3720 1931 3814 ¹⁶³⁰.
1948 3722 1981 3812 ti·

205 3800 242 3861 ad
259 3799 360 3879 legem
377 3803 533 3880 pertinere
549 3802 678 3865 dicenda
696 3809 755 3866 est.
1116 3810 1202 3870 mc'nt
1216 3826 1252 3872 oe
1266 3816 1431 3883 terrentur,
1447 3806 1523 3886 quia
1533 3806 1624 3879 iuria,
1648 3805 1785 3884 rapinas,
1810 3802 1978 3865 bomvmdu

225 3900 226 3905 ¹
244 3882 383 3961 Denique
398 3883 424 3945 si
440 3883 505 3945 οΙΙοΙ
517 3884 593 3946 vatio
609 3892 703 3961 esset,
721 3886 791 3966 quta
807 3885 964 3965 proprium
989 3888 1069 3967 tegis
1114 3908 1169 3953 sua
1185 3900 1348 3955 noverunt.
1363 3892 1528 3969 Perpetem
1543 3889 1637 3969 igitur
1651 3888 1977 3965 toquuntaradrersa-

202 3972 250 4027 est
266 3971 392 4035 terrere,
410 3971 442 4027 ut
456 3968 606 4047 evangeiii
622 3970 784 4047 proprium
795 3975 842 4035 est
854 3970 1018 4049 consolari.
1032 3974 1068 4035 itt
1112 3974 1160 4046 rii,
1177 3990 1247 4037 euru
1263 3992 1321 4038 nos
1334 3991 1391 4053 per
1405 3970 1624 4038 contritionem
1639 3970 1784 4034 omuibus
1797 3968 1977 4046 bonisope

198 4047 262 4127 jam
277 4047 480 4123 ostendimus,
498 4049 717 4114 contritionem
739 4068 801 4113 non
827 4068 898 4113 esse
921 4058 1070 4118 terrorem
1116 4056 1203 4119 ribos
1218 4059 1355 4133 spoiiori,
1373 4064 1405 4121 et
1418 4055 1554 4137 peccatis
1568 4071 1605 4117 aa
1630 4050 1908 4117 maledictionibus
1933 4068 1977 4113 re·

200 4124 302 4210 alege
317 4131 489 4195 incussam.
506 4133 540 4193 ev
553 4141 708 4211 praeterea
724 4151 827 4213 neque
849 4134 924 4195 ittud
948 4143 995 4198 est
1016 4154 1069 4200 re-
1114 4140 1192 4218 pteri
1207 4139 1369 4203 affirmant.

199 4230 280 4286 rum,
297 4215 448 4291 evangeiii
465 4217 619 4294 propriam
636 4233 706 4280 esse
722 4218 977 4292 consulationem,
1004 4236 1069 4283 non
1156 4223 1286 4298 Deinde,
1302 4224 1385 4301 quod
1400 4222 1509 4285 attinet
1522 4220 1560 4283 ad
1575 4221 1704 4283 atteram
1729 4217 1979 4281 tundamentum:

199 4303 301 4357 autem
318 4296 586 4373 minaszsiauidem
603 4300 1069 4379 evangeliummtmirificecon·
1112 4303 1190 4367 aibit
1205 4305 1369 4369 absurdius
1390 4306 1451 4367 diei
1475 4308 1589 4383 potest,
1617 4318 1722 4382 auam,
1750 4300 1979 4363 Contritiouem

197 4380 314 4458 sotatur
324 4379 507 4443 obedientes
522 4388 552 4444 et
566 4381 729 4453 bectorita
746 4385 944 4446 vehementer
959 4385 1067 4448 inobe·
1091 4403 1093 4406 ’
1112 4393 1182 4449 ante
1197 4395 1311 4451 certam
1326 4389 1410 4452 ittam
1425 4388 1520 4450 tidem
1544 4384 1739 4450 remissionis
1763 4389 1980 4463 peecatorum.

199 4462 321 4523 dientes
336 4459 524 4525 etiofldeies
540 4471 683 4527 exterret.
700 4467 750 4528 Sia
775 4467 857 4527 enirn
880 4468 918 4528 de
943 4464 1065 4531 cbristo
1110 4470 1302 4551 essoiugam
1317 4472 1385 4545 Dei,
1401 4468 1674 4533 tremitumaontro
1698 4466 1811 4540 boum,
1838 4466 1924 4529 mam
1944 4468 1981 4529 ad

198 4542 335 4606 ioannes
350 4544 664 4628 concionatumcap‘aa
677 4548 896 4612 uentitabrnm
909 4550 946 4611 ia
959 4566 1065 4615 manu
1110 4553 1358 4632 desperationem
1384 4559 1415 4616 et
1428 4551 1556 4616 esitium
1570 4551 1811 4630 sempiternam
1832 4566 1981 4627 praeser-

145 4626 148 4635 '
200 4625 282 4706 eius,
300 4632 329 4688 et
342 4628 573 4705 permundabit
588 4646 702 4694 orcam
715 4648 821 4703 naam,
838 4636 868 4693 et
889 4648 1065 4713 conprepa·
1109 4635 1163 4697 tim
1179 4637 1260 4715 apud
1275 4636 1479 4709 adversarios,
1505 4636 1559 4711 nui
1574 4632 1809 4705 contritionem,
1825 4633 1927 4696 edam
1950 4640 1983 4694 ot

200 4706 243 4771 bit
256 4709 399 4772 triticam
409 4712 447 4773 v'n
458 4711 610 4775 humanm
621 4716 846 4792 euram:poteaa
858 4722 967 4777 antero
979 4732 1062 4779 eom·
1109 4716 1204 4781 iidem
1220 4721 1410 4798 praecedite
1424 4718 1493 4783 solo
1507 4717 1662 4787 Deciesse
1676 4716 1888 4779 contendunt.
1904 4716 1979 4779 iiam

200 4790 291 4855 buret
303 4793 377 4871 ipni
388 4793 649 4873 incoctinpnibiti.
663 4796 765 4860 itatttv.
780 4797 811 4859 3.
829 4804 859 4859 et
872 4798 940 4873 ipse
962 4800 1064 4861 Domi·
1109 4810 1141 4861 et
1155 4800 1328 4865 Rumnitius
1342 4804 1412 4864 tooo
1428 4809 1531 4867 notato
1546 4800 1634 4872 dicit,
1657 4798 1885 4861 cnntritiooem
1909 4816 1982 4863 esse

200 4886 260 4937 uus
276 4890 379 4937 nonne
395 4878 509 4955 passim
526 4878 630 4940 ttattb.
648 4880 678 4941 5.
698 4880 747 4941 te.
765 4880 817 4941 it.
834 4885 865 4941 et
890 4879 941 4941 25.
969 4882 1062 4945 itare.
1109 4898 1190 4960 opos
1205 4884 1337 4963 Spiritus
1352 4886 1451 4947 sancti
1465 4889 1497 4948 in
1514 4882 1684 4955 nobis,non
1700 4889 1808 4945 autem
1821 4880 1921 4946 tiberi
1934 4901 1981 4945 ar·

199 4956 231 5019 9.
249 4958 322 5021 buo.
341 4956 391 5019 12.
408 4967 437 5021 et
449 4960 534 5035 alibi,
549 4961 682 5025 minatur
693 4964 985 5043 gebennamignem
998 4964 1064 5027 ine·
1110 4966 1205 5027 bitrii:
1221 4974 1252 5030 et
1265 4962 1427 5030 Lutborani
1443 4968 1488 5031 itti
1504 4966 1660 5039 saxonici,
1675 4964 1742 5028 sive
1755 4964 1902 5045 cipitia
1917 4969 1981 5029 aot·

199 5040 429 5119 atingoibitem,
446 5058 581 5105 vermem
595 5045 647 5123 qui
671 5062 732 5107 non
758 5045 897 5115 moritur,
921 5046 1064 5110 tenebras
1110 5048 1216 5128 ioquin
1230 5050 1557 5131 attemburgeosidoeo
1569 5055 1657 5111 autea
1672 5047 1983 5123 eitaindieuatcoa·

202 5126 383 5205 exteriores,
399 5125 564 5189 stridorem
578 5128 730 5198 dentium,
747 5128 935 5207 supplicium
950 5131 1065 5209 sompi·
1108 5132 1266 5195 triennem
1282 5148 1356 5196 esse
1372 5141 1452 5212 opus
1469 5130 1660 5205 bonum,sed
1674 5130 1811 5206 bainna
1822 5132 1980 5195 bominis:

200 5206 339 5269 ternum?
354 5204 391 5271 Et
405 5209 477 5286 auid
494 5214 552 5277 est.
576 5212 659 5290 qood
685 5212 850 5289 apostotus
876 5212 918 5273 ait
941 5212 971 5273 in
996 5213 1065 5291 ipso
1111 5214 1268 5277 bominem
1282 5218 1364 5279 enim
1379 5217 1455 5295 pati,
1472 5232 1535 5280 non
1550 5229 1644 5293 apere
1657 5214 1730 5277 dam
1742 5214 1934 5278 conteritur.
1947 5219 1984 5278 nt

200 5288 353 5366 principio
370 5294 461 5371 epist.
479 5292 516 5354 ad
532 5292 618 5355 Rom.
636 5290 705 5356 Non
731 5293 880 5357 erubesco
903 5297 1066 5374 manente·
1111 5297 1612 5378 sicontritioistaoposltoiest,
1628 5300 1873 5376 nuopoatotam
1896 5301 1983 5361 mma

198 5386 267 5437 nm.
283 5374 385 5437 uirtus
401 5376 489 5439 enim
504 5376 560 5439 bei
575 5376 671 5449 estin
681 5377 819 5439 satutem
831 5378 922 5439 omni
932 5380 1067 5442 creden·
1111 5387 1170 5455 est,
1186 5387 1221 5444 ut
1234 5384 1275 5443 sit
1289 5381 1360 5461 iuga
1373 5380 1429 5445 liei
1441 5383 1699 5447 tremituseootra
1713 5379 1863 5456 beonet
1874 5382 1928 5444 ria
1942 5384 1983 5444 ad

198 5453 234 5525 ti,
251 5452 353 5518 tadeo
367 5459 512 5535 pmmnm
527 5458 698 5528 atcroeeo,
708 5459 840 5540 mestitia
855 5461 943 5522 enim
956 5460 1015 5523 Dei
1027 5462 1067 5525 in
1110 5462 1371 5542 desperationem,
1385 5466 1553 5529 eteritiam
1563 5462 1882 5543 sempiternamioom
1892 5466 1984 5527 Reos

198 5550 235 5597 eo
249 5536 413 5603 repetatur
428 5556 471 5603 aa
484 5540 548 5619 fide
561 5542 599 5605 in
612 5540 723 5621 fidem:
738 5544 820 5605 sieut
832 5543 992 5622 seriptum
1006 5549 1064 5621 θος
1111 5544 1143 5607 ίο
1158 5546 1249 5610 nobis
1257 5548 1294 5610 id
1306 5546 1415 5623 'efficia
1431 5555 1465 5611 ut
1479 5564 1554 5612 cum
1563 5547 1768 5627 tugiamosmt
1780 5553 1890 5609 eontra
1904 5562 1983 5610 sum

198 5617 307 5681 instas
322 5629 433 5685 autem
447 5639 490 5687 eae
503 5624 569 5701 ide
587 5622 677 5687 uiuit.
704 5624 876 5687 deectatar
897 5626 985 5689 enim
1005 5625 1067 5690 Dei
1104 5628 1288 5704 'bemanus
1319 5631 1398 5693 utin
1414 5629 1663 5711 desperatiorem
1684 5635 1716 5691 et
1739 5628 1871 5692 exitium
1893 5646 1983 5693 sem

202 5696 242 5763 rie
259 5702 345 5765 cocto
359 5720 460 5783 saper
474 5720 602 5769 omnem
613 5706 815 5785 impietatem
829 5712 858 5769 et
867 5708 1066 5789 iniustitiam
1091 5711 1264 5790 pitanam
1277 5714 1419 5778 roamost
1434 5713 1516 5779 itaer
1529 5728 1607 5779 saue
1621 5726 1716 5792 opero
1730 5725 1795 5775 aaa
1816 5711 1894 5789 beo,
1921 5714 1982 5777 sed
