4084 6275
298 381 352 438 ιιι
853 376 897 433 DE
917 373 1138 436 subnitidare
1157 375 1399 438 EUCllthS'lldE
1505 441 1515 471 ε

191 489 192 494 ¹
227 519 352 596 azymis,
369 519 399 578 et
413 511 526 575 ibidem
542 507 727 588 praecipitur
741 507 772 570 in
788 508 866 602 leste
878 511 1085 574 bebdomada·
1130 514 1219 599 istam
1236 517 1420 591 pertractat,
1449 524 1518 586 cap.
1534 507 1586 569 bt.
1613 510 1644 568 et
1667 520 1758 585 seqq.
1784 503 1865 567 titud
1891 509 1996 564 autera

227 615 306 674 ram,
324 600 413 668 idest,
429 595 506 656 testo
522 596 728 670 pentecostes,
744 593 928 656 sacrtttctara
950 611 987 656 ex
1001 596 1085 657 simi·
1132 598 1257 660 omntao
1272 595 1397 656 miratus
1411 607 1493 660 sum,
1516 588 1774 670 quemadmodum
1799 589 1831 649 in
1855 589 1995 650 eandem

228 681 255 742 ta
272 681 462 744 lcrmenteta.
480 676 578 749 Quare
593 673 619 736 si
634 676 677 736 uti
693 676 808 755 azymis
817 689 882 738 non
898 677 1025 753 licel,ue
1036 678 1086 758 ju·
1129 681 1315 742 solutionem
1330 674 1624 742 inciderirnus,eirce
1639 669 1847 733 difficultatem
1863 669 1905 732 de
1919 676 1997 730 tem·

224 763 403 842 dehemus,
433 760 540 822 eadem
573 756 612 820 de
638 773 748 820 caussa
776 774 835 823 nec
863 760 1013 822 tormento
1042 761 1086 823 uti
1131 778 1205 840 pere
1221 764 1428 840 pentecostes,
1446 771 1516 818 nam
1532 766 1707 833 nequeego
1722 754 1836 816 tibrum
1851 754 1923 832 ejus
1952 752 1997 812 rt·

229 845 348 908 licebit.
1130 846 1245 915 derare,
1262 859 1333 904 cum
1347 841 1516 904 scriberem
1531 839 1570 900 de
1586 836 1672 899 lestis
1691 836 1723 898 in
1739 837 1770 900 3.
1786 837 1866 898 libre
1881 837 1924 897 de
1939 833 1997 896 Ec·

268 923 662 990 Tertiaretio:1mmototle
688 927 767 1004 ephi
790 925 954 1002 paschalis
977 925 1086 1004 liparo
1131 927 1225 990 etesia
1243 925 1565 1005 triumphaulepeque
1573 920 1641 999 ipse
1656 919 1851 998 scripta'mea
1863 918 1998 988 rideral,

225 1008 460 1088 irrilposslom's
485 1007 609 1070 limati.
634 1007 698 1071 Sed
723 1023 827 1087 aymus
853 1007 1086 1070 immolabatur
1130 1026 1201 1071 cum
1217 1008 1327 1070 tibrum
1343 1023 1434 1070 suum
1450 1004 1673 1077 conscriberet,
1690 1008 1722 1066 ut
1735 1003 1819 1066 idem
1835 1000 1910 1064 mibi
1943 1016 1998 1078 pe·

226 1095 280 1155 die
295 1092 344 1153 rt.
362 1106 436 1169 erpo
451 1095 481 1151 ct
495 1089 651 1153 Dominus
664 1092 735 1169 poli
749 1089 860 1154 debuit
875 1091 928 1156 die
945 1091 994 1152 te.
1008 1107 1084 1170 eryo
1131 1098 1197 1154 stea
1212 1090 1413 1154 confirmarit.

230 1189 366 1238 coemam
378 1174 520 1236 iraalitolt
534 1175 587 1236 dic
603 1173 652 1235 te.

269 1257 465 1336 Respondee:
482 1255 585 1333 tignus
600 1256 766 1334 paschatis,
783 1261 920 1335 utsupra
937 1254 1083 1323 dirimas,

227 1355 298 1400 eum
313 1339 537 1418 explicaremus
553 1337 664 1417 figures
679 1337 900 1412 Eucharistiae,
916 1336 1014 1417 ligura
1032 1339 1088 1400 tait

228 1419 350 1497 Christi,
369 1427 401 1483 ιιι
416 1421 446 1482 in
474 1427 664 1484 sacramento
691 1421 781 1484 nobis
796 1421 1000 1500 apponendas
1022 1427 1087 1482 erat
1444 1462 1447 1470 ·
1475 1435 1590 1500 cypyy
1610 1435 1648 1498 x,

226 1504 471 1576 manducandus,
488 1510 518 1566 et
532 1503 602 1566 ideo
618 1503 668 1564 illa
683 1503 849 1565 immolatio
865 1503 967 1582 potius
988 1502 1085 1582 signi·

224 1585 336 1648 Ecabal
352 1585 591 1648 immolationem
609 1584 719 1648 Christi
734 1586 906 1666 mysticam,
920 1585 1042 1664 quaeiit
1053 1586 1085 1648 in
1533 1612 1536 1619 ·
1631 1637 1634 1645 .

224 1669 375 1732 sacrificio
391 1670 514 1742 missae,
531 1685 622 1744 auam
644 1668 886 1731 immolationem
913 1675 1084 1741 cruentam,
1185 1681 1229 1744 pe
1242 1680 1319 1743 cyno
1335 1678 1546 1760 temperando
1562 1693 1653 1760 aqua
1666 1678 1705 1742 yn
1716 1694 1809 1744 ymo
1824 1680 1941 1746 yoyy-00,

224 1767 303 1828 onae
320 1753 349 1814 in
366 1767 458 1814 cruce
475 1757 667 1829 peractaestr
685 1767 753 1813 uem
771 1752 840 1813 ideo
855 1752 932 1822 ritus
947 1750 1018 1831 agni
1032 1767 1085 1830 pa·

224 1835 339 1897 sohatis
354 1835 454 1912 potius
467 1834 556 1895 tradit
571 1833 693 1896 modum
708 1834 1018 1912 manducandi,quam
1031 1835 1087 1894 irn·
1859 1885 1867 1900 ,

226 1917 372 1979 motandi.
390 1917 583 1990 (implumem
599 1915 669 1996 agni
685 1915 850 1978 immolatio
862 1923 926 1978 crat
940 1917 1030 1977 etiam
1053 1917 1087 1976 u·
1172 1912 1274 1974 litera
1290 1908 1499 1973 controversia
1517 1909 1557 1972 de
1571 1909 1697 1974 materia
1713 1910 1935 1982 Eucharistiae,
1949 1918 1996 1973 est

225 2016 298 2078 gara
315 1998 467 2078 passionis
482 1998 614 2071 Domini,
637 1999 744 2060 debuit
769 2000 879 2061 eedem
904 1999 953 2060 dia
981 1999 1086 2078 passio
1130 1992 1169 2055 de
1185 1995 1330 2056 mixtione
1344 1993 1406 2054 viui
1422 1998 1453 2055 et
1466 2009 1576 2073 aquae.
1593 1997 1636 2056 hc
1657 1995 1786 2072 primunr
1812 1994 1995 2057 reterendae

225 2083 339 2160 peregi.
356 2095 417 2160 quo
432 2097 530 2160 agnus
545 2081 769 2144 immolabatur.
785 2083 822 2144 Et
835 2082 883 2145 ¹sic
898 2082 1007 2143 tactum
1024 2087 1084 2143 estc
1130 2084 1220 2140 eruut
1234 2077 1408 2138 sententiae
1421 2075 1561 2151 aliorum,
1577 2093 1634 2139 seu
1649 2077 1752 2155 potius
1772 2089 1905 2138 errores.
1934 2078 1993 2138 De·

226 2179 294 2226 nam
310 2166 361 2226 itta
378 2179 504 2241 vespera
520 2165 581 2227 diei
600 2164 650 2225 il.
667 2165 698 2225 in
715 2179 774 2244 qua
789 2180 888 2243 agnus
909 2164 1086 2225 immotaba·
1130 2160 1204 2222 inde
1220 2159 1428 2222 confirmanda
1442 2160 1566 2222 raritas.
1590 2160 1633 2222 hc
1658 2159 1782 2223 demum
1807 2160 1995 2222 contutanda

226 2255 285 2318 tur,
301 2248 337 2308 ad
354 2247 435 2308 diem
450 2253 631 2325 sequentem
647 2247 830 2324 pertinebat,
848 2253 879 2308 ul
895 2248 962 2309 dies
978 2247 1031 2308 illc
1042 2246 1085 2308 ie·
1129 2249 1307 2322 argumenta
1320 2248 1352 2304 et
1365 2242 1524 2303 mendacia
1539 2243 1795 2305 adrersariorom.
1880 2243 1884 2250 “

225 2331 320 2395 stirus
348 2336 422 2390 erat.
448 2329 553 2406 itaque
577 2329 725 2392 institutio
750 2330 980 2403 Eucharistiae,
1007 2345 1086 2409 quae
1171 2325 1258 2400 Quod
1272 2327 1309 2388 ad
1324 2325 1458 2387 Primam
1480 2327 1599 2397 attinet,
1626 2339 1689 2386 nen
1713 2325 1880 2388 defuerunt
1905 2324 1994 2398 etim,

226 2412 435 2489 principaliter
450 2411 574 2488 ligurata
592 2411 689 2473 lueret
703 2427 880 2492 peregnum
893 2413 1085 2490 paschalem,
1129 2409 1182 2485 qui
1199 2415 1357 2487 praetextu
1377 2407 1556 2470 sobrietatis
1580 2408 1676 2470 solam
1702 2423 1811 2486 aquam
1836 2408 1868 2469 in
1895 2407 1995 2471 calice

226 2502 345 2570 peracta
361 2499 410 2556 cst
423 2495 533 2556 cedem
548 2495 609 2569 dic,
627 2499 657 2556 et
672 2495 779 2558 eadem
795 2498 881 2569 bora,
904 2511 964 2574 qua
985 2511 1085 2574 agnus
1130 2489 1317 2554 offerendam
1331 2491 1483 2553 dicerent:
1510 2496 1545 2552 ut
1567 2488 1729 2552 Ebionitae
1754 2490 1835 2568 apud
1860 2489 1997 2570 Epipha-

225 2578 395 2639 secuudom
412 2577 513 2656 legem
529 2575 751 2638 immolabaturr
769 2576 879 2640 christi
898 2585 997 2641 autem
1015 2594 1086 2656 pas·
1116 2572 1227 2648 nium,
1245 2575 1371 2636 haeresi
1386 2572 1437 2635 30.
1454 2579 1485 2635 et
1498 2573 1613 2635 't'atiani
1629 2573 1710 2650 apud
1725 2573 1873 2647 eundern,
1887 2573 1997 2635 haere·

225 2659 283 2730 sio,
302 2669 380 2738 quae
394 2659 498 2720 minus
513 2659 723 2737 principaliter
735 2676 789 2737 per
801 2661 930 2722 eandem
943 2660 1085 2722 immota·
1130 2655 1157 2717 si
1169 2656 1225 2718 ib.
1241 2656 1368 2737 Aquarii
1383 2656 1464 2734 apud
1478 2655 1682 2735 augustinum
1708 2656 1764 2719 lib.
1790 2656 1830 2719 de
1855 2657 1996 2718 haeresi·

227 2743 343 2806 tionem
357 2741 486 2821 figurata
499 2741 608 2815 iuerat,
625 2743 734 2805 eodem
749 2744 888 2818 die,ticel
902 2759 962 2803 non
978 2742 1087 2805 eadem
1130 2737 1202 2816 bus,
1219 2757 1288 2819 cap.
1303 2739 1355 2801 et.
1371 2739 1432 2802 Sed
1449 2753 1484 2800 ee
1512 2738 1617 2817 opinio
1641 2739 1787 2801 continuo
1812 2755 1829 2799 ι
1854 2737 1998 2801 Patribus

227 2825 313 2899 hora,
332 2831 452 2904 peracta
468 2824 536 2886 tuit.
906 2867 909 2872 -
1132 2823 1256 2901 explosa
1271 2822 1338 2896 luit,
1356 2821 1439 2901 quod
1454 2821 1529 2882 satis
1550 2827 1714 2897 constaret,
1740 2822 1904 2884 Dominam
1929 2837 1997 2883 nen

269 2907 379 2980 Quarta
397 2910 473 2967 ratio
488 2905 557 2967 addi
576 2911 693 2985 posset,
715 2921 778 2968 non
803 2921 912 2986 parum
938 2905 1088 2969 difficilis.
1132 2921 1241 2983 aquam
1256 2907 1366 2976 setam,
1383 2905 1438 2967 sed
1454 2905 1557 2965 vinum
1573 2905 1664 2965 etiam
1679 2904 1710 2966 in
1725 2919 1815 2966 sacro
1829 2904 1928 2966 catice
1940 2921 1999 2983 po·

227 2989 298 3049 Earn
315 2989 484 3051 secundum
500 2989 599 3064 legem
616 2988 683 3050 dies
698 2993 892 3066 pentecostes
915 2990 1089 3051 celebratur
1132 2989 1269 3049 nendum
1286 3003 1357 3049 csse
1372 2988 1527 3049 decuisse.
1544 2985 1621 3047 Vide
1635 2984 1820 3066 cyprianum
1834 2986 1891 3049 tib.
1905 2988 1939 3048 2.
1963 3001 1998 3048 e·

229 3073 280 3132 dic
296 3070 551 3150 quinquagesimo
573 3087 588 3129 a
611 3071 749 3134 secundo
770 3071 820 3134 die
844 3087 1030 3152 azymorum,
1056 3079 1088 3134 ut
1131 3071 1203 3148 pist.
1221 3071 1251 3132 3.
1268 3072 1306 3132 ad
1322 3069 1501 3143 Caecilium,
1517 3075 1548 3129 et
1562 3066 1812 3149 chrysostomum
1826 3069 1996 3132 humihlli.

229 3159 313 3232 patet
327 3154 453 3217 Leuitic.
469 3153 521 3215 23.
538 3152 597 3215 Sed
613 3170 651 3215 ao
666 3170 824 3235 anumque
838 3155 988 3217 Dominus
1008 3172 1088 3216 mer·
1129 3156 1162 3215 in
1177 3155 1337 3233 lielthqui
1355 3170 1393 3215 ez
1408 3154 1546 3215 institute
1557 3152 1830 3230 disputantooutra
1842 3168 1912 3215 eam
1924 3168 1999 3216 sen·

227 3245 298 3298 tuus
313 3243 372 3307 est,
388 3236 456 3298 dies
471 3241 667 3313 pentecostes
682 3236 737 3298 tuit
751 3236 781 3298 in
797 3237 949 3300 dominica
966 3238 1028 3309 die,
1055 3245 1088 3300 ut
1130 3238 1268 3300 tentiam.

228 3334 265 3379 ea
280 3318 442 3380 traditione
457 3318 614 3380 Ecclesiae
630 3324 722 3394 patet;
738 3334 811 3398 ergo
827 3320 916 3383 ctiam
930 3320 1087 3383 secundus
1172 3319 1228 3382 Ubi
1245 3318 1337 3383 etiam
1351 3334 1415 3381 nen
1427 3322 1474 3379 cst
1484 3315 1649 3381 omittenda
1660 3316 1929 3397 impudentissima
1941 3335 1993 3379 ca·

227 3401 295 3463 dies
311 3414 484 3480 azy-merum
501 3400 558 3462 luit
570 3401 601 3461 in
619 3401 773 3464 dominica
787 3402 923 3465 dimitam
941 3404 965 3465 si
980 3420 1086 3465 nume·
1133 3403 1247 3464 lamnia
1263 3402 1584 3481 magdeburgensium,
1600 3403 1653 3482 qai
1668 3401 1792 3463 dentur.
1809 3401 1840 3463 3.
1862 3418 1933 3479 cap.
1961 3402 1995 3462 6.

229 3487 336 3545 rentur
350 3483 418 3545 dies
433 3483 654 3562 quinquaginta
669 3500 685 3545 a
701 3484 1027 3566 secundoazymorum
1042 3486 1089 3547 in·
1135 3491 1167 3547 et
1182 3486 1211 3547 Ι.
1228 3485 1389 3560 atilrmant,
1405 3498 1541 3546 errorem
1555 3484 1645 3545 istum
1660 3485 1780 3547 desole
1795 3500 1872 3561 aqua
1888 3485 1921 3545 in
1948 3501 2000 3545 ca·

227 3566 357 3638 clastra,
375 3572 407 3625 at
422 3565 472 3626 tex
486 3566 645 3644 praecipit,
663 3568 840 3631 necessario
855 3568 918 3639 flet,
935 3576 968 3629 ut
983 3570 1013 3630 in
1036 3584 1088 3631 eo·
1136 3570 1196 3631 tice
1210 3568 1378 3641 otierenda,
1395 3567 1433 3628 ab
1448 3567 1604 3645 episcopis
1631 3568 1769 3630 romanis
1792 3567 1999 3646 excogitatum

229 3650 297 3710 rtem
314 3649 364 3710 die
379 3647 590 3711 hebdomadae
605 3657 746 3711 occurrat
761 3656 970 3727 pentecostes,
980 3652 1011 3712 in
1027 3666 1090 3730 quo
1134 3658 1280 3724 esse,ela
1298 3651 1446 3732 Cypriane
1461 3649 1622 3711 relatarum
1637 3652 1668 3712 in
1683 3649 1815 3730 epistola
1829 3649 1869 3712 ad
1884 3647 2001 3711 corne·

228 3730 441 3793 occurritdies
456 3732 613 3793 secundus
628 3732 852 3809 azymorumatt
865 3734 891 3795 si
906 3735 973 3795 dias
992 3734 1088 3795 domi·
1134 3734 1211 3797 lium
1226 3750 1384 3797 romanum
1399 3730 1589 3813 pontificemy
1605 3734 1686 3811 quod
1701 3732 1827 3811 quidem
1838 3731 1913 3794 'sine
1933 3734 2000 3794 utto

230 3815 296 3873 nica
312 3813 369 3873 tuit
383 3813 540 3875 secundus
555 3828 740 3892 azymorum:
758 3829 831 3893 ergo
853 3815 920 3877 dies
946 3815 1088 3878 sabbathi
1135 3816 1334 3879 laudamento
1348 3832 1387 3896 ex
1401 3815 1465 3878 sota
1481 3816 1649 3877 mentiendi
1665 3815 1795 3878 libidine
1807 3814 1999 3878 centuriato-

229 3895 285 3956 tuit
298 3895 462 3957 antediem
477 3902 698 3975 azymorum,et
714 3896 809 3959 ruutlo
824 3898 921 3977 magis
936 3898 1003 3961 dies
1018 3915 1090 3961 coe·
1134 3914 1186 3962 res
1201 3900 1360 3961 atilrmant.
1377 3898 1450 3961 Eam
1466 3899 1558 3975 epist.
1571 3896 1713 3978 cypriant
1728 3913 1792 3960 aon
1807 3902 1856 3960 est
1869 3896 1908 3958 ad
1923 3894 1997 3959 Cer·

230 3994 286 4039 nae
300 3976 527 4059 Domini3atque
543 3979 582 4039 ita
598 3994 667 4040 rere
682 3994 754 4041 esse
768 3979 888 4042 ridetur
905 3981 1089 4044 Graecorum
1134 3983 1262 4057 uetiam,
1279 3988 1313 4044 ut
1326 3982 1384 4059 ipsi
1401 3981 1600 4057 mentiuntur,
1615 3982 1670 4043 sed
1686 3981 1724 4043 ad
1740 3980 1919 4052 Caecilium,
1937 3998 1998 4043 neo

228 4060 391 4121 sententie·
1133 4066 1165 4126 in
1180 4082 1215 4126 ea
1231 4067 1291 4129 utta
1307 4064 1422 4127 mentio
1435 4064 1470 4126 m
1484 4065 1700 4143 episcoporum
1714 4078 1925 4126 romanorum.

270 4142 466 4221 Respondee:
483 4141 525 4203 De
541 4142 601 4205 hoc
616 4149 796 4223 argumento
817 4144 886 4208 tuse
909 4146 1031 4207 tractari
1056 4148 1090 4208 in
1173 4149 1236 4210 ΙΙοιι
1252 4147 1414 4209 doluerunt
1427 4146 1602 4222 rursus,oui
1617 4148 1717 4209 sotum
1733 4148 1837 4207 ninum
1858 4145 1992 4207 alienen-

231 4224 260 4285 3.
283 4224 339 4286 tib.
364 4224 403 4286 dc
427 4224 564 4287 Ecclesia
582 4225 797 4306 triumphante,
824 4243 920 4306 prope
941 4233 1089 4291 extremo.
1132 4231 1204 4292 dum
1219 4237 1393 4292 censerent:
1409 4230 1430 4290 ii
1446 4230 1569 4291 luerunt
1583 4229 1719 4305 Armeni,
1735 4234 1769 4291 ut
1793 4230 1898 4290 Patres
1925 4230 1997 4290 trat-

234 4307 357 4367 Summa
373 4308 587 4389 responsionis
602 4316 660 4384 est,
677 4310 745 4371 dies
762 4316 960 4387 pentecostes
984 4328 1090 4375 nume·
1131 4312 1193 4373 tani
1209 4313 1330 4374 concilii
1346 4312 1505 4385 atilrmant,
1521 4311 1794 4375 canoacaassam
1808 4316 1925 4383 autem,
1942 4328 2000 4373 cur

234 4390 345 4452 rondes
361 4404 431 4451 esse
457 4406 472 4449 a
499 4391 597 4467 primo
623 4392 673 4452 die
700 4390 860 4470 prophano
885 4402 955 4471 post
978 4394 1090 4457 testam
1132 4396 1255 4457 hrmeni
1271 4396 1386 4457 ineam
1401 4394 1585 4457 senteutiam
1600 4394 1991 4469 descenderint,reterttti-

233 4472 348 4547 primae
364 4471 424 4533 dici
440 4486 626 4551 azymorum:
643 4480 673 4535 et
695 4473 764 4535 ideo
788 4476 815 4535 si
840 4476 997 4538 secundus
1022 4478 1091 4540 dies
1134 4480 1289 4558 ceptrerus
1305 4478 1359 4539 tib.
1375 4478 1427 4540 te.
1444 4479 1552 4540 histor.
1569 4494 1638 4555 cap.
1654 4478 1706 4540 53.
1723 4477 1777 4539 ubi
1802 4476 1912 4539 scribit
1937 4478 1992 4538 hr·

234 4570 406 4631 azymorum
422 4554 463 4615 sit
483 4556 672 4634 prophanus,
701 4563 732 4617 ol
757 4557 941 4637 plerumque
966 4560 1088 4633 accidit,
1133 4576 1317 4623 menosnon
1335 4562 1466 4622 miscere
1481 4576 1590 4639 aquam
1612 4562 1682 4623 rino
1708 4561 1739 4620 in
1764 4558 1932 4629 sacrificio,
1959 4576 2000 4619 nc

233 4636 270 4695 ab
287 4652 323 4697 eo
339 4638 492 4698 numerari
507 4637 623 4699 debere
637 4637 705 4699 dies
720 4646 927 4716 pentecostes.
944 4640 974 4702 Si
986 4648 1087 4703 autem
1134 4642 1308 4722 significare
1322 4644 1483 4706 rideantur
1496 4645 1643 4715 unionem
1665 4643 1793 4705 duarum
1819 4648 2001 4703 naturarum

232 4718 308 4780 torte
323 4720 362 4779 sit
375 4719 446 4781 dies
458 4719 602 4792 testeam
616 4720 642 4781 si
657 4728 797 4783 occurrat
811 4724 841 4785 iu
857 4723 1005 4786 subbalbe
1021 4725 1089 4787 dies
1135 4726 1165 4787 in
1181 4726 1312 4796 Christo,
1329 4743 1420 4805 quam
1434 4726 1494 4805 ipsi
1509 4743 1571 4788 uon
1586 4726 1726 4788 eredunt.
1743 4725 1892 4805 Ejusdem
1915 4742 2001 4786 crre-

233 4800 390 4863 seeundus
405 4817 591 4881 azymorum,
608 4808 681 4865 tuuc
696 4820 711 4863 a
729 4805 816 4867 tertio
837 4805 888 4867 die
913 4820 1088 4885 azymorum
1131 4808 1174 4870 ris
1188 4817 1371 4870 accusantur
1385 4808 1493 4872 dracoi
1508 4825 1526 4870 a
1541 4808 1681 4871 (luidone
1695 4807 1850 4870 carmelita
1867 4807 1899 4869 io
1912 4815 1999 4869 eata·

236 4884 446 4945 numerandos
462 4899 532 4947 esse
547 4883 616 4946 dies
631 4891 839 4964 pentecostes.
856 4888 930 4961 Quia
947 4888 1039 4967 igitar
1052 4906 1090 4953 ee
1132 4891 1202 4965 tepu
1218 4892 1452 4969 haereticorum,
1469 4899 1500 4953 et
1513 4892 1552 4954 ab
1567 4891 1748 4953 tnncceutlo
1762 4889 1819 4951 ΙΙΙ.
1834 4889 1892 4951 tib.
1905 4889 1939 4952 ι.
1956 4891 2000 4953 do

232 4982 324 5041 anno,
340 4980 401 5044 que
415 4966 564 5028 Dominus
579 4974 715 5033 mortuus
729 4978 786 5046 est,
803 4971 960 5034 secundus
975 4972 1043 5034 dies
1058 4990 1089 5033 a·
1134 4973 1234 5035 etltcio
1249 4973 1375 5046 missae,
1392 4990 1461 5052 cap.
1477 4973 1594 5037 32.Sed
1609 4974 1793 5037 centrarium
1808 4978 1913 5034 tamen
1935 4974 2001 5034 cot·

233 5064 388 5144 aymonem
402 5048 459 5110 luil
479 5048 673 5127 sabbathum,
701 5062 861 5133 propterea
887 5053 940 5115 itte
965 5072 1046 5117 anno
1071 5074 1087 5118 a
1133 5055 1258 5133 ligimus
1273 5070 1311 5117 ex
1326 5057 1463 5135 ipsorum
1477 5058 1614 5135 scriptis,
1629 5066 1693 5118 tam
1709 5061 1929 5127 veterum,tum
1953 5072 2002 5118 re·

235 5136 323 5191 terlio
339 5132 389 5191 dre
405 5146 590 5210 azymorum,
607 5132 659 5210 qui
685 5136 741 5197 tuit
765 5136 815 5197 die
841 5136 1008 5210 dominice,
1036 5140 1087 5215 nui
1133 5142 1314 5212 cantiorum,
1331 5146 1364 5200 ut
1380 5139 1456 5205 inira
1477 5141 1691 5204 oslendemus.
1718 5138 1817 5211 Quare
1842 5138 1999 5201 credibile

232 5215 311 5305 apud
326 5212 460 5275 ludaeos
474 5215 652 5291 prophanus
667 5224 724 5289 est,
741 5218 894 5281 numerari
920 5228 1089 5299 cooperunt
1133 5229 1192 5294 est,
1208 5222 1434 5289 innocentiani.
1450 5228 1481 5284 ct
1494 5224 1623 5285 lactasse
1638 5224 1729 5283 ettam
1745 5220 1919 5286 (luidonem
1942 5239 2001 5300 per

233 5294 524 5389 dres'pcnlecaslem
541 5301 572 5357 cl
586 5298 659 5360 indu
674 5299 783 5360 tactam
805 5308 863 5373 est,
890 5306 923 5363 ut
947 5301 979 5365 iu
1005 5305 1087 5366 diem
1133 5304 1266 5366 Graecos
1285 5305 1476 5368 intellexisse
1490 5307 1616 5385 quoeris
1629 5304 1876 5379 orientales,non
1890 5312 1999 5379 autem

235 5376 422 5440 dumrmeum
438 5379 589 5441 incideret
603 5380 656 5443 illu
671 5397 750 5443 anno
766 5389 972 5460 pentecostes.
1133 5402 1198 5459 eos,
1215 5387 1267 5467 qui
1283 5390 1405 5466 proprie
1420 5388 1525 5450 Graeci
1541 5390 1696 5456 dicuntur.

236 5540 241 5549 .
274 5457 371 5537 Atque
387 5462 463 5523 haec
477 5460 516 5523 de
532 5466 589 5523 tota
606 5462 662 5529 islo
677 5463 882 5541 disputatione
907 5467 987 5530 dicto
1013 5469 1085 5541 sint,
1173 5469 1337 5533 lutherani
1352 5476 1384 5532 et
1397 5470 1577 5533 Catrinistae
1592 5472 1741 5533 Armenes
1752 5468 1999 5535 imitantarznara

235 5556 265 5599 ιιι
281 5556 339 5633 qua
356 5558 469 5636 negare
485 5560 546 5606 uon
562 5560 701 5623 pessum,
719 5550 791 5624 quin
812 5549 940 5611 muttum
966 5568 1015 5611 mn
1038 5550 1087 5627 y'u·
1133 5552 1250 5629 absque
1264 5568 1343 5631 aqua
1358 5555 1429 5616 rino
1441 5560 1575 5615 utantur.
1593 5555 1744 5615 lutherus
1766 5554 1797 5615 in
1809 5552 1910 5631 primo
1922 5554 2001 5614 scri·

234 5628 307 5683 rerrl
322 5640 479 5703 egregium
494 5642 573 5705 opus
598 5626 731 5689 doctoris
755 5630 888 5693 llarcetti
915 5632 1086 5694 Eranootini
1133 5643 1185 5713 pto
1200 5639 1302 5694 contra
1318 5650 1424 5716 regem
1439 5636 1659 5715 angliaeaune
1676 5636 1767 5697 ¹522.
1783 5636 1878 5705 edite,
1894 5633 2000 5697 latues

233 5704 274 5773 dc
289 5704 373 5770 boris
388 5708 558 5787 canonicis,
574 5708 607 5773 in
620 5724 682 5788 que
696 5708 850 5777 fusissime
875 5714 1087 5795 quaestionem
1134 5722 1165 5779 et
1179 5717 1307 5781 stolidos
1321 5724 1409 5782 uocat
1423 5721 1543 5797 eosqui
1558 5724 1718 5799 peccatam
1733 5732 1804 5784 esse
1826 5723 1936 5797 putant
1958 5719 1999 5779 si-
