4084 6275
806 314 904 373 attuit
923 314 1049 374 antuus
1689 307 1743 369 otti

17 457 20 500 t
64 445 253 512 renueritis
265 448 412 527 peccota.
440 444 580 511 Secunda
606 447 740 513 conditio
764 448 870 526 exiqit,
886 454 919 512 ut
960 449 1076 523 terens,
1091 450 1122 511 et
1135 446 1173 510 aci
1188 445 1410 515 absolutionem
1424 458 1673 520 accurrens,cum
1686 442 1751 507 11εε
1762 460 1810 508 re·

17 541 20 582 t
65 531 241 610 symbolum
256 529 330 593 illud
346 530 456 591 babeat
465 530 688 602 institutionem
700 540 732 594 et
742 535 916 594 mandatum
960 531 1118 597 conciliari
1133 530 1222 593 cnirc
1236 528 1362 609 llaqitat,
1727 544 1730 551 ¹

17 621 20 666 t
63 613 194 681 licinoo
210 620 311 675 sutem
327 613 368 673 sit
381 611 419 675 ab
434 614 569 675 numano
584 615 708 695 ingenio
723 614 913 678 lubricatum.
1002 616 1087 689 Quae
1101 630 1172 678 cum
1187 613 1225 675 itu
1241 613 1314 691 sict;
1330 617 1381 674 aut
1401 616 1624 673 sacramentum
1653 608 1813 673 Poecilen·

17 707 20 754 t
63 696 97 757 ld
112 712 236 772 quoquc
249 695 311 775 jam
323 696 599 759 demonstravimus
610 713 647 761 ex
658 698 752 761 uerbo
764 696 914 775 licitouo·
960 697 1019 760 tiae
1034 714 1105 761 rere
1121 696 1306 777 proprieque
1320 695 1434 757 dictum
1450 699 1674 755 sacramentum
1688 693 1816 765 erit,aut

17 819 20 834 .
60 779 336 841 contremiscente
349 785 492 856 peccato.
508 777 618 852 Tertia,
637 787 669 842 ut
683 782 857 842 mandatum
873 779 914 843 si·
959 777 1132 858 Baptismus
1148 784 1371 843 sacramentum
1395 791 1465 839 rere
1490 792 1525 837 se
1551 777 1673 855 proprie
1697 776 1812 838 dictum

62 878 96 921 τε
110 862 262 923 institutio
277 861 318 923 sit
333 864 363 922 in
381 876 458 924 noro
474 859 679 926 Testamenta.
696 862 732 925 Et
747 863 806 925 ltoc
828 868 912 925 extra
960 879 1021 924 non
1039 865 1108 925 erit:
1125 865 1174 945 rel
1189 866 1271 925 certe
1289 860 1467 939 confingant
1482 872 1589 919 noram
1604 859 1735 935 aliquam
1762 862 1816 921 de·

18 957 19 998 t
60 945 297 1006 conuorerstam
312 948 373 1013 est,
389 943 447 1005 nisi
463 944 534 1021 quis
555 946 747 1022 euangelium
772 944 910 1022 loannis,
958 943 1139 1019 linitionem,
1158 946 1183 1007 si
1200 945 1289 1005 ritum
1304 941 1566 1005 reconciliationis
1582 941 1619 1003 ita
1646 941 1775 1019 cupiunt
1794 958 1811 1003 a

63 1034 92 1087 et
106 1027 267 1103 epistolam
283 1025 365 1087 Pauli
382 1027 419 1087 ad
434 1021 609 1089 Corinthios
622 1029 660 1089 ad
677 1044 786 1089 norum
809 1026 913 1090 'lesta-
958 1029 1140 1093 sacramcnti
1155 1024 1273 1089 ratione
1289 1024 1463 1100 excludere,
1480 1030 1513 1085 ut
1526 1022 1565 1085 ab
1577 1025 1685 1087 eadem
1697 1024 1812 1117 Raptis·

60 1116 195 1169 mcatum
210 1108 364 1187 pertinere
380 1107 467 1169 nolit.
484 1106 604 1181 Quarta,
622 1110 705 1171 utsii
717 1112 792 1172 ritus
804 1125 912 1189 perpe·
957 1127 1040 1172 mum
1053 1126 1113 1173 uon
1130 1110 1303 1171 excludant.
1451 1124 1453 1129 ·
1766 1116 1767 1119 ’

60 1197 141 1257 tirus.
157 1208 221 1253 non
237 1192 275 1253 ad
292 1192 384 1252 breve
400 1197 521 1268 tempus
541 1190 710 1255 institutus.
737 1192 835 1254 litium
861 1210 912 1255 aa·
999 1194 1151 1255 decedant
1166 1197 1321 1271 praeterea
1338 1188 1509 1251 testimonia
1525 1153 1672 1251 velerum.
1686 1186 1813 1251 Duobus

58 1282 117 1337 tem
130 1274 337 1336 absolutionis
352 1287 475 1350 semper
490 1273 519 1333 in
532 1272 670 1337 Ecclesia
685 1274 907 1352 permansisse,
956 1277 1120 1353 praecipue
1145 1274 1245 1336 modis
1272 1272 1401 1359 intelligi
1427 1276 1536 1350 potest,
1563 1286 1641 1349 quae
1666 1270 1757 1333 luerit
1771 1272 1811 1333 do

58 1374 93 1419 ac
106 1372 355 1433 permansurum,
371 1370 474 1434 neque
496 1356 659 1418 accersant
682 1364 807 1434 nepani;
823 1362 854 1419 et
874 1373 912 1421 ex
956 1359 1012 1419 bac
1027 1374 1060 1419 re
1076 1357 1194 1419 Petrum
1210 1355 1375 1417 sententia.
1391 1353 1523 1415 Primum
1539 1352 1620 1414 enim
1646 1368 1708 1415 tion
1729 1368 1808 1425 raro,

59 1439 217 1517 evaugelio
232 1438 322 1501 lacile
337 1437 458 1515 probari
475 1444 586 1515 potest.
602 1437 677 1502 Eunt
703 1439 786 1501 enim
810 1439 911 1502 bomi·
955 1457 1025 1503 cum
1041 1457 1108 1504 τετε
1124 1444 1312 1501 sacramenia
1327 1440 1517 1509 carimerant,
1533 1435 1572 1497 iis
1587 1434 1806 1497 Paenitentiam

59 1535 117 1583 nus
132 1524 161 1581 iu
175 1520 319 1583 Ecclesia
334 1525 515 1598 potestatem
530 1520 703 1583 remittendi
720 1526 843 1599 peccata
859 1537 908 1584 es·
954 1522 1138 1603 adiungunt:
1154 1536 1248 1599 saepe
1264 1522 1353 1582 etiarn
1368 1518 1588 1581 Paenitentiam
1606 1534 1676 1579 cum
1690 1518 1807 1604 Baptis-

58 1619 91 1665 se
107 1604 247 1672 noluerit,
266 1620 367 1680 neque
381 1609 505 1681 ternpus
519 1604 616 1666 ullum
631 1602 829 1680 delinierit3id
848 1621 908 1666 ma·
953 1621 1003 1667 τεο
1019 1606 1182 1669 τεε1ττεε1
1205 1620 1241 1665 ec
1255 1602 1378 1673 docent,
1405 1600 1437 1663 iu
1463 1607 1590 1678 utroque
1613 1608 1805 1663 sacramento

58 1687 165 1747 nileste
182 1686 332 1763 sequitur,
349 1692 382 1745 ut
405 1687 517 1747 tarndiu
543 1702 579 1749 ea
604 1693 739 1765 potestas
765 1687 908 1749 duratura
952 1686 1047 1749 licum
1064 1704 1145 1761 esse,
1162 1686 1214 1765 qui
1231 1684 1421 1763 potissimum
1434 1688 1587 1761 operatur.

58 1768 258 1846 sit,quamdiu
274 1767 413 1830 Ecclesia
429 1769 608 1847 purgatione
624 1776 654 1830 et
668 1770 849 1831 remissione
864 1771 908 1830 in·
994 1770 1199 1833 'leriuiliauus
1214 1769 1244 1829 in
1261 1768 1337 1829 libro
1352 1768 1391 1827 dc
1415 1766 1617 1828 Paenitentia:
1641 1764 1735 1835 Haec,
1760 1764 1806 1825 in·

58 1853 183 1928 uigebit.
201 1852 323 1927 Quinta,
340 1858 373 1911 ut
385 1851 465 1912 adsit
490 1850 580 1913 etiam
596 1851 759 1930 promissio
782 1852 907 1931 gratiae.
952 1852 1029 1932 quit,
1044 1868 1170 1915 nenena
1180 1852 1351 1931 prouidens
1365 1848 1448 1913 ocus
1462 1849 1574 1911 cucco
1590 1849 1807 1927 iprwsccniioe

57 1933 154 2005 Sexta,
171 1941 206 1994 ut
220 1935 260 1995 sit
276 1932 439 2011 promissio
453 1935 567 2013 gratiae
583 1950 643 1994 non
659 1933 835 2015 cujuslibet,
852 1934 909 1997 sed
945 1937 1068 2013 janua,
1086 1942 1115 1998 el
1127 1936 1327 1998 intinctionis
1341 1948 1415 1997 sero
1428 1931 1731 2010 obstmccta,uliquid
1745 1931 1802 1991 od·

59 2032 135 2091 quae
152 2016 184 2077 in
198 2015 418 2094 justificatione
434 2032 471 2079 aa
486 2016 735 2079 reconciliatione
749 2017 905 2080 consistat.
950 2018 1013 2082 butt
1026 2020 1172 2099 permisit
1180 2022 1303 2096 putere:
1320 2016 1483 2078 colacacit
1496 2015 1534 2076 iu
1555 2012 1708 2077 carunto
1730 2012 1808 2075 Poe·

60 2098 206 2176 Septima,
225 2107 258 2160 ut
275 2098 439 2177 promissio
456 2098 505 2159 ilio
531 2098 645 2177 gratiae
669 2100 758 2178 siquo
783 2106 907 2162 externo
952 2103 1123 2167 nitentium
1136 2100 1325 2173 secundam
1340 2113 1424 2177 quoe
1437 2094 1641 2176 ρειτεεττὸετ
1652 2096 1807 2173 patefaci-

56 2183 197 2259 adjuncta
228 2185 259 2243 et
273 2182 380 2246 uestita
395 2182 445 2242 sit.
463 2178 546 2253 Quae
573 2188 635 2243 tres
658 2180 854 2245 conditiones
875 2182 906 2244 in
952 2190 996 2246 ot.
1013 2184 1069 2246 libi
1084 2180 1289 2245 Tertullianus
1305 2190 1380 2242 uuas
1395 2182 1504 2256 Januas
1519 2194 1589 2241 esse
1603 2179 1693 2239 duaci
1708 2180 1744 2239 ad
1758 2196 1805 2240 re·

56 2263 183 2342 allegato
199 2262 385 2326 testimonio:
405 2261 743 2339 Qrtocumrcmiseritis
759 2270 906 2343 peccota,
952 2268 1131 2329 missionem
1149 2271 1354 2343 peccatorum.
1381 2262 1566 2337 baptismum
1593 2268 1624 2321 et
1645 2261 1804 2323 Paeniten-

56 2346 283 2408 cridentissime
298 2345 542 2424 conspiciuntur.
558 2346 679 2420 0atsra,
696 2354 728 2408 ut
744 2349 907 2424 promissio
951 2351 1035 2411 tiam:
1053 2349 1182 2410 Proinde
1198 2349 1256 2409 tale
1272 2347 1394 2424 aliquod
1411 2344 1578 2406 remedium
1596 2358 1667 2404 osse
1687 2344 1806 2420 iudicat

56 2443 114 2487 non
131 2435 245 2490 tantum
261 2428 292 2489 in
307 2442 424 2507 genere
448 2430 662 2500 annuncietur,
688 2429 743 2491 sed
767 2429 857 2502 etiam
874 2432 904 2491 iu
949 2431 1181 2501 Paenitentiam,
1198 2429 1286 2510 quale
1302 2434 1348 2491 esi
1364 2425 1624 2505 bsptismaslicet
1638 2427 1801 2503 ερετ1ε111-ι

55 2510 225 2587 particulari
241 2511 373 2589 singulis
387 2510 656 2589 applicetur.Hanc
672 2527 742 2573 τετε
758 2512 907 2574 conditio·
948 2530 1083 2577 tersum.
1099 2514 1173 2573 i'ida
1188 2514 1277 2575 etiam
1298 2512 1430 2574 cundem
1448 2510 1501 2571 lib.
1520 2510 1549 2573 1.
1563 2513 1666 2573 ττεῑτε
1679 2508 1804 2571 llarcio·

54 2608 122 2653 nem
138 2593 168 2654 in
185 2593 387 2656 absolutionis
399 2594 457 2657 ritu
473 2594 590 2665 inesse,
608 2610 699 2655 nemo
713 2592 838 2655 inliciari
851 2611 907 2673 po·
949 2613 1019 2659 nem
1033 2602 1179 2659 extremo.

55 2681 122 2736 test.
139 2676 210 2737 11ετε
223 2677 479 2748 quemadmodum
495 2692 531 2738 eu
542 2678 605 2738 iliis
619 2676 732 2739 uerbis:
748 2675 858 2739 Docere
873 2695 906 2739 o·
992 2679 1026 2742 S.
1043 2677 1214 2759 Cyprianus
1226 2677 1273 2738 rel
1291 2675 1477 2754 quicumque
1495 2672 1559 2747 ,luit
1583 2680 1689 2735 auctor
1714 2673 1805 2751 (anti-

53 2774 141 2819 nancs
155 2763 274 2837 quates
290 2757 488 2838 baptizantes
502 2774 554 2821 eos
578 2764 637 2821 etc.
663 2760 847 2837 colligimus,
872 2760 903 2821 in
946 2779 1040 2841 quum
1057 2768 1156 2822 autom
1173 2767 1326 2823 auctorem
1342 2774 1413 2819 esse
1425 2771 1515 2818 nemo
1528 2753 1631 2837 nepai)
1644 2760 1674 2817 in
1687 2772 1803 2819 sermo·

52 2840 227 2916 particulari
242 2840 375 2918 singulis
386 2858 458 2904 esse
473 2843 649 2904 dicentium:
667 2842 732 2921 Epo
748 2847 777 2904 tc
802 2841 905 2920 laptt·
947 2860 987 2906 ne
1001 2846 1041 2907 de
1055 2840 1210 2905 ablutione
1226 2836 1353 2919 pedum-3
1367 2838 1441 2903 Post
1454 2838 1664 2917 septumum.
1691 2838 1802 2918 inquit,

50 2938 88 2983 ao
103 2930 162 2985 etc.
178 2923 224 2985 sic
239 2922 330 2985 etiam
346 2941 383 2988 ex
397 2922 624 3000 istiszanruaa
637 2925 821 2988 renueritis
829 2942 904 3004 pec·
947 2929 1005 3007 qui
1016 2928 1071 2991 sui
1083 2926 1263 2990 reuerentia
1275 2938 1344 2985 nou
1353 2924 1478 3002 potitur
1490 2922 1615 2995 iterari,
1641 2921 1735 2987 atiud
1755 2924 1801 2985 la·

52 3009 134 3077 cuia,
158 3004 306 3083 colligere
328 3005 492 3077 debemus,
518 3008 549 3068 in
576 3008 748 3085 particulari
771 3009 905 3087 singulis
946 3026 1080 3074 vacrum
1089 3009 1272 3087 procurasti
1282 3010 1338 3069 ele.
1727 3002 1730 3007 ’

52 3103 121 3148 τετε
135 3086 315 3152 dicendum:
331 3086 394 3169 Ego
411 3088 463 3151 tibi
477 3090 598 3153 remitto
614 3090 805 3166 pcccata3rcl
820 3092 903 3170 quod
987 3092 1020 3156 S.
1037 3092 1215 3155 Ambrosius
1230 3078 1285 3152 lib.
1305 3091 1334 3151 1.
1350 3089 1388 3150 de
1406 3086 1678 3162 Paenitentiacap.
1692 3084 1803 3158 'l.Cur,

53 3177 97 3232 cst
111 3170 207 3231 idam:
223 3172 290 3249 Epo
306 3176 334 3234 tc
349 3171 477 3236 absoluo
491 3175 674 3251 apcccmis.
699 3173 789 3235 Vides
812 3173 904 3251 igitur
947 3174 1057 3251 inquit,
1075 3174 1258 3254 baptizatis,
1284 3173 1313 3234 si
1334 3187 1394 3250 per
1414 3171 1577 3236 nominent
1600 3176 1734 3248 peccota
1753 3186 1804 3232 re·

53 3253 126 3312 uiltil
141 3253 313 3314 desiderari
328 3255 359 3316 in
376 3259 434 3317 ritu
449 3256 663 3327 absolutionis,
680 3272 799 3327 eorum,
823 3273 902 3334 quac
946 3258 1031 3320 uuiti
1043 3273 1112 3321 non
1125 3257 1215 3319 licui
1229 3254 1269 3317 ln
1283 3255 1444 3332 Baptismo
1457 3255 1545 3316 enirn
1557 3253 1669 3333 utiquc
1692 3254 1804 3316 centis·

53 3336 87 3393 nd
103 3335 255 3413 propriam
270 3337 435 3414 perlectam
450 3340 630 3400 sacramenti
646 3340 794 3400 rationem
809 3339 903 3402 llam·
948 3341 997 3401 sio
1009 3346 1220 3419 peccatorum
1245 3339 1392 3399 omniurn
1414 3341 1471 3411 cce
1494 3352 1599 3414 neque
1623 3336 1755 3398 interest
1768 3351 1805 3397 u-

54 3418 144 3479 nitius
157 3419 328 3495 requisivit.
945 3428 1032 3484 taum
1046 3439 1104 3500 ρετ
1119 3420 1416 3483 Paenitentiamon
1428 3435 1487 3496 pcc
1501 3419 1668 3480 lococrum
1683 3417 1804 3494 laccius

91 3499 150 3562 Sed
166 3500 242 3562 iorle
257 3499 372 3564 calcini
398 3500 535 3564 delinitio
560 3501 590 3563 in
616 3501 699 3564 bunc
724 3504 812 3564 ritum
839 3519 899 3565 non
944 3503 1007 3566 sibi
1021 3504 1135 3566 dotum
1148 3503 1328 3565 sacerdotes
1338 3500 1401 3563 sibi
1413 3502 1601 3563 uindicaui:
1616 3502 1702 3562 idem
1715 3503 1753 3564 in
1766 3518 1804 3564 u·

54 3583 231 3654 qnadrattita
247 3585 370 3659 quidem
386 3582 439 3647 ille
450 3586 541 3646 docet
555 3583 585 3646 in
601 3584 632 3646 1.
650 3584 703 3646 tib.
720 3583 899 3664 lustit.cap.
943 3593 1057 3666 troque
1079 3586 1231 3668 mysterio
1258 3589 1313 3646 est.
1330 3582 1368 3644 Et
1393 3582 1462 3660 quia
1478 3583 1629 3644 donationi
1647 3583 1803 3650 dicebant.

54 3664 100 3724 tii.
118 3663 148 3743 §.
166 3664 216 3728 ts.
234 3666 285 3728 ubi
302 3667 339 3728 ad
355 3683 441 3728 suam
457 3666 665 3731 delinitiouem
681 3668 898 3746 prouocatsed
942 3685 1036 3748 posse
1057 3668 1212 3730 bominem
1226 3665 1400 3744 baptizare,
1418 3665 1486 3744 quia
1503 3665 1532 3725 in
1549 3663 1702 3741 Baptisrno
1718 3665 1799 3728 licus

53 3745 102 3806 illa
119 3746 208 3809 etiam
224 3747 376 3825 (quamvis
390 3751 504 3829 alioqui
519 3752 593 3812 satis
609 3751 722 3829 inepta,
739 3756 771 3811 ul
791 3749 824 3813 ἰε
839 3751 898 3828 pri·
944 3761 1003 3823 est,
1020 3753 1072 3829 qui
1099 3749 1292 3831 potissimum
1312 3755 1479 3824 operatura
1509 3747 1592 3808 addit
1613 3742 1803 3810 Ambrosius:

54 3845 99 3887 no
114 3829 191 3892 libro
205 3831 246 3892 dc
261 3833 460 3903 sacramentis
477 3836 507 3894 in
531 3848 657 3910 genere,
681 3833 898 3894 demonstrari·
945 3833 1028 3911 Quid
1040 3835 1078 3898 in
1092 3833 1417 3905 Paenitentia,nonnc
1430 3845 1551 3892 nornen
1559 3829 1617 3892 lici
1631 3833 1803 3908 operatur?

55 3921 131 3990 inus)
146 3915 182 3972 ad
198 3914 282 3975 burrc
298 3916 387 3976 ritum
413 3914 636 3979 accommodari
663 3921 773 3993 potest.
799 3915 896 3996 lqitur
943 3917 1021 3979 lide
1037 3919 1127 3979 etiam
1147 3916 1203 3977 lib.
1228 3915 1258 3976 2.
1276 3931 1344 3992 cap.
1361 3913 1393 3974 ⁸2.

53 3993 112 4060 ille.
129 3990 182 4056 lib.
200 3994 231 4057 1.
247 3995 381 4058 1εε111ε1.
398 4014 467 4075 τερ.
485 3997 534 4059 tt.
548 3995 565 4079 1
578 3997 831 4075 l.sacramentum
845 3998 898 4059 dc·
983 3999 1016 4062 S.
1033 4000 1237 4079 titaronpnus
1253 3997 1282 4060 in
1301 3996 1356 4058 lib.
1375 3997 1403 4058 1.
1422 4001 1525 4058 corttra
1540 3993 1731 4074 Pelagianos:
1743 3993 1804 4058 'lic-

51 4073 123 4137 iinit:
151 4076 334 4141 Ecctcrnunr
353 4079 552 4162 cymbalum.
577 4095 640 4160 quo
662 4078 899 4143 beneuolentiae
942 4083 1097 4152 dimotus,
1115 4083 1224 4161 inquit,
1239 4079 1401 4158 sanquine
1418 4077 1608 4151 Saloutaria,
1626 4083 1685 4140 out
1697 4079 1735 4140 in
1746 4080 1803 4140 do·

55 4173 127 4233 erpa
151 4174 211 4221 uos
234 4176 341 4234 suaa,
368 4162 595 4240 promissiones
619 4163 821 4226 conscientiis
840 4180 898 4226 no·
941 4179 995 4228 nto
1008 4165 1228 4243 baptismatis,
1246 4170 1304 4226 aut
1317 4162 1355 4224 in
1368 4161 1583 4226 Paenitentia.
1598 4161 1802 4240 quaeimila·

51 4242 118 4300 stris
151 4241 308 4306 Dominus
338 4243 511 4323 obsipnat,
543 4247 589 4308 ad
614 4246 840 4308 stetinensium
855 4243 899 4324 fr
943 4247 1213 4326 turuoptismatis
1228 4247 1381 4326 qratiam
1397 4243 1504 4306 Etiib.
1520 4243 1551 4306 2.
1570 4241 1670 4318 paca.
1689 4243 1799 4321 iuquit,

52 4322 102 4382 dci
120 4333 248 4388 nasicae
268 4325 529 4403 imbecillitatem,
551 4334 581 4390 et
599 4343 659 4390 uos
678 4329 897 4408 τίττέεττερίε·
940 4332 1098 4409 scriplum
1112 4335 1167 4391 est:
1184 4329 1223 4391 Et
1238 4328 1374 4406 sanquis
1399 4327 1475 4390 Jcsu
1500 4327 1657 4390 emundat
1681 4341 1741 4389 nos
1756 4325 1800 4389 ab

51 4410 143 4465 tatem
169 4423 248 4487 erpa
276 4424 350 4471 cum
375 4416 543 4482 nostram,
572 4418 638 4472 tana
664 4426 776 4474 coram
803 4427 840 4474 eo
871 4415 901 4474 et
944 4415 1189 4492 omnipeccato,·
1205 4419 1271 4474 lam
1295 4411 1334 4472 in
1358 4411 1557 4487 consessione
1583 4409 1798 4485 Baptismotis.

51 4488 597 4571 onqau,quau1apuoitomincs
622 4497 787 4556 tutantur.
814 4494 899 4572 sym·
944 4511 1044 4576 quant
1067 4497 1105 4558 in
1125 4494 1294 4558 abnuentia
1319 4492 1544 4555 Paenitudiuis
1572 4493 1801 4568 accipiundum

52 4566 151 4660 bolum
195 4581 381 4644 externum,
424 4580 456 4638 et
486 4575 600 4655 gratiae
637 4575 899 4654 promissionem,
944 4572 1802 4656 εε1.1111εερ1ε1.1.εάΗτ11ττ1ετετετΑ1τε11ε1ετ111ε

53 4665 111 4726 τετε
126 4669 187 4715 εεε
199 4656 297 4718 εετεε1
313 4659 344 4718 1ε
359 4658 419 4720 ritu
433 4657 639 4721 contessionis
654 4664 684 4719 et
697 4658 901 4722 absolutionis
944 4661 1127 4741 quidquam
1139 4660 1308 4722 nauteam
1322 4659 1449 4738 loquor,
1466 4658 1524 4736 qui
1538 4657 1712 4734 apostatico
1727 4672 1803 4734 qra-

54 4736 251 4828 cgstendimus:
267 4739 354 4801 illum
370 4748 471 4802 autem
495 4741 602 4814 docnt,
626 4740 663 4801 acl
686 4742 898 4804 sustinendam
945 4744 1006 4807 dui
1016 4743 1231 4824 succedentes,
1251 4741 1365 4804 thisti
1380 4756 1496 4819 corpus
1509 4755 1602 4802 sacro
1618 4755 1672 4802 ora
1699 4739 1799 4817 conii·

54 4813 139 4877 1ε1ττε
155 4827 184 4880 et
199 4823 345 4900 pietatem
358 4821 590 4898 testificandam,
608 4840 668 4885 εεε
683 4824 784 4887 minus
796 4825 827 4886 iu
840 4828 898 4886 ritu
945 4828 1046 4900 cinae
1061 4843 1119 4905 ρετ
1133 4841 1211 4906 τετε
1226 4831 1255 4886 ct
1267 4840 1327 4887 nas
1344 4822 1519 4886 Christiani
1533 4822 1719 4900 sumus;qui
1734 4823 1799 4884 clo·

58 4897 266 4990 absolutionis,
282 4921 372 4982 quam
385 4909 417 4968 iu
431 4908 489 4969 rito
505 4906 650 4985 baptismi
667 4907 768 4968 iocum
784 4907 898 4969 babere
945 4925 999 4971 ces
1012 4909 1106 4988 requi
1121 4910 1282 4974 coelorum
1296 4906 1456 4978 ltabeutcs,
1474 4907 1711 4985 quodammodo
1724 4913 1801 4967 ante

54 4980 149 5069 rideo.
163 4984 237 5048 llam
252 4989 509 5066 quemadmodum
524 4991 577 5067 qui
593 4989 624 5051 in
637 4989 792 5067 Eaptismo
815 4990 900 5051 audit
944 4992 1030 5054 diem
1039 4991 1162 5066 judieii
1172 4991 1338 5066 judicant·
1354 4988 1404 5050 ubi
1422 4987 1585 5067 conjungit
1598 5003 1667 5050 cunr
1683 4987 1800 5066 Baptis-

55 5060 104 5154 ι11τ
117 5069 204 5129 rerba
221 5070 349 5134 nomine
363 5071 417 5133 liei
433 5074 559 5151 prolata:
576 5072 645 5151 Epo
658 5078 687 5136 tc
712 5072 851 5151 bapino,
866 5088 898 5134 e·
943 5091 993 5136 nro
1005 5081 1034 5134 et
1046 5068 1248 5144 Eucharistio,
1262 5071 1483 5152 poenitentium
1500 5069 1739 5132 absolutionem.

55 5150 264 5218 iratissimum
279 5153 317 5215 ad
333 5169 433 5233 spem,
463 5161 493 5216 ct
508 5155 539 5216 1ε
561 5153 622 5216 lide
647 5154 842 5218 conllrmatur
863 5159 895 5218 et
984 5157 1016 5218 S.
1033 5155 1219 5234 duqustinus
1234 5152 1401 5236 epistlssll.
1417 5155 1453 5216 ad
1470 5152 1667 5214 llonoratum:
1684 5151 1803 5214 Annon

55 5229 359 5316 roboralnrzsimiliter
373 5235 509 5315 iecitqui
522 5243 591 5314 post
605 5238 829 5300 caniessionem
842 5255 895 5300 au·
944 5242 1131 5317 capitaneus,
1150 5237 1258 5315 inquit.
1275 5253 1348 5300 cunt
1362 5237 1407 5299 ad
1426 5238 1561 5298 utonem
1581 5235 1804 5316 periculorum

57 5307 95 5366 itt
108 5316 193 5375 rerba
209 5317 258 5378 itta
275 5336 291 5378 a
306 5318 360 5380 liei
375 5321 473 5398 teqato
488 5321 525 5379 ari
540 5335 575 5382 sc
588 5323 708 5398 proprie
721 5321 892 5400 diriqizliqo
942 5321 1131 5402 peruenitur
1145 5328 1301 5390 emirenta,
1315 5335 1375 5382 nec
1389 5325 1432 5381 est
1443 5323 1580 5396 potestas
1591 5318 1662 5382 ulla
1674 5317 1801 5398 supien-

56 5393 81 5447 tc
94 5393 226 5461 cumton.
242 5400 279 5462 Et
294 5403 374 5464 sicut
388 5404 439 5480 qui
455 5401 492 5465 ad
508 5401 694 5480 Baptismum
716 5406 847 5475 accedit,
868 5409 901 5465 et
944 5405 1201 5482 diquoutusiu
1212 5401 1356 5466 Ecclesia
1383 5399 1453 5478 fieri
1476 5401 1577 5464 soleat
1602 5399 1642 5462 ab
1662 5408 1802 5478 utroque

18 5522 20 5563 ,
60 5485 86 5528 m
112 5475 216 5542 curisti
245 5482 388 5546 iamiliam
415 5483 549 5563 cooptari
578 5486 728 5564 postulat,
756 5486 897 5563 pietatem
943 5502 1029 5550 semu
1047 5532 1055 5554 .
1071 5491 1167 5564 atqua
1182 5483 1222 5548 ob
1238 5485 1329 5546 omui
1343 5489 1445 5548 aelate
1460 5498 1645 5550 concursus.
1659 5484 1734 5548 ollis
1748 5485 1804 5544 tio·

17 5594 20 5647 Ι
59 5567 134 5619 suam
150 5578 217 5641 erpa
234 5564 328 5628 licum
342 5567 423 5645 apud
439 5568 583 5630 homines
598 5572 736 5629 testatur:
753 5570 792 5629 ita
807 5569 899 5630 etiam
941 5572 1097 5650 ptumum
1110 5566 1344 5648 {lapitantibus
1361 5567 1435 5630 aliis
1448 5567 1755 5638 reconciliationem.
1768 5581 1804 5626 a·

17 5687 21 5731 1
58 5643 176 5707 cassidem
192 5652 329 5728 testatur,
345 5653 398 5730 qui
423 5651 512 5730 signa
535 5649 744 5716 Paenitentiae
769 5668 844 5732 prae
864 5667 900 5716 se
946 5654 997 5717 liis
1012 5652 1111 5716 etium
1124 5649 1345 5716 Paenitentioe
1359 5651 1462 5732 ipsius
1478 5647 1810 5727 octioacnomnioaa
