4084 6275
813 363 909 424 tteett
927 361 1078 431 QUINTUS
1708 369 1762 428 519

63 513 135 573 ror,
152 496 239 560 toan.
257 498 306 562 te.
325 499 590 564 Comummatum
615 503 682 576 eti3
698 498 811 577 quibos
825 501 928 566 verbis
971 497 1065 575 igitur
1079 504 1140 575 esi;
1156 497 1297 564 caristus
1312 517 1374 566 ttett
1388 499 1510 564 intravit
1523 501 1555 564 tu
1569 502 1691 566 eoelum
1705 517 1761 582 pet·
1772 507 1833 584 pri·

64 587 194 643 testatur
208 581 355 645 Dominus
376 599 438 644 uno
462 599 518 646 suo
530 583 680 647 saeriiieio
696 583 863 660 perlectum
880 602 927 648 es·
971 595 1053 642 mam
1067 581 1117 642 sui
1130 581 1330 656 oblationem,
1346 585 1436 657 idest,
1454 601 1508 663 per
1529 590 1658 648 mortem
1677 602 1776 655 saum
1790 607 1817 650 u

63 681 100 726 se
117 670 147 726 et
163 665 348 742 completum
366 709 374 738 ‚
403 665 553 746 quidquid
578 669 610 732 in
636 667 767 729 salutem
788 675 927 729 nostram
970 662 1083 724 deinde
1098 670 1196 737 exeat,
1213 670 1244 727 et
1257 683 1292 728 se
1307 665 1464 731 ullerendu
1480 673 1511 730 et
1535 669 1695 732 moriendo
1720 670 1832 733 iterum

66 754 147 807 crat.
972 746 1075 822 intret3
1091 752 1122 808 et
1136 747 1195 810 iaec
1209 749 1337 826 saepius
1351 757 1469 827 repetet
1487 751 1745 828 quemadmodum
1756 769 1833 831 poo-

105 830 302 906 llespondeo:
321 829 405 902 Quod
422 831 585 908 Apostolus
610 831 653 891 ait
677 830 805 892 Roman.
833 832 863 892 3.
887 834 927 894 de
971 827 1043 888 tiles
1057 828 1195 891 leviticus
1211 846 1267 905 per
1290 832 1443 894 uictimam
1468 831 1598 895 intrabat
1624 837 1832 898 sanctuarium

63 911 135 986 lette
147 920 178 972 et
188 911 428 991 tuedomqutct
439 913 929 990 lepemdestruimueperfidem?
971 917 1002 970 et
1016 910 1128 982 cribet,
1145 922 1176 973 ιι
1190 929 1297 976 rursus
1312 915 1421 976 iterum
1437 928 1491 991 per
1505 914 1596 976 aliam
1618 915 1769 978 uictimam
1784 918 1831 978 in·

63 992 159 1066 obsit,
173 995 341 1072 sodlopom
353 998 537 1072 statutorum
553 999 633 1058 leem
650 1011 707 1057 nos
728 999 767 1058 de
782 1013 875 1058 oruoe
897 1007 928 1060 et
971 993 1066 1054 trabat
1080 999 1111 1054 el
1125 995 1237 1056 cribet:
1253 997 1367 1074 alioqui
1383 996 1572 1074 oportuisset
1585 997 1738 1060 Christum
1749 1001 1787 1062 ab
1800 1015 1833 1062 o·

65 1076 161 1138 missa
177 1078 281 1140 dicere
297 1095 474 1155 pessumum
491 1079 641 1158 Numquid
667 1095 791 1140 crucem
819 1084 926 1142 everti·
970 1075 1068 1153 ticine
1084 1078 1190 1138 mundi
1205 1094 1261 1156 pro
1275 1079 1407 1155 singuiis
1420 1079 1673 1156 generationibus
1687 1097 1723 1142 se
1741 1080 1830 1146 uiier·

63 1175 136 1218 ttius
152 1161 344 1236 permissam
360 1162 376 1220 l
398 1162 487 1232 absit,
516 1163 571 1223 sed
601 1177 723 1222 crucem
752 1164 925 1226 statuimus.
970 1173 1001 1216 ιθ
1016 1175 1053 1218 ³0
1067 1162 1272 1238 ¹1¹⁰i¹0¹11tltti
1290 1180 1299 1236 3
1316 1161 1370 1223 ⁸0⁶
1387 1165 1476 1222 “⁰¹0³
1492 1161 1660 1233 ⁰b¹³ii0¹¹0‚
1689 1163 1780 1235 idest,
1798 1184 1832 1226 u·

62 1240 225 1313 Quomodo
240 1244 322 1303 enlm
338 1243 430 1304 missa
446 1250 742 1314 crucemererteret,
755 1261 833 1322 quae
850 1249 925 1308 oilril
971 1240 1037 1300 olco
1054 1248 1150 1301 morte
1163 1250 1285 1318 peccata
1302 1243 1394 1306 tutius
1409 1243 1515 1305 mundi
1531 1245 1680 1323 purgavit,
1696 1253 1728 1306 ot
1752 1249 1833 1309 cocti

60 1323 160 1386 terme
176 1332 223 1387 ost
237 1327 329 1397 atiud,
348 1327 406 1387 nist
421 1327 564 1388 continua
585 1327 833 1388 commemoratio
858 1345 926 1390 oro·
969 1323 1084 1384 sottum
1098 1325 1243 1395 omuibus
1258 1326 1435 1387 bominibus
1450 1328 1581 1404 operuit
1608 1327 1751 1390 Videmus
1776 1330 1833 1407 igi·

65 1407 130 1466 cis?
144 1407 204 1468 Sed
220 1409 258 1468 nd
269 1418 492 1486 argumentum.
510 1407 844 1471 Felemursacriilulum
859 1427 926 1472 eru·
972 1411 1020 1465 tor
1035 1407 1214 1482 Apostolum
1230 1424 1291 1469 nott
1317 1408 1483 1470 excindere
1508 1408 1678 1487 quemlibet
1703 1413 1834 1473 iteratio·

65 1489 124 1549 eis.
142 1491 201 1550 rim
215 1489 361 1552 iniinitam
378 1499 408 1553 et
422 1494 646 1569 sempiternam
658 1492 771 1552 trabere
797 1493 834 1553 ud
856 1511 924 1554 sann-
970 1503 1043 1548 nem
1057 1488 1221 1552 oblationis
1233 1490 1354 1563 Christi,
1371 1492 1427 1554 sed
1442 1492 1633 1564 eamsolam,
1659 1506 1737 1571 quae
1752 1509 1832 1556 mor-

64 1573 276 1640 ctilieuodom.
290 1581 384 1651 atquo
400 1575 472 1636 inde
501 1574 591 1651 sequi
616 1573 837 1646 concedimus,
864 1593 925 1638 non
976 1577 1036 1632 tem
1052 1571 1152 1648 ipsius
1166 1575 1305 1650 requirit.

63 1669 137 1715 esso
152 1671 231 1733 opus
246 1657 305 1717 alio
319 1657 469 1720 sacrificio
484 1661 595 1728 erucis,
611 1665 662 1718 aut
677 1658 816 1732 ejusdem
832 1663 924 1722 sacri·
1009 1652 1065 1714 Illa
1080 1671 1204 1733 quoquc
1219 1657 1310 1720 rerba
1325 1653 1704 1735 capilisltl.Sortctiitoeti
1715 1671 1829 1720 sumite

61 1735 127 1798 ticli
142 1739 448 1816 crucisrepetitiune3
465 1742 553 1812 idest·
571 1755 637 1802 non
649 1755 719 1802 esse
734 1755 824 1818 optus,
848 1747 880 1801 ιιι
895 1760 924 1802 ι-
968 1752 1028 1811 per·
1043 1735 1240 1810 oblationem
1264 1741 1407 1817 eorporis
1435 1739 1681 1802 semetsemet.
1710 1738 1747 1799 ttt
1768 1739 1832 1801 illa:

60 1818 126 1880 lius
141 1819 278 1887 Christus
294 1823 440 1886 moriatur
455 1841 509 1899 pro
525 1824 681 1892 uouisset
696 1829 728 1883 ut
742 1823 823 1884 idum
840 1823 924 1884 Citri-
971 1818 1040 1880 dno
1050 1819 1213 1882 obtotione
1223 1823 1459 1884 consummavit
1467 1822 1831 1900 iaaempiteroumson·

59 1909 130 1964 stus
144 1907 268 1980 saepius
283 1906 439 1969 moriatur.
455 1907 607 1983 decamus
621 1913 722 1967 autem
738 1905 809 1966 indo
822 1909 921 1986 sequi,
969 1900 1280 1976 ctificotoasimiliter
1293 1906 1333 1966 de
1348 1910 1474 1967 eruenta
1489 1905 1644 1968 oblatione
1659 1902 1835 1980 intelligen-

63 1999 128 2044 non
145 2001 237 2062 posse
252 1988 320 2050 sine
334 1989 436 2050 crucis
461 1989 571 2052 Citristi
596 1989 705 2067 injuria
731 1989 923 2066 multiplicari
969 1985 1005 2042 do
1022 1992 1103 2046 suot·
1121 1984 1240 2048 Scottis
1255 1987 1336 2048 eslim
1352 1995 1411 2062 t2⁵¹3
1429 1985 1494 2049 Pei·
1506 2003 1597 2049 unam
1618 1985 1727 2049 chtisti
1751 2001 1831 2047 ¹¹1⁰*

65 2067 215 2129 sacrificia
246 2075 504 2147 repraesentantia
531 2071 714 2134 sacriiicium
744 2073 869 2144 crucis,
896 2081 930 2134 et
971 2075 1031 2127 tem
1047 2067 1226 2128 sanctificati
1249 2085 1370 2138 sumus.
1396 2072 1496 2132 imino
1515 2071 1606 2131 etiam
1632 2070 1834 2130 consummati

63 2150 135 2226 eius
149 2151 282 2214 trucium
297 2154 387 2216 nubis
401 2156 598 2233 applicantia.
625 2154 736 2215 tiamsi
765 2155 803 2214 ita
828 2163 923 2228 esset,
967 2166 1090 2223 sumus,
1108 2151 1210 2229 adepti
1238 2151 1382 2214 videlieet
1407 2169 1477 2218 non.
1494 2153 1594 2214 solum
1620 2151 1836 2214 remissionem

63 2247 129 2292 ιιοιι
144 2234 243 2296 solum
260 2237 439 2299 tollerentur
455 2239 565 2300 missae
581 2238 620 2298 de
632 2236 745 2306 medio,
762 2237 816 2297 sed
833 2240 923 2302 aliam
970 2242 1176 2308 peccatorum,
1193 2236 1248 2294 sed
1265 2236 1355 2297 ctiam
1381 2241 1558 2297 ornamenta
1577 2232 1725 2313 justitiae,
1743 2241 1773 2294 et
1788 2235 1832 2310 ip·

59 2312 257 2377 efficeremus
272 2320 372 2380 omnia
389 2321 536 2382 sacriticia
553 2321 737 2381 Testamenti
754 2321 864 2382 ueteris
880 2323 924 2383 lu·
968 2331 1036 2376 sam
1044 2316 1275 2391 beatitudinem
1292 2324 1323 2380 θῑ
1338 2321 1397 2380 boo
1422 2318 1452 2378 5¹¹
1476 2319 1710 2394 sodomiticum,
1736 2316 1829 2386 idest.

61 2395 128 2458 isse
144 2408 263 2474 peraeta
281 2403 310 2461 in
328 2403 471 2480 injuriam
486 2405 587 2464 crucis
604 2402 725 2464 Gltristi.
742 2401 922 2464 llamsauri·
969 2414 1024 2475 pro
1039 2399 1121 2460 omni
1138 2407 1236 2461 aetate
1264 2407 1294 2462 ιι
1308 2400 1519 2478 generatione,
1537 2408 1570 2460 ut
1581 2400 1644 2480 jam
1660 2415 1721 2460 non
1740 2405 1830 2476 eqea-

59 2477 166 2541 ficium
182 2485 283 2545 crucis
299 2501 359 2546 non
375 2486 475 2548 solum
498 2488 556 2546 rim
583 2485 691 2546 ιιιιιιιιι
713 2485 923 2548 senctiileandi
970 2497 1038 2542 teos
1052 2481 1112 2541 olto
1127 2481 1260 2552 Christo.
1277 2485 1330 2559 (titt
1347 2491 1446 2545 morto
1459 2499 1515 2544 sun
1537 2499 1594 2544 uos
1619 2481 1758 2542 redimat:
1781 2483 1829 2543 lo!

59 2563 181 2626 iuturus
195 2565 347 2640 homines,
364 2569 420 2629 sed
437 2570 526 2630 etiam
542 2570 734 2646 pmeteritos:
752 2569 824 2628 inde
839 2570 921 2630 enim
968 2573 1001 2624 ut
1017 2564 1098 2624 idem
1114 2564 1253 2627 cbristus
1268 2582 1328 2644 pro-
1339 2565 1438 2639 oobis,
1455 2567 1503 2627 rel
1531 2581 1586 2644 pro
1611 2563 1681 2626 aliis
1705 2565 1830 2642 sqepius

57 2644 184 2718 «licitur,
200 2653 435 2722 aquosoeeisus
459 2653 497 2712 ub
522 2652 640 2729 origine
666 2649 783 2718 mundi,
808 2653 922 2727 tpoen·
970 2648 1127 2708 morimur.

59 2726 127 2804 lyp.
146 2728 194 2791 it.
210 2729 269 2792 lita
289 2733 380 2810 igitur
403 2733 517 2795 calvini
543 2733 777 2809 consequentia:
804 2733 922 2795 sacnti·
1009 2727 1087 2788 tttod
1104 2735 1205 2790 autom
1221 2746 1259 2791 ex
1276 2731 1387 2792 eodem
1401 2729 1512 2806 capite:
1543 2729 1598 2792 ilbi
1621 2736 1668 2791 eoi
1687 2724 1833 2790 remissio

58 2810 262 2874 oiumorucis
277 2823 325 2875 est
345 2818 614 2893 perlectissimum;
640 2831 714 2892 ergo
739 2832 799 2877 nort
822 2824 926 2892 potest
966 2819 1186 2888 peccatorum,
1202 2813 1279 2891 inm
1300 2828 1369 2877 oon
1394 2820 1439 2875 eet
1462 2811 1582 2874 ultorio
1602 2825 1664 2890 pro
1684 2817 1829 2889 peccota,

56 2893 137 2970 erigi
155 2894 259 2962 altare.
275 2897 347 2973 quin
363 2903 514 2961 evertatur
528 2917 602 2961 cruat
617 2899 768 2963 Citristizsi
785 2901 856 2976 quid
874 2917 921 2960 ra·
966 2896 1049 2972 qttod
1065 2895 1229 2956 adversarii
1246 2895 1376 2957 metiore
1392 2901 1513 2971 urgent,
1530 2897 1557 2955 st
1579 2894 1652 2970 (told
1674 2894 1830 2972 probaret.

56 2973 102 3035 iet
118 2985 223 3038 ettotra
239 2981 331 3040 altare
347 2980 514 3052 lieolesiae,
529 2983 643 3044 valebit
656 2984 745 3042 etiarn
762 2989 865 3042 ‹contr-a
878 2986 919 3043 al·
949 2982 1082 3057 ,tantum
1099 2978 1250 3055 probaret.
1270 2995 1331 3040 nun
1347 2993 1418 3038 esse
1433 2978 1539 3038 locum
1551 2981 1621 3054 post
1646 2975 1831 3038 sacrificium

57 3063 127 3118 tare
143 3076 329 3141 synagogae:
347 3079 496 3143 negemus
512 3066 601 3143 igilur
625 3081 694 3126 eum
722 3064 919 3132 linnieltaeis,
966 3062 1079 3132 crucis,
1096 3062 1150 3122 ulli
1168 3060 1320 3122 sauriilcio
1335 3061 1555 3139 propitiatorio,
1574 3074 1634 3119 non
1650 3064 1755 3119 autent-
1775 3059 1829 3119 ulli

57 3148 95 3201 ut
111 3140 237 3205 Celtico
252 3161 424 3221 parcamus,
440 3148 665 3211 Testamentum
682 3150 864 3225 telus,quutl
878 3157 924 3211 tot
966 3144 1118 3206 sacriticio
1133 3146 1273 3205 absolute
1291 3162 1299 3204 :
1317 3161 1386 3205 narn
1402 3144 1493 3204 molta
1509 3150 1582 3203 sunt
1595 3140 1743 3203 saerilleiu
1757 3156 1830 3204 rere

59 3225 168 3287 altaria
185 3229 315 3290 erexerit
327 3229 357 3290 io
374 3232 589 3292 contumeliam
606 3230 718 3291 urticis.
739 3280 745 3287 .
966 3233 999 3287 et
1011 3230 1133 3305 proprie
1149 3228 1241 3293 dicta.
1258 3243 1339 3307 quoe
1352 3243 1412 3287 non
1428 3232 1501 3287 sunt
1516 3224 1734 3301 propitiatoria.
1751 3222 1829 3295 Oua·

106 3306 184 3371 lllud
210 3317 332 3373 autem.
359 3315 439 3391 quud
470 3312 611 3377 Calvinus
636 3313 767 3373 addebat
791 3312 923 3374 tructam
966 3326 997 3370 re
1014 3308 1266 3385 parumtldeliter
1282 3309 1424 3371 caltinus
1438 3326 1475 3370 er
1490 3306 1582 3369 Paulo
1596 3306 1829 3379 citarit,nullam

60 3392 168 3453 crocis
183 3394 257 3455 satis
271 3394 417 3473 applicari
434 3412 488 3473 per
503 3397 759 3473 praedicationem
782 3394 872 3455 terto
895 3403 925 3455 et
966 3393 1099 3467 amplius
1114 3399 1230 3453 restare
1252 3392 1451 3457 oblationem.
1478 3407 1547 3452 cum
1573 3390 1684 3451 Paulos
1704 3389 1828 3450 disertis

59 3473 359 3539 adrninistraiionem
376 3495 492 3540 coenae
508 3480 640 3539 bomini:
656 3478 786 3556 proinde
803 3494 862 3537 non
878 3493 928 3538 es·
970 3475 1075 3537 vorbis
1098 3474 1217 3546 dixerit,
1246 3474 1360 3535 oollam
1385 3489 1459 3535 esse
1481 3472 1667 3536 oblationem
1686 3487 1741 3549 pro
1756 3486 1828 3549 pec-

60 3572 100 3615 se
115 3571 197 3630 opus
209 3558 363 3621 sacritieio
380 3563 505 3623 missae:
524 3563 600 3622 ninii
616 3562 782 3623 concludit.
806 3558 878 3621 Nam
896 3561 925 3619 in
970 3565 1051 3619 oato.
1784 3598 1792 3615 ,

57 3638 171 3713 primis
184 3641 484 3720 audemargurnento
497 3646 656 3721 probarem
670 3658 932 3723 supervacaneam
1013 3639 1074 3701 Sed
1090 3655 1193 3717 neque
1207 3639 1394 3699 admittimus
1408 3653 1443 3697 es
1460 3636 1519 3697 itoc
1533 3637 1602 3697 locu
1628 3650 1720 3714 posse
1745 3634 1831 3727 colii·

57 3734 136 3783 esse
151 3738 278 3785 coenam
297 3726 427 3791 llumini.
444 3727 514 3803 quia
532 3728 647 3789 tructus
662 3726 860 3787 crucissatis
875 3744 926 3803 op·
973 3724 1016 3801 gi.
1032 3723 1163 3783 missam.
1183 3739 1245 3783 nun
1271 3737 1343 3783 asse
1365 3720 1548 3782 sacrificium
1572 3717 1831 3796 propitiatortom,

57 3803 194 3879 plicatur
224 3822 279 3882 per
294 3808 495 3886 llaptismum3
523 3812 615 3872 immo
630 3816 661 3869 at
676 3808 859 3885 llaptismum
876 3824 926 3869 sn·
972 3822 1028 3867 seu
1045 3806 1231 3867 obtritionem
1247 3820 1302 3881 pro
1316 3809 1454 3881 peccato.
1471 3800 1543 3862 liam
1558 3803 1620 3862 duo
1634 3800 1833 3875 requiruntur

57 3901 286 3962 perracaneom
304 3907 386 3961 esse,
403 3893 485 3970 quttd
502 3894 567 3953 sola
588 3892 814 3970 praedieatione
838 3892 926 3953 llerlti
972 3890 1008 3949 ad
1026 3888 1239 3953 remissionem
1257 3893 1463 3963 peccatorum3
1480 3884 1588 3953 unum,
1605 3887 1638 3943 ut
1663 3884 1834 3954 inveniatur

58 3971 162 4043 possit
178 3974 300 4034 excitari
317 3972 406 4047 ildes,
424 3992 480 4053 par
501 3992 591 4051 quam
616 3976 786 4053 applicatur
812 3974 927 4035 irttutns
973 3972 1104 4047 pretinm
1119 3970 1321 4041 liberationis,
1337 3985 1394 4030 seu
1408 3965 1572 4030 satisfactio
1584 3964 1668 4045 juxta
1683 3970 1714 4025 et
1726 3963 1830 4026 debita

56 4054 176 4114 crucis.
193 4052 308 4117 Placuit
324 4060 416 4135 igitur
437 4057 501 4120 ileo
530 4060 608 4119 varia
635 4060 733 4124 media
761 4058 924 4122 instruere,
972 4055 1093 4115 divione
1106 4053 1253 4131 iustitiae.
1271 4052 1416 4114 Alterum.
1433 4056 1467 4111 ut
1481 4049 1610 4126 pretium
1626 4047 1657 4109 in
1670 4046 1831 4124 particula·
1884 4053 1887 4057 ’

58 4135 181 4209 quibus
194 4137 327 4210 taeilius,
354 4141 492 4211 suarius,
520 4142 643 4218 plenius
671 4140 799 4201 trucium
824 4142 926 4199 crucis
972 4140 995 4197 ri
1011 4138 1183 4214 applicetur
1198 4135 1385 4195 hominibus.
1401 4132 1486 4205 Quod
1499 4132 1606 4191 attinet
1621 4131 1660 4194 ad
1683 4126 1829 4198 Primum,

60 4234 339 4298 consequeremur,
355 4231 446 4301 atque
462 4240 555 4285 unum
579 4240 616 4284 ιιι
641 4224 701 4287 liis.
728 4238 786 4283 nus
810 4222 925 4283 sacrill·
972 4219 1157 4281 sacriilointn
1173 4222 1274 4279 crocis
1288 4217 1407 4279 remisit
1427 4214 1527 4275 omnia
1549 4218 1686 4292 peccata.
1712 4218 1832 4289 praete·

59 4300 146 4360 cium
162 4303 275 4363 missac
291 4321 362 4366 asse
377 4306 605 4368 contendimus:
633 4322 734 4381 oeque
760 4306 924 4365 attrersarii
971 4305 1038 4371 rita,
1056 4304 1226 4380 praesentia
1256 4307 1286 4361 et
1301 4296 1566 4373 lutura;siquidcm
1581 4295 1711 4374 pretium
1727 4293 1831 4387 oequi-

57 4385 247 4446 coutrariom
263 4388 363 4449 adlruo
378 4388 542 4450 ostendere
558 4396 731 4465 potuerunt.
748 4386 864 4449 Deinde
881 4395 924 4448 et·
972 4385 1042 4445 sirit
1055 4384 1420 4457 sufficientissimompro
1436 4380 1571 4457 peccatis
1597 4378 1688 4439 totius
1713 4377 1831 4438 mundt:

60 4464 156 4526 iamsi
172 4469 208 4529 od
225 4470 440 4547 applicandum
461 4471 591 4533 trucium
618 4472 729 4535 crocis.
756 4486 817 4531 non
842 4476 926 4530 esset
972 4476 1006 4528 ιι
1017 4469 1087 4528 ideo
1101 4468 1156 4526 illo
1183 4464 1334 4527 sacriticio
1350 4468 1472 4541 peracto
1487 4468 1518 4523 et
1532 4460 1666 4540 peccatis
1679 4459 1832 4533 remissis,

59 4548 253 4613 sacritieium
270 4554 381 4615 missae
397 4556 617 4629 necessarlum,
633 4572 691 4615 nee
708 4554 792 4621 utile,
811 4568 870 4613 narn
884 4558 926 4612 tn·
971 4568 1032 4611 ιιιιιι
1047 4555 1141 4610 restat
1154 4550 1215 4609 ulla
1230 4548 1340 4608 similis
1355 4546 1468 4606 oblatio
1490 4561 1545 4623 pro
1573 4546 1712 4619 peccalo.
1736 4542 1829 4614 idest,

55 4646 132 4691 men
147 4642 330 4710 sequeretur
343 4652 415 4700 esse
430 4640 461 4698 io
477 4637 619 4716 injuriam
635 4639 746 4703 crocis.
762 4636 842 4710 quod
860 4634 925 4695 Cal·
971 4650 1026 4711 pro
1040 4633 1228 4711 acquirendo
1239 4633 1337 4705 pretio
1348 4631 1384 4689 od
1398 4626 1610 4688 remissionem
1622 4630 1831 4704 peccaturum.

2 4778 3 4785 ,
55 4713 339 4792 viuoprobandom
356 4728 431 4797 cret;
453 4722 546 4781 immo
572 4736 630 4781 noc
654 4724 837 4797 sequeretur
863 4734 923 4779 non
971 4716 1006 4777 Et
1023 4718 1081 4780 lano
1096 4716 1196 4777 sulum
1212 4719 1270 4776 est.
1287 4711 1368 4785 quod
1385 4712 1547 4785 llpostotus
1562 4724 1600 4769 ιο
1615 4709 1684 4768 ιοιιι
1709 4706 1832 4801 scribit.

58 4812 136 4857 csse
152 4804 377 4864 necessarium.
392 4802 464 4865 llam
480 4803 582 4864 adbuc
610 4800 818 4863 necessarium
841 4807 926 4861 esset
972 4800 1123 4867 Οιιιιιιιιιιι
1138 4798 1176 4857 ad
1194 4797 1381 4864 Secundum,
1399 4793 1534 4853 nondum
1550 4792 1628 4853 tacta
1649 4796 1699 4851 est
1722 4805 1831 4851 remis·

57 4878 98 4939 ad
116 4880 298 4959 religionem
314 4886 573 4956 constituendam,
603 4901 681 4965 quae
706 4884 774 4945 sine
799 4889 925 4944 externo
972 4882 1017 4943 sio
1033 4888 1227 4961 peccatorum
1243 4878 1391 4938 omnium:
1410 4892 1480 4936 nam
1494 4874 1596 4938 ndltuc
1610 4878 1681 4967 sunt
1697 4878 1728 4934 et
1740 4880 1833 4967 erunt

3 4996 4 5035 ι
54 4961 212 5025 sacrificio
227 4980 298 5028 esse
313 4984 374 5031 non
390 4970 542 5046 potesttad
560 4969 656 5031 Deum
671 4968 755 5029 cultu
767 4981 924 5043 supremo.
972 4980 1071 5039 usque
1086 4964 1124 5025 ad
1140 4960 1245 5023 mundi
1262 4958 1570 5029 consummationem,
1596 4954 1709 5049 qulbus
1734 4956 1832 5032 appll-

3 5074 5 5119 ι
54 5052 89 5105 et
104 5043 149 5105 illi
166 5046 226 5109 soli
242 5048 347 5112 debito
362 5051 589 5119 honorandum.
605 5053 641 5115 ud
657 5048 842 5112 sacrificium
859 5064 926 5109 cru·
972 5048 1103 5107 candum
1118 5046 1159 5109 sit
1173 5042 1303 5121 pretium
1319 5040 1556 5111 liberationis‚et
1567 5036 1833 5131 remutteudnpeo·

3 5142 5 5203 ι
55 5126 107 5186 eis
124 5135 439 5214 commemorandum3
457 5144 487 5198 et
501 5136 539 5197 ad
554 5135 632 5197 ulios
645 5133 736 5207 lines,
752 5134 791 5195 de
812 5130 926 5210 quibus
972 5135 1050 5193 eata.
1065 5136 1095 5189 ιι
1110 5129 1181 5189 ιιιιιι
1195 5130 1334 5188 remanet
1348 5124 1446 5187 laostia
1461 5138 1517 5201 pro
1530 5126 1670 5201 peccatu,
1688 5121 1833 5183 nimirum

3 5244 5 5287 p
58 5213 319 5287 supradiximus.
971 5210 1154 5273 sacrificium
1166 5210 1292 5270 missae.

3 5326 6 5369 ,
101 5292 148 5353 Ad
161 5294 229 5357 loca
244 5314 280 5359 ex
296 5298 388 5361 Paulo
403 5299 532 5362 adducta
549 5299 692 5360 lacillime
707 5297 923 5375 respondetur.
1013 5294 1115 5355 ilices:
1132 5290 1258 5352 Videtur
1273 5289 1451 5366 Apostolus.
1466 5302 1535 5349 cum
1551 5283 1604 5349 ait:
1620 5284 1695 5347 lom
1707 5301 1777 5347 aton
1791 5290 1838 5348 est

3 5404 6 5453 q
54 5374 128 5435 llam
145 5377 237 5440 rerba
255 5382 305 5442 illa
321 5382 430 5460 eapitis
451 5382 483 5444 a.
509 5382 615 5461 illeque
628 5390 665 5443 ut
686 5383 818 5458 saepias
831 5393 865 5440 se
878 5378 924 5455 ot·
970 5376 1089 5439 obtorto
1101 5391 1161 5454 pro
1174 5378 1317 5451 peccato,
1334 5374 1490 5450 respicere
1510 5369 1549 5432 ad
1563 5367 1712 5429 sacriiieia
1731 5368 1834 5443 judai·

3 5492 7 5539 t
52 5458 140 5532 tarot
160 5466 220 5523 etc.
250 5466 443 5542 apertissime
469 5468 604 5527 omnium
624 5465 828 5543 expositorum
851 5476 922 5521 eon·
968 5477 1014 5527 ιι,
1032 5474 1112 5536 quae
1128 5472 1182 5534 pru
1198 5462 1326 5532 peceato
1340 5452 1698 5545 dicebantor3acdocere
1712 5450 1763 5513 illa
1786 5468 1833 5544 sa·

3 5588 5 5615 ,
54 5558 152 5602 sensu
168 5545 208 5605 de
223 5553 346 5607 eruenta
363 5548 518 5608 oblatione
543 5546 720 5621 accipienda
743 5552 825 5621 ιιιιιις
853 5560 921 5604 nam
952 5541 1079 5620 ,crificia
1095 5555 1165 5601 esse
1180 5536 1447 5613 otnniaabroqala,
1474 5550 1546 5595 eum
1567 5548 1630 5613 qam
1651 5538 1772 5610 peracta
1795 5540 1837 5594 stt

4 5658 8 5701 ,
53 5640 127 5684 titur
156 5626 236 5689 idern
263 5630 375 5691 Paulus
403 5631 573 5708 srtbjuuqit:
599 5629 729 5707 Alioqui
757 5626 923 5706 oportebat
969 5624 1396 5697 remissiopeccatoromaton
1413 5616 1836 5691 tet-posatumexetudutao·

4 5740 8 5789 p
53 5722 133 5770 utrm
146 5709 416 5791 licqucntorputt
431 5714 471 5777 ub
497 5713 623 5793 uripioc
647 5713 775 5774 oratorii.
805 5714 922 5773 sensus
969 5710 1018 5770 lus
1034 5722 1142 5771 noram
1157 5703 1421 5781 oblationemque
1438 5700 1765 5779 acquiraturprctiout,
1778 5699 1835 5761 sod
