4084 6275
799 388 896 447 uisui
915 381 1071 455 QUARTUS
1703 390 1757 455 ill

15 536 22 590 ι
75 525 303 591 nostraseelern
320 522 613 599 merebamurouod
629 510 929 587 idemadmittithi·
970 523 1107 588 donosbr
1118 518 1196 600 quae
1209 524 1321 605 iiij'ostc
1332 534 1482 606 rapuerat.
1493 527 1729 607 Nampeooatum
1741 542 1829 607 prae·

15 620 22 671 t
75 610 176 689 lippus
191 609 222 670 in
237 609 314 670 locis
328 609 545 670 communibus
560 608 666 670 ultimo
680 608 772 671 editis
787 608 930 670 titdesa·
974 610 1098 689 cipoum
1113 607 1403 685 Nabuchodonosor,
1417 612 1469 691 ,ab
1491 616 1570 690 qood
1600 627 1728 689 poenam
1745 613 1827 673 illum

15 702 22 757 i
75 691 263 766 tisiactione,
274 697 304 753 et
319 690 350 751 in
365 690 504 769 apologia
521 692 726 762 contessionis
744 698 929 769 augustanae
974 697 1137 768 meruerat,
1154 706 1243 766 quarn
1259 694 1406 771 propbeta
1423 693 1628 774 eleemosynis
1649 694 1738 755 auerti
1756 700 1826 772 p'os·

73 792 142 855 cap.
159 775 198 836 de
213 771 414 836 Conlessione
436 781 467 835 et
481 772 703 852 Satisiacti0n03
719 772 930 836 etllemnitius
974 773 1109 849 sedicit,
1127 790 1187 835 non
1204 775 1258 835 luit
1272 777 1374 853 rapina
1399 776 1548 837 bonorum
1574 778 1755 850 alienorum,
1778 783 1830 838 ant

15 867 22 926 ι
72 859 106 921 in
122 859 153 919 2.
169 855 399 935 praestaminis
415 872 484 934 pap.
503 854 594 917 toto.
974 857 1098 936 aliquod
1113 855 1194 917 aliud
1212 858 1585 933 peccatumin‘bominas,
1602 860 1657 921 scd
1682 858 1827 937 superbia

15 947 21 1005 t
78 984 83 993 ,
114 942 205 1002 Ριιιι
219 940 360 1002 catholici
378 940 431 999 tria
447 938 673 1000 docent.Primo
688 954 803 1018 poenas
815 945 931 1018 tempu
975 946 1006 1001 et
1019 940 1121 1001 cordis
1137 938 1293 1000 etatiooic
1308 939 1388 1001 enim
1404 942 1535 1016 legimus
1552 944 1580 1003 in
1595 939 1647 1002 illo
1663 940 1830 1019 ipsoloa·

16 1045 21 1089 ι
71 1024 153 1086 rates
167 1022 294 1085 alterius
309 1025 398 1093 ritae,
415 1036 493 1095 quae
508 1023 538 1081 in
555 1022 930 1099 purgatorioluendaees·
975 1024 1038 1101 pite
1054 1020 1199 1083 Danielis:
1226 1021 1267 1083 lu
1291 1022 1370 1083 aula
1394 1022 1566 1104 Babylonis
1588 1023 1830 1099 deambulabat·

16 1127 20 1169 ι
69 1114 151 1178 sent,
168 1106 278 1167 redimi
294 1102 538 1181 posseiejuniisf
551 1104 930 1184 precibuscleemospnis,
972 1105 1201 1183 responditque
1213 1118 1286 1167 rem.
1297 1110 1326 1165 ιι
1340 1105 1399 1166 ait:
1415 1104 1524 1168 Naoue
1540 1108 1617 1183 boec
1629 1112 1673 1167 est
1684 1106 1832 1187 Babylon

16 1194 20 1257 i
70 1191 203 1267 aliisque
218 1188 278 1266 piis
292 1205 327 1248 ae
343 1185 503 1248 laboriosis
515 1186 661 1263 operibus
678 1187 770 1266 bajus
785 1188 874 1250 ritae:
892 1189 931 1249 de
973 1202 1106 1265 mapua,
1123 1202 1222 1265 quam
1236 1200 1292 1264 epo
1308 1186 1483 1263 aedificari
1504 1192 1542 1252 in
1567 1191 1699 1252 doraum
1724 1191 1831 1268 rapui,

15 1291 20 1339 t
72 1290 132 1352 qua
147 1270 416 1335 resatisdinimus
433 1268 566 1331 inlibris
581 1271 619 1329 do
634 1272 820 1348 purgatorio.
973 1273 1012 1333 iu
1025 1267 1138 1332 robore
1150 1269 1349 1345 fortitudinis
1363 1286 1465 1341 meae,
1482 1280 1510 1333 ιι
1523 1274 1560 1334 ira
1573 1273 1678 1351 pluria
1705 1273 1868 1333 decoris

15 1379 18 1420 ι
114 1355 270 1417 Secundo:
288 1353 405 1415 Poenas
420 1352 605 1429 temporales
618 1350 712 1427 hujus
737 1354 814 1415 ritae
839 1354 932 1415 inter·
974 1354 1058 1415 orei?
1074 1351 1214 1428 comque
1227 1366 1331 1413 sorano
1347 1352 1454 1416 adbuc
1469 1357 1593 1417 assatio
1604 1356 1832 1433 orerepisoom

15 1461 18 1504 t
70 1437 146 1498 dnm
162 1450 223 1499 nou
239 1450 331 1513 posse
345 1433 467 1505 redimi,
484 1432 538 1495 sed
562 1434 738 1496 necessario
758 1436 932 1515 perpetien-
975 1436 1014 1498 de
1030 1435 1115 1498 caeto
1129 1434 1208 1497 ruit:
1226 1433 1425 1497 ubidicitur
1447 1436 1737 1501 Nabuchodonosor
1757 1452 1829 1512 reso,

16 1545 18 1588 ι
71 1520 129 1581 das
143 1517 259 1581 essezid
275 1518 355 1594 quod
372 1522 592 1577 extraomnem
608 1521 844 1579 controversiam
861 1531 933 1581 esse
974 1532 1113 1597 repoum
1126 1514 1275 1583 transibit
1288 1533 1309 1577 a
1323 1522 1352 1577 ιι
1367 1524 1424 1580 ιιι.

68 1603 203 1663 videtur.
220 1601 300 1663 Deus
315 1598 396 1661 eninr
408 1598 571 1676 aliquando
587 1600 626 1660 ita
642 1615 771 1677 poenum
798 1603 931 1676 aliquam
1016 1602 1173 1663 Praeterea
1190 1599 1307 1661 etiamsi
1324 1608 1481 1678 peccatum
1497 1603 1579 1681 regis
1595 1600 1702 1663 luisset
1722 1601 1833 1678 iniqui·

15 1695 18 1754 t
70 1685 242 1750 constituit,
260 1690 292 1743 ut
307 1682 420 1743 nuliam
435 1698 491 1760 pro
506 1698 541 1743 ea
558 1683 799 1759 redemptionem
812 1684 932 1760 accipe·
977 1691 1024 1746 tas
1038 1683 1070 1746 in
1086 1682 1238 1745 bomines:
1255 1688 1433 1745 tamennon
1450 1686 1549 1746 solum
1572 1685 1646 1746 illud
1674 1690 1834 1762 peccatum

15 1777 18 1839 1
68 1765 685 1843 rerelit.lalisinprinrispoenamors
698 1768 933 1842 est,qnamnul·
977 1766 1083 1830 babuit
1096 1764 1387 1837 Nabuchodonosor,
1405 1768 1458 1827 scd
1476 1769 1565 1828 multo
1578 1766 1760 1828 alisDaniel
1780 1782 1835 1827 au·

16 1875 19 1920 ,
70 1850 124 1912 lus
140 1846 333 1930 quantumvis
345 1847 461 1925 justus,
477 1847 541 1907 uilo
557 1847 607 1926 pio
619 1864 713 1924 opere
728 1856 862 1910 avertere
880 1865 933 1925 po·
977 1857 1038 1911 tem
1054 1849 1153 1909 omnia
1167 1854 1288 1924 peccata
1300 1847 1505 1927 eleemosynis
1518 1850 1625 1913 redimi
1642 1865 1734 1928 posse
1748 1848 1833 1910 dicit:

15 1958 19 2006 ι
69 1934 142 1994 tuit.
158 1932 240 1993 Talis
254 1932 309 1992 tuit
324 1946 422 2007 poena
438 1929 488 1989 illa
505 1929 636 2003 Doridis,
653 1931 683 1992 2.
700 1931 777 2009 lleg.
795 1930 935 2007 ιιιὶιιιι
977 1933 1112 1995 Ριιιιιιιι
1127 1935 1194 2001 tua,
1221 1930 1329 2007 inquit,
1356 1931 1563 2013 eleemosynis
1587 1933 1721 1995 redime.
1748 1931 1836 2007 Quod

15 2044 19 2090 ι
68 2014 295 2093 blasphemare
308 2013 411 2089 secuti
423 2012 935 2092 inimicosDomioiproptercer·
978 2016 1089 2077 elarius
1104 2014 1247 2075 scribitur
1261 2012 1371 2074 lobi.
1387 2014 1601 2096 Dicemaspua
1611 2014 1652 2076 ab
1664 2015 1836 2092 amuipec·

15 2114 18 2173 ι
69 2096 526 2177 buotboa,siliusqut'aatus
541 2094 676 2168 esttibi,-
695 2102 797 2161 morte
820 2100 935 2160 moria·
977 2104 1048 2161 cato
1064 2100 1242 2159 alamania
1271 2094 1397 2157 liberat.
1414 2096 1558 2175 Loquitur
1573 2100 1662 2175 igitur
1676 2097 1781 2158 Daniel
1797 2098 1836 2156 da

15 2213 18 2237 .
70 2188 141 2244 tur.
157 2180 289 2241 Tametsi
305 2178 386 2240 enim
402 2175 497 2239 David
510 2178 704 2256 jejunaverit,
721 2188 752 2240 et
767 2180 849 2240 hami
866 2197 935 2258 pro·
980 2183 1175 2257 eleemosyna
1192 2184 1327 2239 nontam
1344 2185 1376 2239 ut
1393 2178 1568 2242 bominibus
1593 2180 1725 2242 ablatum
1749 2180 1839 2240 resti·

15 2297 18 2330 ι
71 2259 347 2339 stralusorar'erit,
363 2268 543 2323 nontamen
559 2265 687 2323 mortem
703 2263 784 2322 illam
809 2262 863 2324 lilii
885 2263 935 2323 soi
979 2265 1047 2329 tuit,
1065 2278 1154 2338 quam
1171 2269 1202 2322 ut
1220 2258 1480 2323 Deumoileusum
1497 2264 1606 2339 placat.

65 2344 436 2421 redimerepotuitoatis
450 2345 542 2404 etiam
557 2343 612 2404 tuit
627 2359 725 2423 poena
741 2344 792 2406 itia
807 2342 935 2422 Moysis,
1021 2346 1086 2407 lloc
1101 2344 1189 2406 etiam
1202 2344 1274 2407 lacit
1299 2344 1379 2420 quod
1395 2345 1436 2403 ait
1460 2345 1676 2423 apostoloci.
1700 2342 1839 2407 Corinth.

69 2428 252 2490 neintraret
267 2427 298 2487 in
313 2433 424 2487 terram
446 2426 673 2504 promissionis,
700 2426 739 2488 ob
765 2436 936 2503 peceatum,
982 2428 1033 2489 lt.
1050 2427 1083 2489 st
1102 2426 1310 2505 nosmetipsos
1335 2424 1590 2506 dijudicaremus
1607 2474 1614 2503 ,
1641 2442 1709 2491 rou
1728 2427 1839 2507 utique

53 2513 158 2585 ,quod
174 2511 212 2573 ad
233 2517 350 2590 petram
379 2507 461 2572 Dreb
485 2510 692 2570 commiserat:
719 2510 833 2585 roqarit
855 2514 937 2571 enim
976 2510 1217 2587 judicaremur.
1715 2538 1718 2547 ν

67 2594 196 2673 blopses
210 2593 257 2673 (ut
270 2593 339 2669 ipse
354 2596 481 2653 testatur
495 2591 584 2656 Deut.
603 2590 649 2670 3,)
674 2591 783 2668 Deum,
811 2598 844 2653 nt
865 2608 937 2669 poe·
1024 2593 1172 2671 lienique,
1191 2593 1250 2653 brie
1265 2592 1396 2667 pertinet
1409 2593 1559 2654 sententia
1577 2592 1626 2653 iila
1647 2591 1841 2671 sougustinl

72 2694 148 2737 nana
165 2678 248 2737 illam
263 2676 322 2738 sibi
339 2674 537 2752 coridoparet.
555 2680 585 2734 et
606 2675 769 2735 exauditos
793 2692 854 2736 non
877 2681 937 2736 est.
981 2674 1014 2735 in
1029 2675 1138 2753 psalm.
1155 2672 1374 2751 sinoponus
1385 2683 1519 2752 peccato
1533 2675 1757 2748 eorum,etiam
1771 2674 1842 2752 qui·

69 2758 155 2821 Vide
170 2776 197 2820 s.
216 2756 393 2835 Gregoriom
408 2757 464 2818 lib.
481 2755 511 2817 9.
535 2756 640 2819 Noral.
667 2773 735 2835 cap.
762 2756 813 2818 30.
841 2758 871 2819 in
887 2758 936 2818 illa
982 2756 1039 2818 bus
1054 2757 1275 2835 opposctsmon
1289 2758 1449 2819 dimisisti:
1465 2760 1510 2819 sic
1523 2758 1726 2837 proaropasti
1746 2758 1840 2818 mise·

68 2842 169 2902 verba
185 2839 217 2903 ιζ’
230 2840 300 2903 lob:
317 2841 400 2902 Deus
414 2840 507 2921 crpus
520 2840 591 2902 irae
604 2855 699 2902 namo
717 2841 863 2904 resistere
881 2856 938 2919 pa·
980 2840 1170 2910 ricordiam,
1185 2840 1222 2900 ut
1235 2850 1376 2901 sorores
1393 2842 1421 2900 ιι
1434 2841 1755 2918 ueritaiemdpuoseis
1768 2854 1840 2901 coo·

15 2964 20 2998 ,
70 2932 150 2987 ιιιι.
672 2957 674 2960 -
737 2994 742 3004 .
980 2922 1098 2998 fiteusi,
1114 2922 1265 2999 ipoosar's,
1282 2923 1843 3001 ιιιιιιιίιιιιιιι,ιιιιιιιιιιιιιιιιιιιιιιι·Δ

16 3059 18 3080 ,
118 3003 331 3073 Tertiozposse
347 3002 509 3083 aliquando
524 3019 641 3080 poenas
652 3006 837 3082 temporales
848 3005 939 3086 hujus
982 3013 1036 3067 tar
1049 3004 1273 3067 misericordia
1300 3006 1471 3065 alacritas.
1489 3002 1525 3063 Dt
1540 3006 1589 3064 ilia
1606 3006 1701 3065 sancti
1729 3004 1843 3082 Draga-

69 3088 160 3150 uilae
174 3088 242 3152 aliis
256 3086 404 3166 operibus
419 3086 495 3169 tolli:
513 3087 542 3146 id
558 3087 639 3162 qood
656 3094 715 3148 tam
731 3095 778 3150 cst
803 3090 832 3150 in
860 3089 938 3152 Sari·
983 3088 1017 3148 rii
1035 3088 1089 3152 lib.
1105 3086 1135 3150 9.
1154 3086 1259 3148 llornl.
1280 3102 1349 3164 cap.
1375 3085 1426 3148 il.
1452 3086 1666 3150 Proculdubio
1688 3084 1843 3150 Dominus

68 3172 179 3250 pluris
195 3171 333 3240 evidens,
351 3177 383 3231 ut
397 3169 507 3230 mirum
523 3169 563 3230 sit
576 3170 614 3230 ab
629 3170 693 3230 ulio
707 3173 810 3249 negari
826 3173 939 3250 potuis·
982 3171 1135 3233 delictum
1148 3171 1217 3232 siue
1233 3171 1357 3233 ultione
1371 3184 1440 3231 mou
1453 3171 1581 3232 deserit:
1599 3176 1657 3232 aut
1672 3172 1758 3232 euim
1772 3171 1842 3247 ipso

68 3271 123 3315 se.
141 3252 229 3316 Certe
242 3251 392 3314 Ninivitas
405 3252 446 3314 oli
461 3253 562 3330 gravia
573 3258 697 3328 peccota
710 3261 884 3315 meruerant
897 3255 938 3329 id,
983 3252 1042 3315 boc
1057 3253 1151 3314 bomo
1165 3253 1201 3313 iu
1215 3267 1249 3313 se
1271 3253 1438 3330 poemiam
1461 3254 1570 3330 punit,
1597 3259 1655 3314 aut
1675 3251 1733 3314 boc
1759 3253 1842 3313 Deus

16 3363 19 3405 ι
69 3335 162 3413 quod
175 3335 260 3397 Deos
275 3335 338 3406 iltis
354 3335 557 3397 comminatus
572 3334 717 3403 lucrator
730 3343 800 3412 post
814 3336 940 3412 quodra-
983 3350 1058 3398 cum
1071 3333 1200 3396 bomiae
1212 3335 1384 3402 uindicaus
1396 3338 1543 3413 percutit.
1570 3334 1606 3396 lit
1631 3341 1768 3398 caeterae
1792 3335 1842 3395 Pa·

16 3443 20 3487 ι
66 3420 158 3497 ginta
173 3419 242 3480 dies
254 3418 360 3486 Niniue
373 3415 614 3478 subrerteretur:
631 3426 661 3478 et
676 3423 775 3479 tamen
796 3418 939 3496 iejuniis,
983 3423 1061 3479 trum
1076 3417 1258 3489 sententiae,
1275 3433 1351 3495 quas
1365 3417 1441 3479 inira
1458 3435 1526 3495 cap.
1542 3417 1573 3480 9.
1587 3409 1774 3480 adieramus.

16 3530 18 3571 ι
68 3502 178 3563 saccis
206 3507 242 3571 et,
253 3500 398 3577 precibus
413 3499 610 3583 Ninivitarum
625 3499 764 3576 placatus
780 3499 940 3573 Dominus,
1188 3527 1191 3534 ⁴

16 3613 19 3655 ι
66 3585 229 3645 civitatem
244 3583 327 3643 illam
342 3584 544 3644 conservarit.
560 3581 668 3644 lonae.
687 3585 742 3645 ult.

118 3666 254 3729 Secundi
272 3665 400 3743 Paralip.
426 3665 454 3725 l.
479 3664 630 3729 Dominus
654 3666 706 3725 ait:
735 3665 772 3728 Si
795 3667 940 3729 clausero
1085 3709 1088 3716 ·
1320 3680 1438 3749 qqppp
1460 3677 1509 3748 pp,

16 3782 17 3807 ι
67 3749 214 3818 eoelum,
230 3749 387 3826 at'ptauia
399 3763 468 3809 aaa
480 3747 627 3827 Numerio,
643 3753 675 3810 et
686 3750 897 3824 mandavero,
910 3754 941 3810 ct
1158 3755 1161 3762 ’
1532 3797 1536 3814 ι

16 3866 17 3879 ι
63 3847 270 3912 praecepero
286 3832 437 3901 locustae,
454 3839 490 3891 ut
504 3831 632 3893 deuoret
645 3837 809 3902 terram,et
823 3834 940 3895 misero

65 3914 294 3994 pestilentiam
306 3915 345 3975 iu
356 3913 514 3992 populum
527 3929 821 3976 meumtcoouersas
832 3923 941 3976 atatem
987 3925 1414 4009 operapapopsosfflpspm
1425 3927 1535 3988 reatus
1546 3939 1672 4001 poppae
1686 3927 1844 4004 tempora.

66 3997 220 4078 pwnlm
233 4012 324 4060 Μ*
337 4012 436 4074 ⁸¹¹⁰?
449 4011 529 4075 ‘¹⁰⁰⁸
543 3997 731 4092 immun?
746 4000 807 4094 5³⁸¹,
820 4012 940 4093 '‘me''
1122 4017 1160 4094 tu
1177 4032 1333 4111 sopiatur
1345 4035 1459 4109 sponte
1472 4029 1593 4108 suscipi
1605 4043 1709 4106 posse.

68 4078 940 4171 meumdeprecatusmerueratetemquasaerctfacaem
1694 4146 1696 4152 ,

69 4167 231 4236 meamet
244 4164 343 4240 aperit
354 4162 691 4240 poeaitentiamauiis
702 4164 770 4224 suis
781 4164 939 4240 pessirais:

70 4253 109 4308 et
125 4263 182 4324 epo
196 4247 377 4308 coaudiam
391 4245 432 4307 de
446 4245 544 4312 coelo,
560 4251 589 4305 et
609 4245 770 4322 propitius
794 4250 848 4308 ero
867 4262 941 4324 pac·
1025 4241 1122 4304 'lertio
1138 4241 1277 4320 quaestio
1292 4245 1368 4314 enit,
1384 4239 1487 4300 illrum
1502 4251 1595 4316 opera
1609 4236 1845 4317 laboriosoque

16 4386 17 4405 ,
69 4330 161 4391 eatis
175 4345 297 4401 eorum,
314 4334 344 4390 ιι
357 4325 481 4389 sanabo
498 4332 620 4388 terram
631 4342 754 4389 aarum.
985 4323 1044 4386 bus
1059 4323 1176 4400 poenae
1193 4324 1369 4402 temporalis
1382 4330 1484 4386 reatus
1505 4322 1677 4400 expiandus
1699 4329 1758 4391 est,
1783 4327 1845 4381 tum

16 4446 18 4491 p
116 4410 290 4473 Hieremiae
306 4409 356 4471 tu.
373 4410 519 4472 Dominus
544 4410 631 4471 dicit:
657 4410 797 4486 ltepeato
821 4412 941 4489 loquar
986 4413 1097 4482 sponte
1112 4409 1295 4470 assumenda
1310 4408 1383 4479 siut,
1400 4413 1463 4467 tum
1479 4404 1568 4468 ctiam
1595 4420 1623 4464 a
1637 4403 1848 4468 sacerdotibus

15 4532 19 4575 ι
64 4496 384 4570 adamasqeotam,
400 4498 431 4553 ιι
444 4493 599 4555 aduersus
611 4507 762 4570 reprom,
777 4500 815 4554 ut
835 4494 942 4565 eradi
986 4488 1203 4568 injungamus·

16 4617 19 4658 ,
63 4593 146 4639 cem
173 4584 203 4638 ιι
216 4578 391 4647 moutam,
408 4581 438 4636 ιι
452 4575 642 4652 disperdam
653 4575 750 4636 illud.
773 4575 810 4637 Si
831 4576 943 4654 poeui-
1030 4569 1200 4633 Concilium
1217 4571 1339 4635 trident.
1356 4587 1436 4634 sess.
1455 4567 1503 4632 tl.
1520 4585 1589 4648 cap.
1602 4565 1633 4630 o.
1647 4566 1849 4642 docet,tribus

15 4683 20 4745 p
65 4660 213 4722 tentiam
228 4658 328 4736 aperit
340 4674 419 4735 peras
431 4659 492 4720 itta
507 4674 529 4719 a
542 4657 630 4721 malo
643 4671 716 4732 sua,
731 4674 830 4735 epam
845 4664 876 4719 ιι
886 4673 942 4735 epo
987 4654 1088 4720 modis
1102 4653 1231 4716 Domino
1247 4653 1401 4716 satisfieria
1419 4667 1533 4732 poenas
1555 4659 1584 4713 et
1609 4650 1730 4729 flagella
1751 4667 1766 4710 ι
1785 4649 1849 4712 Deo

16 4781 21 4824 ,
60 4743 313 4822 poeaitentiam
325 4757 425 4820 super
437 4740 537 4814 malo,
552 4740 801 4820 quodcopitaui,
813 4741 943 4818 atroce·
987 4737 1123 4798 immissa
1139 4740 1289 4814 patienter
1303 4737 1441 4814 terenda
1458 4749 1550 4813 opera
1566 4735 1717 4826 laboriosa
1739 4739 1849 4811 sponte

15 4867 21 4911 ¹
64 4842 147 4889 rem
164 4826 205 4888 ci.
987 4821 1187 4896 assumend03
1204 4828 1236 4882 ιι
1250 4821 1391 4882 mulctum
1408 4820 1601 4880 sacerdotum
1613 4815 1736 4878 arbitrio
1750 4816 1850 4894 injure

116 4909 196 4970 Dan,
212 4906 321 4970 lium
332 4907 482 4986 propheta
495 4903 693 4984 exposuisset
703 4905 769 4984 regi
780 4904 942 4978 visionem,
987 4907 1066 4962 ctam
1082 4903 1257 4966 subeundo.
1276 4903 1318 4964 Da
1332 4902 1444 4980 quibus
1467 4899 1566 4960 modis
1592 4899 1691 4960 solum
1717 4899 1849 4976 primum

63 5007 133 5070 per
148 5007 239 5068 quam
254 4991 388 5051 indicata
402 4991 499 5050 tuerat
514 5004 613 5066 poena
638 4988 827 5065 temporalis,
851 5003 942 5064 quam
988 4986 1055 5046 sinc
1072 4989 1278 5054 controversia
1293 4984 1457 5046 adversarii
1474 4982 1647 5045 admittunta
1664 4984 1787 5041 modum
1799 4999 1851 5040 se·

15 5116 23 5165 ι
65 5074 391 5136 iileobsoasaelcra
413 5073 598 5133 merebatur:
624 5073 771 5133 continuo
795 5071 942 5147 subjecit:
988 5065 1648 5144 cundumettartiunr,Philippusinlocis,
1673 5065 1776 5124 liudo
1799 5063 1851 5125 Sn-

16 5202 24 5265 Ρ
70 5155 294 5230 Quaroabrem
308 5171 372 5218 rem
386 5156 561 5216 ιοιιιιιιιιιιι
572 5152 823 5232 meumploceat
834 5153 902 5225 tibi,
914 5158 945 5216 ιι
988 5149 1173 5214 tisiactione.
1190 5165 1286 5228 prope
1300 5150 1405 5221 linem,
1423 5148 1541 5209 ridetur
1562 5147 1687 5208 omnino
1709 5145 1851 5224 rejicere,

15 5276 21 5334 ¹,
60 5246 284 5317 peecatatua
304 5238 515 5318 eleemosynis
542 5238 677 5303 redime,
703 5243 733 5297 ιι
753 5237 943 5315 iniquitates
988 5247 1058 5294 cum
1074 5235 1119 5294 sic
1135 5233 1281 5310 loquitur:
1298 5233 1398 5296 Necte.
1415 5231 1568 5310 inquiunt,
1585 5229 1730 5290 Ecclesia
1743 5229 1849 5306 impa-
1898 5277 1907 5296 ,

64 5331 150 5384 tuas
164 5322 396 5384 misericordiis
408 5335 606 5398 pauperum.
622 5318 678 5380 Dbi
705 5320 898 5395 apertissime
914 5336 942 5378 s.
988 5316 1038 5376 uit
1052 5315 1181 5396 aliquas
1205 5316 1468 5392 mortificationes
1488 5312 1656 5391 apsntibus
1684 5311 1850 5388 poeniteu-

15 5453 24 5502 p
70 5405 189 5466 Daniel
205 5405 308 5478 docet,
319 5417 417 5483 posse
433 5417 550 5480 poenas
565 5407 760 5479 peccatoram
773 5403 832 5479 piis
844 5403 944 5478 operi·
988 5399 1082 5461 tiam:
1098 5399 1156 5460 llic
1168 5400 1286 5460 ilar-aru
1297 5396 1587 5460 admonendisumt
1606 5396 1667 5471 pii,
1683 5399 1719 5454 ut
1733 5394 1850 5455 doecr-

16 5527 18 5538 ·
69 5489 142 5548 bus
157 5488 279 5549 redimi.
931 5479 935 5493 '
988 5485 1073 5542 aaut
1087 5480 1349 5560 hypocrisimseu
1361 5475 1618 5557 speraindeum
1638 5493 1660 5538 a
1683 5475 1852 5552 mortifica-

121 5569 226 5646 Neqoe
241 5575 341 5644 potest
356 5559 581 5629 accommodnii
593 5565 667 5628 huic
678 5566 747 5626 loco
761 5566 875 5627 solutio
889 5565 941 5628 illa
990 5564 1077 5624 tioue
1093 5563 1211 5624 debita.
1229 5561 1426 5636 Nortiiicatia
1442 5575 1511 5622 aaa
1524 5559 1679 5621 simulata
1696 5599 1705 5632 ,
1736 5565 1780 5634 est
1794 5565 1853 5622 aut

72 5653 210 5721 calcini,
225 5653 305 5730 qood
322 5653 463 5728 loquatur
478 5648 584 5711 Daniel
605 5649 645 5711 dc
661 5649 872 5726 contemptione
887 5648 940 5710 de·
988 5661 1083 5707 uerus
1095 5646 1188 5709 dolor
1198 5647 1236 5709 iu
1246 5641 1681 5720 eontmumepatpctientto
1690 5643 1853 5703 sustinens

69 5736 137 5799 biti
151 5736 189 5797 ad
201 5733 355 5802 homines,
372 5740 404 5795 ut
418 5733 560 5794 videlicet
581 5732 754 5797 restitueret
782 5730 939 5793 Nabucbo·
987 5728 1297 5809 amosoffliotioues:
1312 5735 1347 5790 ut
1364 5727 1465 5790 Dauid
1483 5724 1672 5805 objurpatus
1683 5724 1852 5799 aNatbau,

156 5838 326 5892 Βειιιιιιιιιιι.
344 5833 405 5891 l'cl.
426 5821 471 5889 ¹¹¹.
1599 5831 1630 5885 itt
