4084 6275
284 354 338 413 550
1016 353 1062 413 ΒΕ
1080 351 1181 413 hissa

210 488 427 553 &ecclesiast
440 483 592 552 hierarch.
616 487 647 547 et
667 482 810 549 clemens
830 485 887 550 lib.
909 486 942 550 8.
962 494 1063 556 const.
1109 486 1178 549 dam
1202 484 1346 567 pietatem
1363 526 1373 559 ,
1389 487 1453 547 turn
1468 482 1507 549 ad
1522 482 1676 549 fastidium
1705 482 1747 549 hc
1766 480 1902 547 taedium
1918 476 1979 543 mi·

209 590 279 652 cap.
291 572 323 635 5.
336 578 367 638 et
378 570 507 652 cyrillus
521 566 675 630 catechesi
685 566 717 630 5.
735 573 861 648 myslcg.
878 571 1002 646 Vidisti,
1016 574 1064 635 in·
1108 568 1278 633 nuendum.
1465 630 1467 633 .

208 657 286 734 quit,
302 655 480 728 0000000οι0
492 665 616 728 equom
629 650 782 715 lovennis
792 654 945 717 titanibus
956 656 1069 733 perae,
1149 653 1193 715 Ex
1207 648 1409 716 caeremoniis
1424 648 1652 713 communibus.
1668 650 1769 713 Prima
1784 654 1845 719 est,
1867 664 1979 727 asper·

207 746 336 815 gentem
347 734 526 799 secerdoti?
540 732 576 794 Et
591 732 707 796 ibidem
730 733 830 795 reddit
850 753 990 799 caussam
1007 740 1063 800 tru-
1109 735 1156 799 siu
1171 750 1268 814 aquae
1282 732 1553 815 benedictaeliam
1568 732 1600 794 in
1615 733 1782 797 dominicis
1794 732 1906 794 diebus
1921 748 1978 793 an·

204 822 260 901 jus
272 818 494 887 caeremoniae,
511 814 641 881 aedicit,
658 832 719 877 nou
741 815 880 880 adhiberi
896 835 962 881 eam
975 820 1062 883 lotio·
1108 826 1139 881 te
1155 819 1276 880 initium
1290 815 1439 879 solemnis
1454 817 1580 891 missae,
1596 817 1743 879 sacerdos
1754 830 1864 893 aquam
1878 814 1978 876 benc·

207 920 279 966 nem
295 903 331 963 ad
343 901 451 964 sordes
466 899 605 979 eorporis
618 898 810 969 abluendas,
835 916 903 963 cum
920 918 1010 965 nemo
1032 904 1064 967 in
1109 902 1185 965 dicit
1209 917 1246 962 ae
1261 899 1375 961 deinde
1390 897 1526 977 aspergit
1540 914 1586 974 so,
1603 900 1849 972 etministros,et
1860 899 1976 971 altare,

206 985 376 1048 Ecclesiam
389 981 524 1044 sordidis
545 982 688 1044 manibus
712 981 862 1045 accedere
873 986 994 1047 audeat:
1008 987 1064 1048 sed
1109 990 1141 1046 et
1156 982 1316 1063 populum:
1333 997 1412 1060 quae
1429 982 1571 1059 aspersio
1598 989 1646 1045 est
1661 982 1812 1063 quaedam
1839 981 1980 1058 expiatio

206 1068 248 1129 oh
263 1066 435 1146 symbolum
451 1064 591 1142 puritatis
608 1064 712 1137 animi,
728 1081 790 1145 qua
806 1066 1062 1145 pulteredebent,
1109 1073 1140 1129 et
1157 1064 1348 1146 praeparatio
1364 1062 1549 1126 adiuturum
1565 1064 1809 1127 sacrilieium.lle
1824 1081 1905 1142 aqua
1921 1062 1976 1125 he·

206 1151 258 1229 qui
272 1155 386 1210 tantum
397 1151 548 1227 peragunt
561 1146 757 1225 sacrificium.
1108 1150 1229 1211 uediota
1244 1147 1311 1212 lose
1327 1146 1520 1209 tractavimus
1535 1148 1565 1208 in
1578 1148 1609 1209 3.
1625 1148 1681 1209 lib.
1697 1149 1737 1209 de
1759 1147 1902 1209 Ecclesia
1920 1146 1976 1207 tri·

246 1232 344 1293 Prima
357 1229 550 1293 caeremonia
561 1244 634 1309 ergo
649 1231 795 1309 poputum
814 1237 897 1307 ,est
921 1232 1063 1295 salutatio
1109 1232 1276 1310 omphacio
1288 1246 1358 1309 cap.
1375 1230 1406 1293 i.
1422 1226 1477 1292 llic
1491 1229 1592 1292 solum
1604 1237 1769 1293 annotasse
1788 1228 1926 1293 sufficiet
1941 1246 1976 1290 a·

131 1344 138 1361 ·-
204 1328 261 1393 per
274 1314 431 1377 Dominus
444 1310 622 1375 coracem.-
633 1314 673 1375 de
685 1331 744 1392 qna
757 1316 788 1376 in
803 1316 946 1395 sequenti
962 1318 1063 1395 capite
1109 1312 1523 1392 quaehcnediotiunemas.
1540 1312 1652 1375 Basilio
1675 1314 1755 1375 inter
1779 1311 1971 1391 apostolicas
2039 1366 2040 1374 ,

205 1396 397 1460 dilt'eremus.
837 1397 840 1401 ’
1110 1398 1287 1460 traditiones
1303 1394 1453 1457 numerari
1469 1392 1525 1457 lih.
1540 1395 1580 1457 de
1595 1395 1709 1474 Spiritu
1721 1403 1828 1458 sancto
1841 1393 1972 1473 capiti.
2039 1376 2040 1465 i

247 1478 387 1542 Secunda
401 1476 592 1539 caeremonia
607 1483 655 1538 est
668 1476 807 1542 dimissio
834 1479 938 1559 pupuli
951 1497 1006 1558 per
1019 1479 1066 1543 lte
1110 1486 1140 1541 et
1155 1478 1318 1542 dominicis
1334 1478 1446 1540 diebus
1468 1477 1505 1539 ad
1532 1480 1656 1541 missam
1682 1478 1822 1541 adhiberi
1845 1478 1973 1539 solitam

204 1563 307 1625 minc
321 1559 605 1638 est‚dequaetiam
626 1560 957 1626 iutradicemusznam
982 1566 1061 1625 istae
1109 1578 1206 1641 aquae
1221 1561 1443 1637 aspersionem,
1459 1559 1563 1640 colligi
1578 1578 1616 1623 ex
1629 1560 1795 1641 diicrotogo
1811 1562 1843 1623 in
1860 1560 1920 1622 lib.
1933 1559 1973 1620 de
2039 1630 2040 1653 χ

203 1644 419 1707 coeremoniae
434 1642 465 1704 in
487 1642 591 1704 verbis
606 1644 801 1720 consistunt,
818 1662 879 1709 uon
895 1647 926 1707 in
942 1646 1065 1719 actione
1110 1644 1374 1711 observationibus
1388 1643 1607 1705 ecelesiasticis
1623 1660 1692 1723 000.
1708 1642 1760 1705 tu.

204 1736 337 1789 tantum.
454 1744 458 1748 ’
1151 1726 1499 1793 Secundacaeremonia
1515 1728 1751 1798 eommunis,est
1768 1724 1971 1789 thurilicatio:

253 1811 349 1871 Prima
366 1807 558 1870 caeremonia
587 1824 660 1889 erga
677 1824 724 1871 ‘ea
751 1826 830 1889 quae
857 1811 1003 1890 leguntur
1033 1811 1064 1872 in
1111 1827 1180 1872 narn
1196 1813 1268 1872 tirus
1283 1808 1466 1875 adoleturin
1482 1808 1586 1883 missa,
1602 1816 1667 1871 tum
1682 1809 1720 1870 ad
1736 1810 1919 1884 altare,tum
1934 1808 1973 1867 00

203 1894 364 1962 missumst
376 1898 497 1953 cantus:
514 1891 552 1952 de
567 1909 626 1970 qna
639 1908 700 1954 non
716 1899 764 1953 est
778 1893 836 1955 hoc
851 1901 989 1972 tempore
1003 1910 1065 1955 mu·
1109 1894 1312 1973 euangelium,
1330 1897 1394 1954 tum
1409 1890 1448 1953 ad
1461 1892 1731 1963 000000οιοι00,ιοιο
1747 1892 1839 1954 etiam
1855 1890 1895 1951 ad
1910 1891 1973 1953 cte·

203 1994 265 2055 gna
284 1974 505 2049 contrauersim
522 1990 591 2036 nam
603 1974 664 2054 ipsi
679 1976 769 2036 ctiam
785 1976 931 2039 haeretici
946 1977 1061 2055 passim
1108 1992 1174 2038 rum
1204 1981 1235 2037 et
1250 1974 1409 2054 populum3
1425 1974 1595 2053 etquidem
1610 1976 1686 2037 baec
1701 1973 1900 2036 caeremonia
1917 1990 1972 2033 an-

206 2059 370 2124 0000οι.οι
384 2063 540 2136 praeterea
555 2056 814 2137 hahemosipsius
826 2059 945 2122 Domini
963 2076 1066 2121 exem·
1108 2058 1281 2137 tinuissima
1295 2062 1355 2119 est.
1369 2056 1442 2119 Nam
1464 2074 1533 2120 can.
1558 2058 1589 2120 l.
1615 2056 1824 2138 apostolorum
1852 2055 1972 2118 dicitur

203 2140 378 2219 0100.Νοιο
395 2139 500 2201 hlatth.
516 2138 717 2218 Tbiegimns:
734 2140 897 2204 Dominum
914 2144 945 2203 in
960 2142 1065 2203 ultima
1108 2141 1281 2219 thymiama,
1307 2156 1365 2202 seu
1391 2138 1552 2202 incensum
1579 2138 1771 2203 offerendum
1797 2140 1835 2201 00
1859 2139 1971 2211 altare,

204 2239 314 2290 coena.
330 2224 362 2284 in
378 2240 438 2302 qna
454 2222 549 2300 prima
562 2224 674 2286 missae
688 2225 837 2286 institutio
852 2231 883 2287 et
896 2224 1064 2287 celebratio
1109 2240 1179 2287 eum
1193 2239 1277 2287 saera
1292 2222 1465 2295 celebratur
1480 2224 1604 2286 oblatio.
1620 2224 1782 2302 dionysius
1797 2238 1868 2301 cap.
1882 2220 1973 2283 3.ec·

206 2306 409 2379 consistebat,
426 2304 573 2383 hymnum
588 2306 753 2368 cecinisse:
778 2307 829 2369 iila
844 2307 925 2369 enim
944 2307 1036 2371 rerba
1054 2326 1063 2369 r
1109 2306 1412 2369 ctesiast..hiararch·.
1430 2304 1611 2369 describens
1625 2307 1716 2368 ritum
1728 2304 1911 2369 celebrandi
1925 2320 1972 2365 sa·

203 2390 244 2451 Et
258 2389 378 2469 hymno
394 2388 490 2456 unte.
507 2403 634 2464 graecae
645 2385 839 2468 00000000ος.
856 2390 978 2469 proprio
994 2406 1061 2453 ean·
1109 2389 1214 2454 criticii
1230 2387 1452 2461 Eucharistiae,
1470 2388 1608 2467 meminit
1633 2390 1723 2451 etiam
1748 2388 1861 2449 thuris.
1881 2387 1918 2448 ln
1934 2388 1971 2449 li·

205 2479 269 2533 torn
286 2470 472 2550 significant.
485 2468 557 2531 Nam
572 2477 605 2545 ut
617 2472 807 2550 Augustinus
821 2473 924 2544 docet,
951 2474 982 2534 in
995 2473 1064 2535 titu-
1108 2473 1216 2551 iurgiis
1229 2470 1334 2535 iacobi
1348 2477 1380 2533 ct
1395 2470 1612 2551 chrysostomi,
1642 2470 1758 2532 mentio
1779 2470 1813 2532 iit
1837 2470 1972 2531 henedi-

203 2555 268 2615 lom
285 2555 364 2631 psai.
381 2552 431 2615 it.
446 2568 546 2631 usque
567 2554 644 2616 adeo
672 2554 711 2616 de
740 2558 857 2617 ratione
886 2556 991 2636 hymni
1017 2561 1066 2619 est
1107 2554 1218 2619 ettonis
1232 2554 1330 2617 thuris
1345 2559 1376 2617 et
1390 2552 1622 2616 thurificationis
1651 2553 1689 2615 ad
1705 2553 1811 2615 altare.
1841 2552 1969 2615 Praete·

201 2643 327 2709 cantus,
343 2642 376 2698 οι
396 2634 457 2697 nisi
473 2641 623 2707 cantetur,
639 2635 772 2717 hymnus
786 2637 847 2700 dici
864 2654 926 2701 non
948 2639 1060 2716 possit.
1106 2652 1158 2700 rea
1174 2635 1366 2699 homoeusio
1381 2636 1546 2715 pontidcali
1562 2636 1593 2698 in
1608 2635 1668 2699 rita
1682 2634 1800 2698 Soteris
1816 2642 1851 2698 et
1865 2635 1973 2715 Syhe-

203 2718 292 2781 llnde
305 2718 396 2781 etiam
412 2717 578 2780 concilium
601 2719 766 2781 toletanum
780 2719 832 2783 lV.
855 2737 923 2784 ean.
948 2721 999 2784 t2.
1023 2722 1063 2784 de
1106 2720 1159 2783 stri
1175 2718 1366 2799 pontificum,
1380 2720 1461 2781 inter
1475 2719 1533 2781 alia
1548 2734 1633 2781 sacra
1649 2734 1719 2781 rasa
1735 2716 1901 2783 Ecclesiae
1913 2736 1973 2781 nu·

204 2802 328 2880 hymnis
344 2800 493 2863 canendis
507 2800 540 2863 in
555 2815 643 2863 sacro
657 2800 770 2875 officio,
785 2803 860 2869 dieii
882 2820 938 2865 nos
960 2819 1064 2865 exem·
1108 2808 1204 2865 meret
1217 2801 1371 2864 thuribula
1386 2816 1443 2865 seu
1459 2800 1711 2882 thymiamateria:
1738 2817 1834 2880 quare
1857 2801 1972 2864 laisum

201 2886 289 2963 pluro
305 2883 427 2945 Domini
443 2881 570 2946 habere:
587 2898 701 2969 enque
716 2884 824 2947 talsurn
848 2902 920 2948 asse
944 2886 1064 2963 colligi·
1107 2885 1256 2963 estquod
1272 2884 1387 2947 Plotina
1401 2884 1433 2946 in
1448 2884 1504 2946 rita
1520 2885 1594 2947 Sirti
1608 2884 1634 2948 1.
1651 2889 1682 2947 ct
1693 2884 1856 2947 Pulidorus
1873 2882 1973 2963 Virgi-

204 2984 275 3029 mus
291 2967 373 3045 quod
388 2965 496 3027 scribit
515 2965 669 3035 Lutheros
684 2966 714 3027 in
731 2966 786 3028 tib.
802 2968 842 3030 dc
857 2969 992 3046 captivit.
1008 2968 1064 3029 Ba·
1108 2968 1170 3031 lius
1184 2967 1216 3031 in
1231 2967 1287 3031 lih.
1302 2967 1342 3030 de
1356 2967 1568 3031 inventoribus
1582 2982 1685 3031 rerum
1712 2966 1865 3041 scribunt,
1895 2966 1973 3029 Leo·

201 3051 311 3127 hyton.
327 3065 397 3125 cap.
415 3047 584 3109 bibissem
601 3048 722 3110 bornini
736 3052 806 3113 sine
820 3057 912 3113 cantu
926 3051 1065 3114 celebra·
1110 3066 1182 3115 nom
1195 3050 1250 3113 111.
1267 3050 1319 3131 qui
1336 3050 1416 3115 sedit
1431 3066 1512 3113 0000
1526 3049 1599 3113 800.
1620 3049 1718 3113 tuisse
1743 3050 1893 3128 primum,
1917 3049 1975 3129 qui

204 3140 265 3194 tarn
281 3147 363 3193 osse.
378 3128 414 3192 In
429 3129 636 3209 disputatione
650 3131 690 3192 de
705 3131 789 3194 boris
814 3132 973 3198 canonicis
988 3141 1063 3199 tom.
1108 3134 1181 3198 thus
1194 3134 1226 3196 in
1242 3133 1337 3197 missa
1353 3132 1507 3196 adhibuit.

203 3215 236 3278 3.
253 3215 292 3275 de
307 3215 413 3276 haere
428 3214 585 3291 copiosius
601 3214 804 3279 disseremus.
1150 3216 1237 3291 Quod
1252 3221 1351 3281 aulem
1367 3215 1517 3280 hruobius
1532 3215 1640 3278 scribit
1653 3215 1710 3280 lib.
1726 3215 1758 3279 i.
1770 3219 1879 3277 contra
1894 3229 1974 3294 geo·

248 3295 387 3358 Secunda
404 3295 607 3359 caeremonia:
625 3296 917 3362 Sontinstrumeota
932 3298 1079 3375 musica,
1110 3305 1170 3374 tes,
1182 3297 1363 3378 religionem
1379 3299 1478 3360 thoris
1491 3298 1642 3368 netellam
1657 3313 1740 3362 esse:
1759 3297 1894 3376 intelligi
1918 3297 1972 3360 de·

206 3396 286 3456 0000
301 3379 332 3439 in
347 3377 485 3441 Ecclesia
497 3379 636 3443 adhiberi
651 3387 759 3460 coepta
770 3388 843 3444 sunt
853 3383 883 3444 io
896 3398 986 3445 sacru
1000 3383 1065 3445 oili·
1113 3383 1218 3444 hetdo
1233 3381 1455 3444 consuetudine
1471 3381 1643 3460 gentilium:
1669 3381 1742 3444 llam
1764 3380 1846 3459 opud
1870 3395 1973 3460 popu·

208 3462 270 3532 cic,
288 3468 424 3540 tempore
439 3460 581 3524 litationi
595 3478 694 3542 popae
709 3464 790 3526 circa
816 3481 932 3527 anuum
946 3463 1068 3529 Domini
1114 3465 1177 3528 ium
1193 3465 1260 3536 liei,
1276 3463 1486 3539 antiquissima
1501 3464 1692 3528 consuetudo
1708 3469 1766 3538 est,
1796 3463 1897 3524 thuris
1921 3465 1973 3526 ad·

204 3544 279 3606 000.
295 3549 330 3606 ut
345 3561 382 3606 ex
397 3543 564 3626 pontificali
581 3545 675 3622 relert
687 3545 804 3608 Plotina
818 3565 828 3625 ;
844 3547 892 3608 rel
907 3554 940 3610 ut
955 3548 1070 3610 mauult
1114 3546 1241 3609 bibendi
1257 3544 1287 3608 in
1305 3545 1456 3609 sacritieio
1470 3546 1585 3618 diuino,
1603 3553 1636 3608 nt
1651 3553 1733 3626 patet
1747 3561 1785 3608 cx
1799 3544 1856 3607 tib.
1872 3545 1974 3609 Exodi

206 3627 368 3689 himoinus
383 3627 438 3688 lib.
454 3625 486 3688 l.
512 3627 552 3690 de
577 3629 673 3708 gestis
694 3628 881 3692 Francorum
898 3647 966 3709 cap.
996 3630 1067 3693 tit.
1114 3629 1165 3691 25.
1182 3636 1212 3692 et
1226 3627 1277 3692 30.
1293 3635 1324 3692 et
1337 3628 1549 3709 sequentibus.
1566 3630 1658 3692 Porro
1678 3627 1843 3692 christiani
1871 3628 1974 3690 thuris

209 3715 279 3787 post
293 3725 407 3771 arrnum
424 3709 778 3788 dominisententiam
792 3711 936 3774 badonici
952 3712 1009 3775 Pii.
1020 3712 1070 3774 Li·
1114 3712 1294 3792 religionem
1310 3727 1370 3773 non
1386 3729 1401 3774 a
1417 3711 1593 3791 gentitibus,
1609 3712 1666 3775 sed
1691 3712 1728 3774 ab
1755 3711 1910 3774 Hebraeis
1925 3729 1972 3773 ac·

207 3795 265 3854 cita
283 3800 383 3854 autem
397 3807 468 3854 esse
496 3797 527 3855 et
542 3793 626 3855 utilia
642 3794 795 3873 ejusmodi
809 3794 1022 3872 instrumenta,
1039 3797 1066 3858 si
1114 3799 1274 3872 ceperunt.

206 3877 310 3937 sobrie
325 3882 356 3936 et
370 3875 501 3953 grauiter
515 3875 561 3943 eis
575 3882 706 3951 utamur,
724 3878 826 3956 negari
843 3883 928 3940 certe
938 3894 1001 3940 non
1017 3895 1071 3957 po·
1156 3875 1268 3940 Caussa
1285 3891 1356 3938 nero
1372 3891 1427 3938 our
1438 3875 1536 3939 thuris
1550 3877 1627 3940 odor
1640 3893 1676 3940 oo
1690 3876 1791 3940 tumus
1806 3874 1838 3937 in
1854 3876 1972 3938 sacriti-

207 3964 362 4031 test,oum
378 3963 409 4018 et
423 3957 591 4020 habeamus
614 3959 790 4035 exemptum
814 3959 1001 4023 Testamenti
1016 3977 1070 4024 re·
1114 3959 1162 4022 eiu
1173 3959 1363 4029 adhibeatur.
1380 3963 1412 4021 ut
1426 3958 1578 4038 colligitur
1593 3976 1630 4022 ox
1654 3959 1800 4039 precibus
1826 3959 1971 4037 liturgiae

206 4039 293 4113 teris,
312 4047 343 4101 et
357 4041 553 4117 experiamur
568 4039 760 4103 devotionem
777 4057 833 4119 per
857 4057 892 4104 ea
918 4042 1065 4116 excitari,
1114 4049 1177 4106 tum
1192 4056 1337 4124 graecae,
1349 4049 1411 4104 tom
1428 4042 1551 4117 latinae,
1567 4049 1626 4110 est.
1644 4049 1707 4104 tum
1722 4047 1755 4103 ut
1775 4041 1970 4120 significetur

208 4131 239 4184 et
256 4123 387 4184 taedium
404 4122 512 4196 minui,
527 4121 609 4202 quod
624 4139 661 4185 ex
674 4124 867 4205 lungitudine
881 4131 912 4188 et
925 4127 1070 4207 grauitate
1114 4124 1215 4189 bonus
1230 4124 1306 4186 odor
1322 4124 1486 4203 euangelii,
1510 4130 1541 4186 et
1565 4139 1672 4186 eorum
1698 4124 1749 4204 qui
1775 4125 1971 4200 evangelium

210 4204 381 4268 ciliciorum
396 4205 510 4284 alioqui
522 4207 663 4268 oriretur.
1114 4207 1290 4286 praedicare
1302 4205 1493 4281 dehent;tum
1508 4206 1548 4270 db
1563 4206 1798 4276 similitudinem
1809 4221 1902 4284 quaro
1916 4207 1968 4268 ha-

252 4287 358 4366 Neque
374 4287 630 4370 valet-responsio
644 4287 724 4350 Petri
749 4289 890 4369 martyris
915 4290 952 4353 ad
967 4306 1071 4366 errem-
1113 4290 1167 4352 het
1182 4289 1343 4352 incensum
1356 4305 1424 4350 cum
1441 4289 1589 4366 oratione;
1605 4289 1687 4352 unde
1703 4289 1813 4353 dicitur
1829 4289 1861 4349 in
1889 4291 1971 4366 psai.

208 4370 295 4448 plum
314 4369 499 4432 Testamenti
515 4370 638 4433 veteris:
654 4371 763 4434 scribit
775 4372 883 4435 Petrus
905 4381 1021 4453 martyr,
1039 4374 1070 4435 in
1115 4371 1354 4450 tildiirigctnr
1365 4372 1471 4434 wunctio
1485 4387 1559 4435 mec
1571 4373 1655 4436 000οι
1663 4373 1835 4436 incensum
1843 4371 1884 4434 in
1896 4388 1973 4434 eun·

210 4471 279 4531 cap.
299 4452 350 4523 ll.
366 4453 479 4530 prioris
493 4454 530 4514 ad
560 4453 695 4516 Corinth.
722 4455 925 4518 iustrumenta
953 4456 1070 4520 musica
1114 4460 1224 4538 speetu
1238 4459 1305 4516 tuo.
1321 4453 1358 4516 Ει
1373 4453 1538 4534 apocalyp.
1554 4453 1585 4518 9.
1612 4456 1775 4518 incensum
1800 4453 1864 4522 1),οο
1887 4453 1974 4516 ohla-

212 4535 372 4614 pertinere
387 4535 424 4597 00
436 4535 576 4614 iudaicae
599 4539 835 4604 caeremonias.
861 4554 964 4615 necue
979 4539 1070 4602 uobis
1116 4544 1178 4599 tom
1195 4536 1410 4615 interpretatur
1423 4535 1559 4604 loannes
1573 4553 1645 4600 esse
1671 4537 1824 4600 orationes
1850 4544 1974 4600 saucto-

211 4619 312 4696 magis
328 4618 515 4693 convenire,
546 4635 636 4699 quern
661 4618 930 4683 circumcisionem
954 4627 986 4684 et
998 4637 1071 4684 neo·
1114 4637 1195 4682 rum:
1210 4625 1273 4680 tum
1289 4620 1378 4681 etiam
1394 4619 1430 4681 ad
1446 4619 1571 4697 gloriam
1587 4620 1641 4682 bei
1663 4621 1973 4698 repraesentandam.
2039 4679 2040 4696 ,

212 4701 346 4762 naenias.
363 4699 423 4762 Sed
438 4698 771 4779 totlituropertissimc.
800 4703 959 4784 Siquidem
971 4704 1072 4786 judai·
1115 4697 1695 4766 00000000100000100000000000
1721 4701 1841 4765 solebat
1865 4701 1898 4762 in
1915 4703 1977 4764 Te·
2039 4717 2040 4754 ι

211 4798 268 4848 coe
282 4784 495 4846 caeremoniae
510 4784 653 4862 duplicas
667 4792 765 4848 erant.
1116 4793 1267 4848 stamento
1280 4786 1386 4848 veteri:
1404 4791 1465 4854 tum
1481 4785 1617 4865 denique
1631 4787 1668 4848 od
1694 4791 1804 4847 tetrum
1829 4785 1976 4858 odorem,

252 4865 407 4938 Quaedam
428 4865 565 4944 ipsorum
581 4868 745 4944 propriae,
772 4883 850 4948 quoe
874 4868 1070 4933 videlicetad
1116 4870 1142 4932 si
1158 4867 1228 4948 quis
1242 4868 1486 4930 cxmntritndina
1501 4869 1658 4932 hominum
1683 4866 1716 4931 in
1741 4866 1881 4930 Ecclesia
1908 4870 1977 4930 erri-

211 4947 295 5010 aiiud
310 4947 445 5010 tutorum
459 4948 697 5026 significandum
725 4957 812 5013 erant
839 4951 994 5018 institutae
1012 4999 1021 5023 ,
1037 4957 1071 5015 ut
1117 4956 1222 5020 steret.
1239 4949 1488 5028 abstergendum.

213 5030 407 5093 circumcisio
423 5037 454 5092 et
467 5031 597 5094 similes:
614 5037 645 5095 et
659 5032 718 5096 hae
731 5034 822 5096 nohis
835 5050 907 5097 rere
922 5051 983 5096 nou
997 5050 1071 5098 con·
1158 5032 1255 5095 Tertia
1271 5031 1462 5094 caeremonia
1477 5033 1662 5108 eommunis,
1678 5037 1727 5095 ost
1739 5032 1894 5094 osculum:
1920 5032 1978 5096 Os·

212 5113 533 5178 veniunt.tllioeerant
547 5131 728 5178 communes
742 5117 820 5194 ipsis
834 5133 904 5180 com
919 5117 987 5178 aliis
998 5133 1073 5197 gen·
1118 5116 1236 5177 colatur
1250 5116 1331 5177 enim
1345 5114 1492 5180 sacerdos
1505 5117 1684 5195 trequentcr
1694 5114 1796 5194 ipsum
1808 5117 1979 5188 atterente·

213 5195 583 5276 trhnseaesciticetquae
593 5197 723 5262 naturali
734 5199 1073 5276 rationenituntur,non
1118 5197 1191 5260 inde
1206 5197 1317 5260 librum
1342 5197 1506 5278 evangelii·
1532 5205 1594 5262 tum
1620 5199 1792 5262 ministrum
1814 5214 1922 5271 sunm,
1945 5209 1978 5262 et

214 5285 316 5340 autem
328 5278 554 5358 significatione
565 5297 668 5343 rerum
679 5282 895 5356 luturorom,ot
905 5299 1006 5361 genua
1019 5281 1073 5344 lle·
1119 5295 1176 5359 per
1191 5295 1259 5342 eum
1275 5282 1307 5340 in
1319 5280 1495 5344 uniuersum
1511 5282 1627 5346 elerum
1654 5288 1685 5342 et
1698 5279 1847 5358 populum
1864 5299 1977 5360 pacem

214 5367 421 5440 etere,pectus
433 5365 562 5426 tundere
574 5364 745 5428 etc.Ethae
758 5365 848 5428 nobis
859 5366 951 5427 etiam
963 5380 1073 5428 eonve-
1120 5359 1272 5424 ditiuudit.
1289 5362 1372 5436 0000
1387 5363 1579 5426 caeremonia
1596 5363 1725 5426 habetur
1739 5363 1770 5424 iu
1786 5363 1921 5443 liturgiis
1943 5383 1978 5427 0·

214 5443 313 5515 niunt,
329 5449 419 5524 atque
430 5445 467 5508 ad
480 5448 650 5526 haegenus
662 5447 817 5524 pertinent
828 5448 942 5509 musica
955 5447 1068 5510 instru·
1121 5444 1256 5517 mnibus,
1272 5451 1335 5508 tum
1349 5446 1479 5524 graecis,
1496 5453 1559 5508 tum
1575 5447 1689 5523 latinis3
1705 5451 1737 5508 et
1751 5445 1894 5523 eiusdem
1913 5465 1979 5509 mc-

147 5527 154 5539 '
216 5531 328 5599 merita,
344 5527 552 5608 quippeqor'e
579 5529 611 5590 iu
627 5527 682 5590 liei
697 5531 839 5592 laudibus
863 5530 1073 5603 adhibentur,
1120 5526 1359 5590 minitlustinus
1375 5529 1405 5588 in
1429 5527 1491 5590 line
1516 5530 1547 5591 2.
1574 5530 1744 5608 apologiae.
1771 5527 1979 5594 Tertullianus

215 5612 339 5685 propter
351 5607 513 5685 inurmos,
541 5627 673 5689 qnorum
702 5629 763 5674 non
789 5615 879 5691 pauci
893 5613 924 5674 iu
937 5611 1075 5676 Ecclesia
1120 5609 1175 5672 lib.
1191 5610 1231 5674 de
1245 5617 1321 5672 orot.
1337 5627 1406 5688 cop.
1423 5611 1477 5672 uit.
1494 5609 1620 5686 oyrittos
1634 5611 1790 5676 catechesi
1806 5611 1837 5674 5.
1865 5621 1980 5691 mysta-

216 5697 427 5768 numerantur,
440 5693 546 5770 juvant
559 5693 660 5770 enim,
676 5701 711 5756 ut
723 5695 798 5769 diri,
815 5701 876 5758 lom
891 5696 929 5758 00
943 5695 1074 5758 excitan-
1120 5709 1191 5772 gog.
1208 5698 1237 5756 et
1252 5692 1485 5772 chrysostomus
1499 5695 1584 5758 hom.
1611 5695 1661 5757 ll.
1683 5690 1715 5756 in
1740 5690 1828 5758 Joau.
1856 5697 1979 5778 {triplex
