4084 6275
278 359 334 416 228
806 343 851 402 bss
869 334 1089 398 escletttmtlo
1109 335 1390 400 cobslhtmmmtls

203 494 281 559 dixit
293 487 452 554 mntcrtam
466 497 538 546 essa
552 479 655 544 oleam
676 493 748 542 cum
761 476 912 548 balsamo,
927 479 961 536 ut
974 470 1067 534 etiarn
1110 475 1150 538 in
1162 473 1295 539 nominc
1311 475 1426 552 Putria,
1442 480 1472 540 at
1485 473 1565 542 itm
1577 485 1607 544 ει
1619 439 1759 568 Sporum
1779 485 1897 550 mucce,
1921 483 1977 548 [re.

206 580 239 640 in
263 570 453 638 iiuctraristta
468 563 585 630 dlxerat
609 561 768 628 materiam
793 574 865 624 esso
879 557 982 619 vinum
996 571 1068 617 cum
1112 573 1173 636 quc
1187 556 1316 619 dubitari
1333 565 1445 636 potest,
1460 561 1535 638 quin
1550 562 1626 626 haec
1640 569 1681 632 sit
1706 569 1896 632 conveniens
1917 570 1977 631 lor·

206 676 283 740 aqua
298 676 308 720 ι
324 663 354 719 ει
368 660 469 714 maneo
484 663 593 710 omues
622 645 754 708 latentur
781 657 891 721 aquom
920 653 980 701 noo
996 651 1068 700 ease
1113 657 1172 712 mo,
1189 655 1258 703 cum
1274 647 1380 720 aperte
1394 640 1538 720 explicet,
1554 652 1586 708 et
1600 663 1739 716 caussam
1762 650 1977 730 principalem,

206 745 248 805 lta
260 741 299 804 de
315 735 496 802 essentium
510 729 579 793 sinc
594 745 629 791 ea
645 729 685 791 sit
699 728 815 789 irritum
831 725 1067 786 sacramentum.
1113 738 1191 801 quac
1206 730 1254 783 est
1267 729 1372 786 sancta
1387 739 1389 746 ’
1402 723 1545 794 Trinitas.
1573 736 1603 790 et
1629 749 1768 796 caussam
1794 731 1980 796 ministeria·

248 824 294 887 hh
309 821 520 899 argumentum
536 817 637 874 autern
648 807 793 874 Remuitli
808 823 887 885 nego
898 804 1069 900 balsamum
1114 807 1186 877 lam,
1203 821 1281 884 guae
1297 812 1345 866 est
1360 807 1424 880 illc,
1441 809 1492 886 qui
1508 809 1598 874 rerba
1614 811 1679 895 ipsu
1697 817 1821 896 proluat,
1838 822 1869 878 ει
1890 817 1979 878 dunl-

207 923 325 974 aerum,
352 909 383 964 et
406 897 540 968 nativum
564 893 707 974 periisse.
733 892 806 954 dam
828 890 884 952 etsi
905 886 1069 965 aliquando
1112 886 1333 967 queeliectum
1355 893 1551 967 sacramenti,
1581 899 1634 974 qul
1662 905 1709 962 ast
1737 899 1837 962 lauare
1866 897 1979 962 christi

206 989 354 1068 opinione
365 979 453 1045 Plinii
465 985 580 1040 tuntum
592 977 623 1039 in
636 977 757 1040 duobus
770 969 1007 1035 hortisiudaeoe
1018 985 1069 1029 ne·
1114 970 1241 1032 militem
1258 971 1453 1051 insignienda
1469 973 1554 1038 illum
1577 994 1679 1054 cruce,
1697 987 1728 1044 el
1755 981 1911 1056 roborare,
1935 988 1978 1043 al-

206 1072 354 1135 acebatur
366 1065 656 1134 balsamum3tcmen
671 1062 702 1120 in
717 1057 814 1119 lodiis
830 1054 1010 1125 nascitur,et
1024 1052 1070 1112 in·
1114 1068 1175 1134 que
1190 1067 1308 1116 ormcrc
1323 1053 1530 1119 conflrmanuo
1545 1055 1864 1127 chrismatellabetur
1875 1070 1977 1128 autern

207 1153 249 1217 de
263 1152 364 1214 adhuc
378 1143 656 1221 advehiturltcuue
670 1139 799 1203 relertsi
813 1138 842 1199 id
855 1135 973 1198 Plinius
984 1134 1069 1214 igno·
1116 1137 1191 1200 haec
1208 1134 1301 1197 torma
1317 1137 1442 1200 disertis
1458 1139 1562 1202 rerhts
1576 1143 1606 1205 in
1623 1145 1756 1208 concilio
1767 1145 1932 1208 florentino
1947 1146 1979 1208 io

208 1236 359 1299 rarilznec
370 1229 453 1292 euim
465 1227 518 1288 ille
534 1224 634 1287 omnia
651 1223 731 1286 sciro
744 1216 961 1301 potuit.lleque
972 1217 1071 1281 balsa-
1117 1217 1284 1296 pontilicali
1300 1228 1472 1296 romano,et
1486 1223 1566 1302 apud
1583 1225 1723 1294 sillem.
1739 1227 1770 1291 3.
1787 1237 1979 1309 paruuaest.

209 1325 305 1391 muln,
322 1313 403 1395 quod
419 1308 543 1372 affertur
569 1324 607 1369 ex
621 1305 719 1368 indiis
743 1303 954 1372 artillciosum,
972 1308 1023 1362 aut
1036 1298 1070 1361 ll·
1117 1299 1167 1363 m.
1185 1306 1240 1364 erl.
1258 1299 1289 1364 d.

209 1384 1071 1462 chdumdicidebctlicetlortcnonsitidemspeciecum
1155 1383 1243 1460 Apud
1259 1383 1450 1464 antiquiores
1463 1392 1604 1454 auctores
1633 1409 1694 1456 nnn
1726 1391 1878 1455 habentur
1902 1393 1981 1456 haec

210 1480 347 1562 eo,quod
360 1469 840 1540 nascituriuPalaestina.llariae
852 1467 1073 1543 enimpossunt
1116 1467 1217 1529 omnia
1234 1466 1336 1537 rerba,
1354 1475 1384 1530 et
1398 1469 1457 1531 hoc
1473 1471 1593 1549 ordine,
1617 1481 1719 1538 tameo
1749 1476 1876 1539 hahetur
1898 1476 1981 1538 idem

210 1582 283 1628 esse
298 1562 423 1642 specics
439 1555 615 1629 balsami,ot
629 1560 701 1616 sunt
716 1552 816 1615 rariae
831 1550 955 1627 species
965 1549 1072 1623 rini3el
1117 1565 1240 1620 sensus,
1257 1556 1288 1612 et
1303 1551 1361 1613 bec
1376 1551 1499 1616 solllcit.
1515 1551 1587 1618 Nam
1602 1557 1647 1620 ris
1669 1556 1783 1622 lormae
1808 1573 1984 1622 sacramen·

210 1647 368 1728 quaelibet
376 1643 485 1704 idonea
498 1640 591 1701 estad
603 1630 1071 1700 sacramentumconlicieodum.
1117 1631 1186 1694 talis
1200 1630 1298 1714 posita
1314 1638 1362 1696 εει
1376 1638 1406 1696 ln
1422 1650 1530 1710 senso,
1548 1654 1608 1702 non
1625 1639 1655 1702 in
1672 1656 1761 1716 sono,
1776 1646 1827 1703 aut
1852 1657 1983 1704 numero

210 1731 309 1800 Adde,
328 1726 458 1789 Plinium
485 1722 529 1793 id,
545 1721 628 1795 cuod
655 1719 748 1782 relcrt
762 1716 802 1780 de
828 1715 949 1778 duobus
964 1714 1072 1789 bortis,
1117 1713 1286 1778 literarum:
1302 1714 1415 1795 alioqui
1432 1717 1458 1780 si
1474 1719 1544 1797 uois
1559 1737 1681 1800 graece,
1695 1729 1746 1786 aut
1760 1722 1917 1791 hebraice.
1931 1731 1984 1787 aut

212 1811 328 1875 reierre
344 1810 383 1872 de
399 1816 536 1884 tempore
550 1803 760 1881 antiquotnam
775 1815 833 1865 suo
848 1804 986 1874 tempore
1000 1796 1074 1858 late·
1117 1799 1177 1859 alio
1191 1796 1334 1862 idiomate
1349 1799 1404 1862 ista
1418 1802 1512 1864 rerba
1531 1806 1695 1884 proterret,
1726 1805 1803 1868 nihil
1832 1804 1982 1870 alliceret.

212 1904 261 1956 tor
276 1894 389 1955 multas
404 1889 500 1951 luisse
515 1886 643 1949 arbores
657 1883 783 1947 balsami
799 1881 832 1943 in
848 1879 1028 1951 Palaestina,
1044 1884 1076 1942 et
1117 1879 1212 1958 Igitur
1226 1880 1301 1943 ordo
1316 1898 1471 1952 romanos.
1488 1887 1540 1964 qui
1556 1894 1604 1950 est
1624 1887 1858 1967 antiquissimus
1888 1888 1982 1952 libcr.
2039 1923 2040 1926 =

211 1977 428 2055 Hieronymus.
445 1971 496 2049 qui
513 1968 658 2030 trecentis
672 1967 762 2030 annis
777 1963 832 2026 icil
846 1967 916 2041 pust
931 1961 1071 2037 Plinium,
1118 1979 1188 2026 cum
1202 1961 1241 2025 ab
1256 1961 1386 2029 alcuino
1400 1972 1432 2029 et
1445 1967 1604 2042 Amatario
1625 1969 1745 2044 citetur,
1773 1971 1825 2049 qui
1855 1969 1983 2034 luerunt

212 2062 243 2121 in
260 2051 666 2138 cop.2i.liaeehlelis.immo
679 2056 710 2112 et
720 2047 885 2127 Gregorius
896 2044 1075 2123 quiducen·
1117 2052 1299 2110 anteanoos
1313 2045 1386 2110 800.
1403 2046 1434 2110 in
1447 2047 1548 2115 ollicio
1572 2052 1712 2117 sabbathi
1740 2053 1836 2116 sancti
1864 2053 1983 2116 deseri·
2039 2075 2040 2102 r

213 2142 252 2204 tls
268 2139 358 2202 aurcis
374 2143 443 2217 post
457 2134 690 2214 Hieronymum,
700 2136 731 2194 et
743 2126 920 2211 quingentis
935 2132 1006 2205 post
1018 2127 1075 2189 Pii·
1118 2127 1197 2190 bens
1212 2127 1301 2192 ritum
1315 2129 1839 2216 confirmationisdicit>episcopum
1854 2152 1909 2214 per
1919 2153 1985 2198 mo·

213 2226 312 2297 nium,
325 2221 356 2284 in
372 2236 442 2298 cap.
461 2216 693 2282 bucolicorum.
709 2213 1006 2289 affirmenttompnre
1018 2225 1076 2273 suo
1119 2210 1192 2274 dum
1207 2213 1322 2274 orontis
1336 2212 1416 2276 haec
1435 2216 1525 2278 rerba
1556 2220 1773 2295 pronunciare:
1791 2217 1894 2298 Signo
1915 2235 1984 2288 ene,
2040 2285 2041 2290 ἵ

211 2311 242 2368 ln
258 2305 357 2368 cineis
372 2300 511 2381 Engaddi
527 2300 698 2363 balsamum
713 2296 797 2377 gigni
812 2291 1074 2356 solitumi'alsum
1119 2291 1267 2370 Domine,
1284 2295 1379 2374 signo
1392 2298 1511 2373 enacim
1527 2315 1562 2360 ac
1577 2299 1690 2364 deinde
1705 2317 1774 2364 curn
1790 2302 1884 2382 tangit
1899 2303 1990 2381 polli-
2040 2297 2041 2362 l

212 2389 306 2466 igitur
321 2393 368 2450 est
382 2386 551 2448 balsamum
567 2381 701 2444 nativum
722 2377 865 2456 perlisse.
895 2376 937 2437 hd
966 2373 1076 2438 conlir·
1119 2375 1312 2443 ceiroutem.
1331 2379 1760 2461 dicere:lipoteconltrmo,
1786 2384 1825 2449 in
1848 2385 1985 2448 macine
2040 2371 2041 2442 3

211 2470 377 2534 mationem
392 2466 561 2545 respondet
575 2464 676 2543 pruris
691 2459 862 2524 Ecclesiae.
892 2457 977 2521 hicet
990 2457 1075 2520 enim
1120 2457 1237 2530 Patris.
1254 2465 1284 2522 et
1298 2459 1378 2525 Filii
1393 2467 1423 2526 el
1450 2461 1590 2544 sparatus
1615 2465 1732 2530 suncti.
1763 2464 1819 2529 libi
1844 2467 1988 2530 ridemus

213 2570 315 2616 rarum
331 2558 362 2615 et
377 2551 544 2631 pretiosum
572 2547 612 2608 ειι
641 2546 822 2608 balsamum:
847 2549 949 2604 tamon
974 2541 1075 2603 odhuu
1120 2542 1361 2621 planeeundem
1388 2559 1517 2609 sensum
1543 2548 1716 2612 corborum.
1746 2548 1851 2626 benuo
1878 2549 1984 2622 relert,

213 2650 380 2715 numquam
395 2632 493 2695 deluit
507 2629 676 2696 Ecclesiae,
694 2640 796 2706 neque
810 2640 849 2687 ex
863 2623 990 2701 penuria
1011 2623 1076 2686 bal·
1119 2624 1201 2703 quod
1217 2625 1259 2687 ibi
1275 2625 1403 2690 dicatur:
1420 2627 1524 2710 Signo
1537 2645 1622 2706 emam
1639 2635 1670 2694 et
1686 2647 1743 2694 noa
1765 2631 1917 2694 dicamus:
1935 2631 1987 2696 Si-

212 2717 289 2780 sami
306 2715 520 2795 praetermissa
536 2719 584 2775 est
598 2713 754 2790 aliquanto
766 2705 974 2772 donlirmatio.
987 2703 1075 2784 Quod
1119 2723 1184 2786 gno
1200 2711 1241 2770 te:
1259 2724 1327 2770 nam
1342 2725 1466 2792 seraper
1480 2711 1690 2792 significamus
1704 2713 1803 2778 Deum
1823 2729 1906 2785 εεεε,
1930 2717 1985 2795 qui

212 2802 238 2863 st
255 2816 312 2880 per
325 2814 423 2864 annos
438 2796 534 2865 mille.
550 2800 581 2857 et
595 2795 661 2856 lere
676 2797 841 2855 sexcentos
867 2790 949 2852 lleus
977 2787 1077 2868 prori-
1120 2791 1222 2870 signat
1236 2791 1455 2871 principaliter,
1472 2800 1503 2858 ct
1518 2796 1673 2860 hominem
1691 2798 1743 2874 qut
1769 2797 1869 2874 signet
1892 2797 1985 2860 mini·

211 2883 269 2958 dit,
285 2887 370 2946 certe
385 2897 448 2943 non
463 2879 562 2940 deerit
576 2877 738 2953 deinceps.
1034 2949 1041 2964 ι
1121 2873 1295 2935 sterialiter:
1313 2875 1395 2938 unde
1410 2879 1501 2940 etiarn
1531 2878 1625 2940 lorma
1654 2878 1851 2951 Graecorum,
1877 2897 1935 2958 uua
1952 2880 1986 2942 in

253 2965 363 3040 Quarta
391 2961 526 3042 objectio
551 2963 600 3022 εει
624 2964 728 3022 contra
754 2956 872 3020 tertiam
893 2952 1078 3033 propositio·
1121 2953 1276 3033 eaptisrno
1293 2963 1431 3022 utuntur:
1445 2961 1632 3040 Baptizatur
1646 2973 1757 3025 serum
1773 2961 1899 3035 Christi,
1912 2977 1988 3025 cen·

214 3063 298 3114 nem.
315 3047 386 3126 quia
397 3046 518 3107 ridetur
537 3057 608 3106 esse
636 3039 784 3120 quaedam
810 3039 934 3132 speeies
960 3034 1077 3131 magiae
1122 3044 1207 3132 setun
1221 3039 1259 3102 ab
1275 3042 1420 3106 omuibus
1435 3043 1583 3124 iegittme,
1600 3042 1691 3106 etiarn
1707 3045 1803 3108 sinos
1819 3045 1879 3106 atio
1895 3046 1989 3108 modo

211 3135 243 3195 et
256 3127 485 3201 incantationis,
501 3126 578 3201 nllus
589 3120 791 3188 consecrandi
807 3120 998 3215 chrismalis.
1014 3115 1077 3182 Sed
1122 3120 1273 3185 dicamus.
1289 3123 1376 3197 Quod
1391 3125 1482 3190 eliam
1497 3125 1527 3189 in
1544 3124 1653 3191 ordine
1667 3141 1794 3191 romano
1810 3143 1871 3191 non
1892 3127 1992 3195 babe-

213 3216 253 3276 (ιε
268 3214 328 3277 hoc
341 3215 521 3291 argumento
535 3224 628 3287 sopra
644 3206 776 3269 diximus
791 3206 822 3266 in
838 3210 961 3266 materno
977 3201 1017 3264 de
1028 3218 1078 3264 sa·
1122 3210 1171 3266 tur
1183 3202 1376 3283 (dbrietnote
1391 3211 1519 3292 comta)
1536 3226 1597 3271 nou
1611 3210 1730 3273 ridetur
1741 3211 1881 3273 mullum¹
1892 3212 1992 3275 reler-

213 3296 378 3359 cramentis
393 3296 424 3355 io
436 3307 563 3373 genere,
580 3296 611 3353 ct
624 3290 764 3353 dicemus
774 3291 869 3349 etlam
883 3291 988 3381 posteo
1006 3300 1077 3346 cum
1123 3302 1169 3351 re:
1186 3304 1256 3351 nam
1272 3289 1441 3355 includitur
1455 3294 1487 3355 in
1504 3293 1596 3355 aerbo
1610 3290 1802 3373 (confirmo)
1817 3293 1933 3356 alsatis
1956 3310 1992 3357 o·

215 3394 344 3459 agemus
359 3379 398 3439 de
413 3374 616 3439 caeremoniis
630 3371 723 3452 hujus
737 3375 933 3434 sacramenti.
1012 3446 1019 3461 ι
1036 3450 1042 3463 ι
1123 3370 1276 3436 stenditur
1291 3372 1358 3453 ipsa
1374 3378 1505 3447 actione,
1523 3374 1693 3438 chrismate
1717 3378 1805 3439 illum
1827 3374 1991 3439 conlirma-

257 3461 400 3537 Quintam
411 3457 618 3541 objectionem
631 3458 734 3517 contra
747 3459 882 3532 quartam
897 3454 1079 3529 propositio·
1120 3450 1159 3529 ri;
1175 3456 1332 3533 quomodo
1348 3456 1431 3521 idem
1443 3465 1527 3522 εεεει
1541 3460 1566 3521 ει
1580 3457 1650 3537 uuis
1665 3459 1794 3531 diceret,
1810 3457 1930 3537 baptizo
1946 3464 1991 3532 tc,

218 3560 289 3605 nam
303 3544 398 3605 sumit
410 3538 584 3603 liemnltius
598 3554 635 3601 ex
650 3534 762 3617 cyrillo
777 3544 807 3597 et
822 3530 991 3628 Ambrosio.
1022 3529 1078 3627 Cg-
1120 3535 1168 3597 rel
1184 3537 1304 3615 baptizo
1320 3546 1349 3601 te
1365 3557 1455 3622 agua.
1472 3542 1571 3619 Quare
1588 3556 1648 3603 non
1665 3542 1785 3606 ridetur
1814 3542 1865 3603 illa
1893 3542 1993 3621 parti·

217 3627 306 3689 rlltus
319 3625 402 3687 enim
417 3621 572 3686 catc'chcsi
587 3620 618 3684 3.
634 3619 839 3700 mgsmgogica
864 3618 948 3681 dicct.
975 3612 1078 3677 tibris·
1122 3619 1189 3681 cula
1206 3622 1393 3699 essentialis,
1410 3625 1480 3687 licet
1496 3623 1592 3687 omitti
1609 3638 1670 3687 non
1684 3625 1807 3699 debeat,
1833 3622 1905 3701 uolo
1931 3623 1994 3687 Ec·

218 3716 299 3772 mate
314 3707 420 3786 ionogi
436 3720 545 3768 omnes
560 3704 623 3767 lere
638 3702 776 3778 corporis
800 3716 925 3775 sensus3
955 3697 1079 3759 imbro·
1123 3700 1217 3764 clesio
1247 3706 1439 3781 praescribit.
1467 3713 1501 3769 ut
1522 3706 1651 3769 dicatur:
1681 3706 1941 3787 quemadmodum
1958 3708 1991 3769 ln

220 3792 287 3854 sius
301 3796 401 3853 autem
417 3789 471 3851 tib·
486 3788 526 3850 de
539 3786 578 3849 iis
592 3785 645 3865 uui
660 3784 818 3846 initiantur
833 3780 996 3861 mysteriis,
1008 3795 1078 3857 cap.
1122 3781 1217 3845 lorrna
1233 3784 1391 3865 baptismis
1417 3788 1484 3868 ligo
1500 3794 1528 3853 ιε
1549 3788 1678 3869 baptizo
1708 3796 1767 3853 etc.
1796 3788 1871 3851 illud
1901 3788 1992 3866 (ego)

219 3874 251 3937 b.
268 3874 352 3938 dicit.
369 3878 460 3952 caput
477 3869 595 3949 inungi.
612 3875 641 3930 et
654 3867 732 3935 inde,
742 3873 932 3943 unguentum
947 3864 984 3925 ad
1013 3862 1082 3957 bar·
1125 3882 1186 3928 non
1202 3874 1250 3929 est
1265 3869 1303 3933 de
1319 3872 1466 3943 essentia.
1483 3878 1514 3935 et
1525 3874 1556 3935 in
1571 3873 1667 3935 lomna
1682 3870 1904 3935 Eucharistiae:
1923 3870 1992 3933 Hoc

219 3957 290 4020 bam
306 3954 456 4019 defluere.
473 3954 537 4014 iton
552 3952 644 4031 igitur
658 3953 774 4012 certum
790 3954 848 4021 est,
865 3945 947 4025 quod
966 3962 1023 4007 nos
1038 3945 1084 4007 dr·
1126 3954 1172 4011 εει
1185 3952 1273 4014 enim
1287 3968 1403 4033 corpote
1416 3970 1537 4027 mcum,
1555 3955 1629 4017 illud
1660 3952 1775 4035 (enim)
1800 3957 1831 4015 et
1846 3956 1876 4014 ln
1893 3953 1993 4015 lorma

109 4112 114 4121 Ι
218 4039 331 4113 ximus,
347 4038 484 4101 chrisme
500 4037 531 4096 in
547 4032 645 4095 trente
661 4031 869 4093 adhibendum
894 4044 976 4091 esse.
1008 4028 1083 4090 lies·
1126 4030 1231 4096 calicis
1246 4031 1450 4119 (ntgalerltcm
1461 4038 1556 4120 fidei)
1568 4043 1599 4101 et
1610 4038 1758 4117 quaedam
1770 4035 1828 4099 clia
1841 4052 1904 4098 noo
1916 4042 1992 4099 sunl

110 4159 113 4165 -
221 4122 355 4201 pondeo:
371 4119 517 4199 Cyritlum
531 4118 600 4178 loco
614 4117 716 4182 citato.
732 4114 899 4196 praecipue
910 4110 988 4173 vello
1000 4110 1083 4172 iron-
1127 4113 1166 4176 dc
1180 4120 1326 4181 essentia.

220 4212 282 4267 tem
298 4204 416 4281 inungi,
434 4207 467 4263 ut
481 4202 549 4280 lpse
563 4212 711 4277 expresse
725 4199 778 4263 alt.
794 4194 908 4277 deinde
923 4194 998 4255 alios
1012 4208 1084 4255 sen·
1169 4197 1211 4259 lla
1226 4215 1288 4279 quo
1302 4203 1363 4266 duo
1378 4202 1528 4283 quaedam
1543 4200 1757 4281 intelligimus,
1772 4200 1873 4263 Primo
1887 4198 1992 4263 hlcui·

220 4304 287 4363 sus3
304 4286 385 4366 quod
400 4284 527 4364 quidem
542 4296 602 4343 noo
618 4288 666 4342 est
680 4286 784 4341 contra
800 4292 868 4339 nos:
880 4273 1083 4371 siquidemid
1129 4294 1200 4342 num
1215 4282 1247 4344 in
1263 4283 1317 4348 lib.
1332 4286 1372 4349 de
1387 4286 1499 4349 divinis
1523 4279 1644 4359 ciliciis,
1675 4296 1745 4363 cap.
1772 4284 1812 4346 de
1836 4282 1992 4347 sabbatho

221 4371 322 4432 solum
338 4367 516 4437 asserimus,
534 4364 594 4425 nisi
609 4364 640 4424 in
655 4364 756 4425 iroote
772 4359 954 4423 adhibentur
981 4355 1084 4421 cern·
1128 4370 1245 4435 sancto.
1262 4367 1312 4429 ubi
1329 4369 1412 4445 dicit,
1428 4368 1541 4432 hornae
1564 4366 1751 4445 pontillcem,
1781 4380 1850 4429 com
1875 4364 1996 4428 cunllr·

221 4446 655 4528 ma‚suurs1uenturunulturo
671 4456 755 4523 εεεε;
772 4460 832 4505 oon
861 4448 963 4537 mmuh
991 4456 1084 4519 nega·
1129 4449 1200 4515 mat,
1216 4448 1338 4512 solitum
1355 4468 1472 4532 ungere
1486 4449 1628 4525 lrontem,
1644 4456 1675 4513 et
1689 4450 1804 4513 dicere:
1821 4449 1861 4511 ln
1881 4448 1992 4511 nomi·

220 4533 379 4613 mauguin
394 4530 508 4595 deinde
523 4528 622 4608 possit
632 4528 716 4606 juxte
731 4526 831 4589 aerios
846 4524 1003 4587 ecclcsiae
1018 4539 1085 4585 mo·
1126 4540 1170 4589 ne
1183 4527 1301 4603 Putria,
1319 4538 1347 4597 el
1360 4526 1439 4599 Fusa·
1453 4538 1483 4598 et
1511 4534 1649 4613 Spiritus
1673 4534 1790 4605 sumu,
1816 4546 1879 4593 „on
1908 4529 1992 4592 inre.

222 4615 391 4697 ιθῦὶῐιιιιιιιὶ
407 4614 498 4677 eliam
512 4612 569 4673 ³¹¹⁸
585 4611 685 4691 ιΙί(ιιιιι
714 4608 851 4687 ⁰⁰lli⁰ii⁵
877 4623 959 4686 llis·
990 4605 1083 4667 P⁰tr⁰
1127 4626 1211 4688 gram
1227 4611 1352 4679 lurmam
1367 4616 1522 4691 retulisse,
1539 4615 1594 4680 sed
1610 4616 1709 4679 sulum
1721 4620 1848 4695 partem:
1863 4628 1933 4675 nom
1945 4612 1991 4674 ci·

222 4698 402 4764 Ambrosius
416 4698 486 4761 loco
499 4695 589 4757 citato
603 4710 619 4755 e
634 4691 866 4764 liemnitimoon
882 4688 998 4782 egilde
1010 4704 1082 4749 coh·
1128 4697 1170 4755 tat
1184 4696 1323 4760 ordinem
1337 4710 1508 4769 romanum,
1526 4699 1557 4760 in
1573 4710 1635 4779 quo
1661 4712 1808 4774 expresse
1836 4695 1994 4758 hahentur

223 4781 406 4851 ssrmcllonb.
422 4778 477 4843 sed
492 4777 531 4842 de
547 4776 704 4850 unctione,
719 4790 798 4853 ‘1⁰⁸0
811 4774 853 4836 ⁸⁵¹
863 4775 903 4868 5¹¹,
916 4772 1081 4867 Βιβῑιῦιιιο,
1128 4774 1225 4853 plura,
1255 4785 1288 4842 ul
1313 4782 1376 4861 jam
1402 4782 1475 4844 dixi.
1505 4781 1648 4845 Secundo
1676 4776 1893 4857 intelligimus,
1923 4778 1994 4839 lalli

224 4882 315 4940 ouant
330 4864 421 4927 ctiam
433 4876 491 4924 nos
505 4860 634 4923 latemur
647 4858 687 4919 im
702 4856 815 4951 vertice
837 4855 946 4933 capitis
970 4854 1084 4916 lacten·
1127 4861 1288 4938 quosdam,
1305 4865 1358 4943 qui
1374 4865 1548 4935 existimant
1560 4862 1755 4926 hmhmsium
1770 4860 1915 4940 posuisse
1930 4859 1995 4922 lor·

224 4948 306 5010 dam:
322 4948 361 5010 de
372 4942 609 5010 confirmatione
621 4944 723 5005 autem
734 4942 796 5021 egat
808 4938 999 5013 ambrosius,
1014 4949 1085 5015 cap.
1126 4956 1206 5003 marn
1222 4940 1477 5025 donhrrnatlonls.
1495 4962 1564 5008 cum
1580 4946 1631 5007 att:
1653 4942 1770 5009 laniati
1780 4938 1826 5007 od
1838 4942 1994 5007 socerdo-

227 5029 384 5111 sequenti.
1133 5028 1208 5101 tenu·
1223 5024 1305 5107 ocio
1321 5029 1581 5093 cantumerulam
1595 5024 1997 5107 Pmaomntpctenum·

1132 5111 1161 5168 ta
1184 5114 1387 5188 regeneravit
1407 5128 1450 5176 coc
1465 5126 1555 5194 apoc
1568 5118 1597 5176 ει
1610 5110 1736 5190 spirata
1761 5114 1886 5183 coneto,
1914 5122 1996 5171 con·

565 5224 745 5293 llll*-
1131 5190 1999 5356 lthhlllllllt‘ltalhllllllll‘llll

1302 5323 1309 5351 r
1376 5324 1384 5340 ·
1424 5324 1431 5342 ·
1740 5321 1748 5350 ε
1835 5320 1843 5336 ·
1894 5318 1902 5334 ·

904 5417 907 5425 ,
957 5428 964 5444 ‚
1132 5356 1209 5421 haec
1230 5362 1332 5436 verbo,
1355 5356 1736 5442 qrraclmbroslusponit,
1759 5356 1791 5419 in
1819 5354 1997 5419 ordincro·

306 5440 351 5505 ⁰⁰
362 5440 472 5522 itm
493 5436 693 5503 immi
714 5425 993 5511 mimmii·
1125 5448 1215 5504 meno
1226 5442 1396 5507 dicuutura
1412 5444 1602 5525 presbytero,
1616 5456 1684 5505 cum
1697 5439 1923 5504 linilrerticem
1938 5436 1999 5501 ba·

1127 5523 1242 5604 ptleatl;
1258 5533 1329 5605 post
1357 5542 1447 5607 quam
1477 5524 1700 5589 caeremoniam
1722 5523 1863 5602 sequitur
1884 5525 2000 5601 poslea

268 5632 377 5698 horma
391 5634 485 5717 hujus
499 5630 680 5699 sammua
695 5628 854 5695 sunium
867 5624 971 5691 uerba:
984 5620 1085 5705 signu
1129 5606 1323 5713 Confirmatio
1337 5608 1535 5707 episcopalis..
1550 5606 1636 5706 linde
1646 5606 1737 5671 etium
1750 5602 1920 5704 amatarius
1935 5603 1997 5669 lib.

228 5723 258 5781 te
270 5717 363 5800 cigno
378 5719 495 5796 craecia,
512 5714 710 5793 etconlirnto
723 5718 754 5777 tc
769 5709 944 5775 Chrisntote
970 5706 1086 5771 actoris
1132 5692 1160 5763 l.
1177 5698 1215 5765 de
1231 5692 1342 5762 ollium
1354 5694 1588 5767 eddiemhsltdts,
1602 5706 1670 5771 cnp.
1685 5686 1737 5752 hl.
1755 5690 1839 5765 drcrt,
1856 5692 1915 5751 asta
1926 5702 1997 5752 rcr-
