4084 6275
273 393 331 450 ilo.
995 377 1039 434 DE
1058 373 1157 434 laissa

199 526 301 589 erucis
316 527 420 602 postea
437 517 540 584 loturi:
557 521 588 578 et
602 522 702 579 tamen
729 515 833 596 negari
859 530 921 576 oon
947 518 1062 593 potest,
1107 479 1182 572 te'et
1197 507 1327 588 plenum
1343 505 1495 570 horroris.
1512 495 1702 589 augustanus
1717 507 1771 602 ιιι.
1790 505 1841 570 tlt.
1857 507 1898 570 de
1912 507 1982 570 Cir.

200 609 273 688 quin
289 605 436 668 sacritlcia
453 604 502 664 illa
519 608 619 665 actara
635 600 748 662 tuerint
761 600 792 662 iu
808 615 843 662 se
855 614 925 661 aare
952 602 982 658 ct
994 612 1062 675 pro·
1107 592 1160 687 1ιεί
1178 608 1248 687 cap.
1264 590 1315 652 20.
1332 597 1424 685 accat·
1435 607 1590 685 summum
1619 594 1649 651 et
1664 607 1858 654 rarissimum
1880 595 1979 654 saeri-

200 691 266 770 prie
281 691 358 752 dieta
371 685 532 750 saerilleia.
670 713 674 719 ·
1108 674 1210 738 ilerum
1227 673 1283 735 lrb.
1297 674 1336 742 de
1351 679 1459 750 sprrrtu
1475 680 1506 734 ει
1520 673 1607 736 litera
1622 690 1692 752 cup.
1711 673 1760 735 tl.
1776 675 1912 753 appellat
1926 693 1981 736 re·

241 773 395 838 Secundo,
412 770 439 832 si
456 769 557 830 Patres
574 769 734 844 putassent
748 762 931 826 sacriilcium
944 760 1062 824 Euclio·
1107 757 1263 820 rissimum
1279 763 1309 818 ct
1329 755 1489 834 singulare
1516 756 1715 820 sacrificium.
1741 756 1895 820 Eusebius
1919 759 1980 819 lib.

199 856 303 916 ristiae
321 869 379 914 nan
397 867 468 914 esse
484 847 740 920 sacrillcium,oisi
755 845 1062 924 repraesentativum,
1108 841 1138 901 l.
1153 843 1323 901 demonstr.
1340 839 1481 917 evangel.
1504 855 1574 918 cap.
1598 841 1653 902 ult.
1679 846 1767 902 roeat
1787 839 1977 904 sacriilcium

200 953 354 1013 nunquam
372 935 520 996 dixissent
536 933 565 992 io
584 947 711 995 numero
727 927 942 1004 mollitudinis,
959 925 1062 990 ollerri
1107 921 1357 1014 Ιιεοριεειιιιι.Ι
1527 1003 1532 1014 Ι
1868 1005 1875 1016 ·
1915 1004 1922 1016 ·

201 1019 263 1080 lieo
278 1020 425 1092 victimas,
443 1022 475 1078 et
487 1012 635 1076 saoriilcia
650 1011 681 1074 in
697 1012 830 1084 allari,ut
845 1012 979 1089 loquitur
993 1024 1062 1086 pas·
1147 1004 1290 1083 Denique
1305 1004 1412 1065 ultimo
1427 1003 1548 1066 accedrt
1561 1001 1643 1081 quod
1658 1002 1763 1067 Patres
1778 1011 1980 1080 apertissime

201 1105 258 1164 sim
274 1099 444 1180 Cyprianus
462 1098 514 1158 liu.
533 1098 562 1158 l.
579 1096 671 1174 epist.
688 1095 719 1156 2.
737 1095 792 1156 lib.
809 1095 839 1154 2.
852 1096 943 1172 epist.
959 1092 988 1154 3.
1006 1090 1061 1152 lib.
1108 1086 1214 1152 dicunt
1229 1103 1284 1163 per
1299 1088 1358 1147 true
1373 1084 1572 1159 socrilleium,
1587 1086 1670 1163 guod
1686 1102 1768 1150 none
1781 1086 1820 1149 alr
1832 1085 1976 1150 Ecclesia

200 1183 231 1245 3.
248 1185 338 1262 epist.
355 1183 385 1243 2.
402 1181 432 1242 u.
448 1179 500 1242 25.
517 1179 546 1240 in
563 1194 658 1242 serm.
685 1179 723 1240 de
750 1179 957 1255 eleemosyna,
984 1181 1014 1235 et
1030 1173 1062 1235 in
1108 1175 1172 1233 tolo
1189 1169 1265 1234 urbe
1280 1175 1426 1231 terrarum
1453 1167 1580 1231 ullertur
1603 1167 1680 1242 Deo,
1708 1169 1845 1232 exhiberi
1872 1171 1978 1232 eidem

171 1321 174 1330 ,
200 1267 259 1327 alio
272 1267 310 1327 de
325 1265 461 1331 oratione
476 1262 641 1338 domiuiea;
657 1259 712 1322 sed
728 1259 827 1322 sulum
844 1261 874 1320 in
900 1257 1059 1336 singulari,
1108 1251 1172 1314 lieo
1187 1252 1301 1314 cultum
1317 1251 1480 1344 latriaoilli
1497 1252 1555 1314 suli
1571 1250 1720 1344 debitum,
1738 1258 1771 1313 ut
1786 1259 1868 1329 patet
1882 1270 1920 1314 ex
1932 1255 1978 1315 to·

200 1347 395 1416 sacrificium.
412 1345 510 1408 Unum
525 1345 608 1405 enim
623 1350 739 1406 lanium
754 1350 813 1414 ast,
828 1341 911 1420 quud
937 1355 1060 1417 reproe-
1108 1352 1145 1397 eu
1160 1333 1319 1414 Augustini
1331 1334 1397 1412 jam
1411 1339 1514 1407 calolo,
1531 1334 1581 1396 ubi
1598 1335 1671 1396 rode
1687 1337 1806 1411 probat,
1832 1351 1889 1398 uos
1911 1353 1976 1398 uon

200 1437 348 1498 sectatur:
362 1436 391 1492 ct
406 1430 475 1492 ideo
492 1443 603 1488 aoruca
630 1428 703 1504 ejus
727 1443 787 1488 oon
814 1428 926 1502 potest.
954 1425 1013 1484 nisi
1029 1423 1061 1485 in
1107 1418 1222 1480 habere
1239 1424 1364 1481 sanctos
1379 1432 1435 1493 pro
1449 1416 1528 1487 litis,
1546 1417 1616 1496 quia
1633 1432 1725 1480 nemu
1750 1417 1789 1480 ad
1815 1417 1908 1480 altare
1931 1420 1979 1481 di·

199 1513 347 1592 singulari
364 1511 477 1574 ollurri.
500 1507 572 1572 liam
601 1511 655 1570 hac
682 1509 721 1570 dc
747 1525 855 1570 caussa
879 1505 1063 1568 Cairinistae
1106 1503 1159 1562 cit:
1177 1500 1279 1562 (illeso
1295 1499 1453 1593 tibiiletre
1468 1505 1520 1561 aut
1542 1498 1705 1580 Cypriane:
1732 1508 1764 1562 ει
1786 1515 1824 1562 ea
1846 1500 1977 1578 Cpra’llo,

198 1612 362 1672 numquam
379 1596 486 1656 dicunt
501 1593 612 1656 multos
629 1607 724 1668 panes
750 1595 960 1658 consecratos,
990 1605 1062 1651 esso
1106 1583 1238 1662 aliisque
1253 1582 1389 1649 Graecis,
1407 1583 1470 1659 qui,
1493 1583 1562 1660 ipsa
1588 1582 1678 1644 etiam
1705 1587 1783 1646 leste
1807 1582 1977 1651 llemuitio,

198 1680 289 1740 multo
306 1693 433 1752 corpora
448 1675 572 1747 curisti,
592 1678 661 1751 quia
679 1691 773 1736 unum
800 1688 914 1750 corpus
940 1687 1062 1749 reprae·
1107 1674 1218 1728 rocaut
1233 1669 1291 1728 troc
1307 1663 1492 1726 sacrificium
1516 1667 1709 1726 incruentam
1734 1665 1863 1728 latriam.
1886 1666 1926 1728 At
1948 1668 1976 1728 si

197 1767 329 1822 saniant:
347 1765 376 1820 el
392 1775 448 1820 nus
463 1761 502 1820 de
518 1757 703 1834 imaginibus
718 1756 850 1818 dicimus
866 1754 991 1831 quidem
1003 1770 1061 1816 uos
1110 1765 1171 1810 non
1188 1756 1273 1812 esset
1286 1748 1347 1810 hoe
1367 1745 1554 1810 sacrificium
1580 1747 1640 1809 nisi
1665 1750 1922 1824 repraesentatio,
1947 1758 1980 1812 et

155 1831 160 1850 ¹
198 1843 324 1912 habere,
341 1849 391 1902 aut
403 1841 516 1902 vidisse
533 1842 643 1902 inultas
658 1839 810 1918 imagines
832 1836 981 1910 Caesaris,
1005 1837 1061 1900 sed
1110 1832 1255 1893 memoria
1271 1828 1414 1892 sacrillcii
1429 1831 1541 1905 crucis,
1558 1847 1619 1894 noo
1635 1840 1720 1894 esset
1733 1831 1835 1894 cultus
1854 1832 1977 1895 latriae:

81 1997 84 2006 ¹
199 1923 420 1993 condicimus,
438 1923 496 1984 nisi
513 1923 628 2000 inepte,
646 1923 757 1984 multos
771 1919 927 1982 Caesares.
1108 1930 1170 1975 uon
1187 1915 1268 1976 enim
1284 1929 1525 1975 commemorare
1552 1912 1737 1976 sacrificium
1762 1914 1902 1984 alterius,
1919 1917 1977 1976 sed

239 2008 351 2073 l'ertio,
369 2005 542 2084 Baptismus
557 2011 603 2065 cst
618 2011 840 2066 sacramentum
855 2008 1064 2078 repraesenta·
1106 2011 1179 2059 rere
1195 2004 1226 2058 et
1241 1995 1365 2075 proprie
1376 1994 1561 2068 sacrificare,
1589 2001 1637 2058 est
1661 1997 1765 2059 cultus
1790 1997 1909 2058 latriae.
1932 1997 1977 2059 lla

199 2088 292 2152 tirum
309 2083 414 2150 mortis
430 2086 555 2159 Christi,
572 2092 605 2147 ut
630 2087 795 2166 Apostolus
817 2087 907 2147 dccet
933 2085 1061 2148 Roman.
1108 2077 1201 2157 igilur
1215 2079 1388 2142 cuniulatur
1402 2079 1561 2142 secundus
1576 2078 1686 2143 modus
1701 2089 1729 2140 a·
1743 2078 1909 2143 liemoitiio
1926 2096 1980 2140 ex·

197 2170 227 2244 a„
242 2171 320 2232 llum
337 2173 418 2232 euim
434 2170 646 2248 immergimur
660 2173 690 2232 io
718 2186 806 2246 aqua,
835 2167 954 2229 Christo
979 2184 1063 2230 com·
1111 2163 1273 2237 cogitatus.

196 2256 354 2324 morimur,
372 2260 401 2314 ει
416 2268 484 2314 curo
501 2253 541 2312 do
555 2269 631 2330 aqua
648 2250 846 2329 emergimus,
860 2263 928 2312 cum
943 2249 1085 2314 Cirristo’·
1151 2243 1292 2306 Ultimum
1307 2243 1451 2306 llemuitii
1466 2245 1702 2321 pronunciatum
1727 2244 1775 2306 de¹
1790 2245 1977 2308 testimoniis

194 2337 397 2414 resurgimus:
410 2343 445 2402 ,et
459 2341 561 2395 lamen
578 2335 653 2396 nulii
668 2341 804 2396 velerum
816 2333 1002 2410 Baptismurn
1015 2349 1063 2393 sa·
1106 2323 1240 2400 latrum,
1259 2327 1387 2389 habetur
1401 2327 1514 2406 pagina
1530 2325 1602 2389 198.
1619 2335 1650 2390 ει
1665 2326 1736 2388 tat.
1751 2326 1826 2388 Nam
1848 2335 1922 2405 post
1943 2345 1976 2388 o·

195 2417 343 2482 crillclum
380 2418 443 2479 lieo
478 2415 612 2478 oblatum
650 2415 783 2493 uuuua‘m
820 2415 1062 2493 appellaverunt.
1109 2411 1302 2472 muesdalas
1326 2411 1511 2480 solutiones,
1537 2426 1607 2472 cum
1633 2409 1891 2472 animadverteret
1913 2427 1979 2472 nou

196 2500 259 2562 lton
291 2503 382 2580 igitur
410 2500 466 2561 ista
497 2499 561 2559 sola
586 2497 828 2574 repraesentatio
854 2514 961 2566 caussa
991 2513 1064 2560 esse
1108 2507 1321 2567 possarerera
1337 2491 1977 2571 lectoribussatislleri,ipsaauoguecurn

196 2584 293 2660 poluit
318 2601 372 2646 cur
387 2584 464 2646 actio
479 2596 595 2644 coenae
610 2581 731 2645 Domini
757 2578 942 2643 sacrificium
957 2581 1064 2659 appel·
1106 2575 1263 2653 magistris
1279 2579 1345 2638 suis
1358 2573 1493 2650 luthero
1508 2583 1539 2636 et
1554 2574 1691 2646 Cairiuo,
1709 2575 1849 2636 Patribus
1861 2578 1979 2638 saladi·

198 2668 290 2728 larus,
674 2683 676 2688 ·
1106 2657 1159 2730 cit,
1175 2657 1290 2720 oblitus
1305 2658 1977 2737 ejus,quodanteascripserot,honasruec-

236 2749 348 2825 Quarro
374 2747 400 2810 si
429 2747 594 2810 celebratio
610 2743 819 2811 Eucharistiae
841 2760 903 2806 non
925 2751 1008 2808 esser
1029 2762 1062 2809 ο.
1108 2745 1156 2800 les
1171 2755 1296 2818 semper
1310 2741 1431 2818 plurimi
1447 2741 1561 2806 iecisse
1572 2757 1762 2804 consensum
1772 2742 1975 2820 antiquitatis:

196 2830 288 2894 llario
306 2847 382 2900 nara
398 2831 490 2894 realis
507 2838 537 2896 ει
553 2846 632 2904 aera,
650 2831 712 2892 lieu
729 2831 817 2898 uela,
841 2829 895 2889 sed
921 2829 1021 2891 solum
1037 2827 1062 2888 i·
1107 2818 1223 2901 Narrare,
1241 2823 1497 2902 inquitueterum
1512 2824 1766 2903 quotacumque
1778 2827 1973 2898 sensatico,

198 2931 285 2992 mago
301 2915 451 2991 quaedam
469 2931 504 2974 ac
519 2912 761 2992 repraesentatio
776 2910 939 2972 oblationis
951 2911 981 2972 in
995 2927 1064 2973 cru·
1105 2908 1164 2968 sed
1179 2905 1348 2984 Scriptura
1362 2909 1526 2970 canonico
1538 2908 1656 2987 reputo
1671 2915 1727 2980 cst,
1744 2913 1775 2969 et
1797 2923 1920 2970 nonna
1939 2907 1976 2983 ii·

195 3011 231 3058 ce
245 3001 398 3076 peractae,
415 3011 477 3058 uou
493 3010 657 3076 possemus
672 3009 742 3056 vera
754 2992 818 3054 ilco
834 2993 950 3054 dicere:
981 2991 1062 3056 Olla-
1106 2989 1161 3050 dei
1175 2994 1204 3048 et
1213 2989 1338 3069 judicii
1350 2990 1390 3052 tn
1402 2989 1464 3052 iac
1485 2991 1719 3054 controuersia.
1746 2989 1782 3050 lit
1807 2991 1901 3069 paulo
1928 2991 1975 3053 in·

199 3097 230 3141 ru
246 3082 299 3141 ltbl
317 3082 375 3140 troc
393 3096 516 3149 raucus,
535 3094 604 3149 seu,
621 3077 728 3156 accipe
744 3075 872 3139 uomica
889 3075 948 3139 hoc
967 3078 1062 3141 sacri·
1105 3069 1160 3142 ira,
1174 3087 1286 3133 noeros
1298 3073 1434 3151 appellat
1445 3073 1617 3136 testimonia
1631 3073 1892 3136 Patrumzlandem
1903 3077 1975 3135 red·

192 3162 306 3223 licium.
324 3162 380 3237 Qui
397 3162 479 3223 enim
496 3161 567 3223 dicit
586 3161 688 3221 alicui:
707 3158 809 3221 Ollero
835 3159 905 3235 tibi,
931 3174 987 3221 scu
1004 3161 1059 3222 dc·
1104 3152 1150 3215 (ιιι
1165 3161 1227 3216 ires
1240 3172 1381 3229 caussas,
1397 3172 1453 3217 eur
1468 3158 1552 3219 malit
1566 3159 1715 3235 ipsecum
1730 3157 1797 3220 suis
1821 3156 1971 3220 Euchari-

191 3245 271 3321 oipe,
288 3248 388 3321 reipsa
405 3250 476 3305 lunc
493 3244 610 3320 aliquid
626 3242 766 3321 porrigit,
785 3248 815 3303 et
827 3258 887 3302 nou
901 3243 1000 3303 solum
1014 3260 1061 3304 re·
1104 3236 1195 3297 sliam
1210 3252 1320 3300 ιθθιιθ
1335 3246 1573 3315 Sacramentum,
1590 3248 1697 3303 ⁰1⁰⁰ss
1712 3239 1913 3311 δθθῐῑίῑῢὶιιιιι,
1937 3241 1973 3301 li·

193 3335 369 3402 praeseutut·
380 3327 648 3397 oblatiunenr,nisi
664 3326 741 3387 loric
757 3324 884 3386 irridere
895 3326 967 3387 ralit
979 3340 1062 3399 eum,
1104 3328 1155 3381 cet
1170 3320 1274 3383 Patres
1287 3337 1396 3383 omues
1410 3322 1635 3399 appellaverint
1649 3322 1849 3385 sacrificium.
1871 3322 1973 3384 Prima

193 3424 283 3484 auem
302 3410 452 3472 lronarare
468 3426 502 3470 se
531 3410 665 3471 simulat.
693 3407 793 3480 Quare
819 3407 982 3469 adversarii
1006 3423 1059 3468 rao·
1105 3403 1237 3479 estauia
1254 3402 1407 3480 Scriptura
1422 3405 1523 3467 alirino
1538 3420 1667 3467 coenam
1684 3406 1802 3468 llomioi
1816 3422 1973 3484 nusquam

192 3492 257 3563 stri,
274 3508 343 3553 cum
361 3492 419 3552 troc
435 3492 530 3569 probe
546 3492 734 3570 intelligunt,
752 3490 908 3551 abstineut
933 3492 1060 3552 omnino
1103 3492 1188 3547 vocal
1214 3485 1412 3549 sacrificium.
1437 3487 1597 3567 Secunda,
1623 3488 1696 3567 quia
1720 3488 1777 3549 ista
1797 3488 1973 3567 appellatio

196 3590 225 3635 m
243 3590 317 3635 suae
334 3588 448 3635 coenae
464 3572 673 3635 celebratione
689 3572 727 3633 ab
743 3572 894 3652 ejusmodi
919 3574 1060 3644 rociuus,
1102 3568 1257 3642 sacrificii,
1274 3586 1334 3647 naa
1351 3585 1457 3648 parum
1473 3572 1619 3634 obscurat
1632 3586 1735 3633 reram
1749 3572 1971 3637 doctrinam.et

193 3662 223 3716 et
237 3671 291 3717 eas
304 3658 334 3715 in
352 3656 441 3717 nobis
458 3655 587 3717 marinae
609 3656 852 3734 reprehendunt.
880 3654 916 3717 Αι
941 3662 1061 3719 ueteres
1103 3666 1195 3711 usum
1212 3668 1328 3715 coenae
1343 3653 1534 3716 ltominicae.
1551 3654 1662 3727 acriis,
1680 3656 1752 3733 quia
1767 3670 1806 3715 ex
1819 3653 1873 3715 illa
1893 3661 1973 3715 cale·

193 3738 295 3800 Patres
311 3737 560 3817 frequentissime
577 3740 615 3799 ira
633 3739 812 3815 loquuntur,
829 3754 865 3799 ac
876 3740 1059 3816 praesertim
1103 3732 1189 3795 clrcsi
1205 3735 1421 3813 appellationis
1434 3736 1590 3811 sacrillcii,
1606 3754 1667 3798 coo
1683 3741 1789 3799 dextra
1814 3736 1967 3814 interpre-

191 3820 380 3899 atuguslious
395 3820 437 3883 lib
452 3820 483 3881 it.
498 3821 540 3895 ,de'
555 3820 679 3882 uisitare
702 3820 756 3882 ιιει
783 3836 853 3898 cop.
882 3820 937 3881 ult.
966 3820 1055 3897 Quas,
1102 3820 1174 3885 tata
1189 3824 1359 3891 extructum
1375 3824 1423 3881 est
1448 3819 1627 3881 theatricum
1655 3819 1829 3898 pontificiae
1854 3820 1970 3882 missac

193 3903 303 3979 inquit,
321 3904 448 3965 audiuit
469 3904 649 3982 aliquando
674 3902 832 3980 fideliam,
858 3905 1060 3965 sacerdotem
1103 3898 1300 3961 sacrificium.
1317 3900 1478 3963 llaecille.

191 3990 331 4048 stactem
344 3986 390 4046 ud
404 3986 518 4057 attare,
535 3988 642 4049 dicero
655 3985 868 4064 inprecatus,
887 3982 990 4061 dileco
1003 3986 1062 4048 tibi
1145 3979 1226 4041 Istae
1242 3998 1313 4042 raro
1338 4000 1468 4046 caussae
1493 3984 1655 4046 continent
1683 3984 1713 4044 io
1740 3983 1850 4058 primis
1877 3983 1970 4045 mari·

193 4066 283 4129 Patre
298 4072 357 4131 aut
375 4066 537 4149 Cyprio-ac
553 4068 702 4130 etc.ddde
717 4068 799 4146 quod
816 4069 920 4129 Patres
935 4084 995 4129 nou
1010 4086 1058 4128 so·
1101 4078 1180 4124 marn
1194 4064 1313 4125 latrum
1325 4066 1612 4140 reprehensionem:
1628 4067 1804 4144 signiticaret
1818 4065 1904 4128 enim
1919 4066 1969 4127 la·

194 4150 255 4209 lum
271 4150 389 4223 dieunt,
406 4168 442 4211 se
458 4148 581 4221 olierre,
600 4151 655 4213 aad
672 4152 762 4213 etiam
779 4152 886 4215 dicunt
908 4166 963 4228 per
978 4152 1060 4213 nanc
1103 4152 1168 4207 tres
1182 4162 1243 4207 nou
1259 4162 1331 4211 esse
1351 4147 1496 4225 loquutus
1509 4150 1681 4211 seeundum
1696 4165 1810 4211 morem
1828 4150 1973 4226 suipra·

193 4233 380 4295 iactationem
396 4232 628 4295 commemorari
653 4232 839 4295 oblationem
865 4234 978 4309 crucia
1003 4233 1060 4297 ubi
1103 4243 1156 4287 rite
1172 4274 1181 4301 ‚
1201 4236 1231 4289 ιι
1245 4230 1433 4293 obscurasse
1448 4248 1551 4293 veram
1565 4232 1734 4294 doctrinam
1749 4237 1780 4293 el
1794 4246 1886 4293 usum
1902 4248 1971 4293 coe·

193 4322 271 4377 <tuas
287 4314 481 4393 distinguunt
496 4314 680 4386 oblationes,
708 4332 799 4377 unam
825 4321 1060 4393 repraesentari·
1102 4326 1161 4373 uae
1174 4308 1343 4382 dominici
1356 4330 1411 4375 sua
1424 4315 1547 4377 licentia
1559 4322 1591 4377 ει
1602 4314 1831 4393 improprietate
1843 4315 1972 4393 lraqrren·

192 4406 252 4459 rem
268 4401 299 4459 et
319 4412 409 4459 uuam
434 4403 705 4474 repraesentatam,
734 4398 925 4459 incruentam
952 4415 1058 4472 uuam,
1103 4392 1277 4456 ‹linaamura
1294 4398 1487 4459 incommoda
1503 4397 1661 4459 ltcclesiaa
1675 4397 1826 4458 attulisse.
1843 4395 1880 4456 lt
1900 4400 1971 4473 ouis

192 4482 317 4541 atteram
333 4484 503 4543 cruentam.
521 4482 710 4556 lugrrsiiuus
726 4480 780 4542 lib.
798 4478 849 4541 29.
876 4486 959 4543 εοει.
983 4482 1058 4542 lau·
1103 4475 1133 4537 id
1149 4478 1253 4539 credat
1267 4478 1306 4541 de
1320 4480 1381 4541 iltis
1401 4480 1592 4542 doctissimis
1616 4478 1807 4542 horninibus.
1833 4481 1889 4556 qui
1915 4479 1971 4540 llo·

193 4568 273 4623 stum
290 4578 361 4639 cop.
380 4559 429 4622 l8.
449 4562 635 4635 christiani,
653 4564 762 4641 inqrrit,
774 4561 849 4642 jam
866 4565 993 4643 peracri
1006 4581 1059 4627 so·
1102 4566 1230 4621 ruerunt
1243 4562 1432 4635 purioribus,
1450 4571 1482 4623 ut
1496 4562 1669 4624 llemnitius
1684 4564 1831 4637 toooitur,
1842 4562 1971 4641 optimis

194 4643 310 4719 ειιιιειι
323 4650 516 4707 memoriam
531 4644 692 4723 celebrarat
705 4654 915 4709 sacrosancta
926 4646 1060 4709 oblatio·
1102 4648 1134 4701 et
1147 4640 1375 4705 florentissimis
1391 4644 1549 4708 Ecclesiae
1564 4646 1775 4723 temporibus?

191 4742 233 4789 raa
255 4732 284 4789 ει
303 4728 555 4805 participatione
579 4728 723 4807 eorporis
751 4728 876 4792 Cirrista'.
904 4728 958 4790 itui
982 4731 1059 4791 iilud
1139 4724 1263 4788 -ltcinde
1279 4726 1375 4803 prima
1390 4743 1499 4790 caussa
1515 4729 1707 4806 ineptissima
1723 4732 1819 4799 estut
1834 4726 1916 4789 nihil
1931 4729 1972 4789 de

193 4811 285 4877 aliam
301 4810 464 4871 estobiter
480 4809 719 4875 observandum.
737 4814 818 4888 quud
834 4813 916 4873 sicut
941 4814 1061 4890 portici·
1101 4810 1238 4869 secunda
1254 4817 1285 4871 ei
1310 4810 1410 4883 teriia,
1436 4826 1516 4889 quae
1545 4826 1646 4873 meras
1671 4812 1843 4873 calumnias
1868 4812 1969 4871 conti·

187 4892 273 4969 patio
289 4892 428 4967 eorporis
442 4891 563 4954 Domini
580 4909 640 4954 aon
657 4893 772 4955 desinit
786 4910 852 4955 essa
865 4910 934 4955 rura
950 4900 981 4954 el
993 4911 1059 4956 rea·
1102 4898 1186 4963 nent,
1204 4892 1352 4955 dicamus.
1369 4893 1442 4955 llam
1457 4894 1484 4955 si
1506 4893 1651 4972 displicet
1675 4910 1788 4956 comen
1809 4892 1970 4965 sacrificii,

192 4976 231 5035 lis
244 4973 446 5051 participatio,
465 4974 536 5035 licet
551 4976 591 5037 sit
605 4980 883 5054 commemoratum
900 4977 939 5037 ita
966 4977 1057 5039 etiam
1100 4973 1173 5049 auia
1188 4973 1342 5052 scriptura
1358 4992 1396 5039 eo
1411 4992 1472 5037 uon
1488 4978 1652 5051 utitur,cur
1667 4992 1728 5038 non
1744 4976 1854 5038 eadem
1876 4975 1971 5037 ralio-

192 5056 321 5128 oblatio,
339 5072 416 5132 uuae
432 5056 524 5119 simul
540 5058 656 5119 lituum
674 5059 723 5119 illa
740 5058 1056 5137 participatione,non
1100 5071 1143 5116 aa
1158 5056 1303 5135 displicet
1319 5072 1430 5119 nomen
1446 5060 1648 5121 sacramenti?
1670 5075 1771 5134 oeque
1795 5060 1879 5119 euim
1903 5075 1972 5120 cre·

192 5138 307 5201 desinit
321 5154 392 5201 esse
408 5156 476 5200 aera
492 5146 522 5201 et
537 5142 627 5203 realis
642 5141 770 5216 ablatio,
786 5143 858 5205 licet
875 5142 916 5203 sit
930 5142 1057 5205 alterius
1102 5139 1154 5199 do.
1172 5141 1272 5201 locum
1288 5141 1499 5202 ostendentia
1516 5141 1628 5203 divinis
1653 5142 1761 5214 literis,
1789 5142 1842 5203 ubi
1869 5156 1970 5203 wem

190 5220 666 5285 oblationiscoromauroralira.·
1101 5220 1222 5283 ltumini
1250 5229 1474 5287 sacramentum
1500 5224 1684 5286 nominetur.
1712 5225 1790 5299 Quid
1817 5231 1863 5286 est
1891 5240 1969 5301 argu

201 5350 207 5359 .
233 5302 358 5375 Quinto,
377 5304 479 5367 Patres
495 5306 531 5367 ad
551 5322 662 5369 nomen
677 5305 819 5371 saerillcii
833 5322 927 5386 saepe
939 5305 1056 5371 addunt
1101 5306 1183 5379 nuod
1195 5304 1369 5367 llemnltius
1384 5306 1530 5385 loquitur,
1546 5323 1617 5370 com
1632 5309 1685 5369 ait:
1708 5308 1792 5369 ilaec
1817 5308 1969 5369 comide-

190 5384 336 5461 epitheta,
354 5402 432 5463 quae
448 5388 505 5449 soli
528 5404 599 5451 reru
624 5388 775 5455 sacrilleio
800 5389 999 5460 conveniunt,
1023 5397 1055 5453 et
1096 5389 1180 5449 rollo
1206 5388 1247 5451 de
1271 5390 1383 5451 mecla
1411 5391 1621 5466 quorundam
1644 5397 1787 5453 ceteram
1811 5392 1968 5461 ostendit,

188 5483 269 5615 zoae
284 5468 387 5548 inepta
402 5471 577 5533 dicerentur
598 5472 638 5535 de
664 5474 731 5534 sota
756 5474 1051 5550 repraesentatione.
1098 5486 1203 5548 quare
1215 5470 1392 5533 nummos
1407 5488 1543 5535 coenem
1558 5474 1763 5535 Doariaicooa
1775 5488 1969 5535 sacromen-

214 5549 358 5627 ypriunus
374 5550 427 5613 tib.
444 5553 475 5615 2.
492 5552 583 5631 epist.
600 5554 631 5615 3.
649 5560 736 5617 vocat
751 5556 876 5632 plenum
899 5572 934 5617 ac
946 5571 1051 5619 rerum
1098 5555 1298 5630 lampetius,
1314 5569 1415 5633 quarn
1433 5552 1632 5632 sarificium
1656 5556 1830 5634 cppcitcri.
1856 5556 1969 5616 Primo

186 5630 384 5697 sacrillcium.
400 5632 636 5715 chrysostomos
651 5637 758 5701 homil.
772 5637 823 5699 aa.
838 5638 875 5701 ad
888 5638 1050 5715 populum,
1098 5637 1187 5697 esim
1212 5635 1382 5713 Scriptura
1399 5685 1406 5709 ,
1434 5652 1520 5718 quoe
1543 5640 1693 5701 omniurn
1719 5640 1917 5701 resumimus
1941 5646 1972 5699 et

186 5722 341 5780 stamma
357 5714 463 5779 Graeci
481 5719 719 5795 passimrocant
734 5718 917 5783 sacrificium
934 5721 1052 5783 territat·
1098 5719 1375 5783 comniodisaiaaas
1401 5720 1636 5799 appellationes
1665 5728 1767 5801 pateat
1791 5721 1889 5784 relus
1919 5724 1968 5801 ip·
