4084 6275
302 388 353 446 tte

232 529 294 584 rum
310 535 380 584 esse
395 514 598 581 sacerdotium
614 530 629 574 n
646 511 765 576 Cirristo
790 512 822 575 in
845 513 982 586 Petrum,
999 513 1045 573 rel
1068 529 1083 570 a

228 603 316 668 Petro
331 605 361 665 in
377 615 498 683 popam.
1082 629 1085 635 ,

541 908 658 970 CAPUT
680 909 770 972 XXV.

309 1172 483 1236 Solvuntur
495 1177 690 1250 crqumenrc
703 1171 839 1232 docearis
856 1169 992 1232 Caluini.

266 1400 677 1490 ioannesCatvmuslib.'l.
704 1424 804 1486 instit.
832 1443 900 1503 cap.
930 1425 978 1487 l8.
1006 1427 1023 1506 ι
1052 1428 1082 1488 l.

226 1511 361 1588 quinque
376 1519 551 1588 argumenta
568 1510 720 1587 proponit,
737 1525 806 1570 eum
832 1510 905 1569 dicit
929 1525 964 1570 se
987 1510 1083 1571 aerbo

226 1591 278 1653 ilci
294 1593 464 1652 clarissime
481 1595 757 1654 demonstraturum
772 1591 955 1652 sacrificium
969 1592 1083 1654 missae

227 1673 339 1751 insigni
356 1675 538 1750 contumelia
555 1675 708 1737 Christum
723 1674 857 1748 allicere3
874 1690 997 1735 crucem
1014 1674 1083 1753 ejus

225 1756 358 1834 sepelire
373 1763 404 1817 ct
419 1760 607 1835 opprimere3
624 1764 750 1819 mortem
767 1757 835 1834 ojus
852 1755 881 1817 in
895 1756 1083 1818 oblivionem

224 1839 356 1912 traderm
372 1839 514 1910 iruotum,
531 1841 582 1920 qui
598 1856 636 1902 ea
651 1855 685 1902 ea
703 1840 792 1900 nobis
815 1839 1082 1915 proveniebattol·

224 1921 300 1981 lere:
317 1921 558 1991 Sacramentum,
584 1939 645 2000 quo
672 1926 777 1983 mortis
804 1922 949 1982 memoria
975 1923 1081 1983 relicta

224 2009 301 2075 crat,
318 2019 461 2065 enervare
478 2013 508 2067 et
522 2005 767 2083 dissipara:quae
782 2004 883 2065 omnia
901 2013 1081 2082 argumenta

226 2086 386 2163 exequitur
401 2103 431 2146 ra
448 2088 651 2166 sequentibus
666 2087 866 2149 sectionibus.

262 2166 391 2228 Primum
407 2169 498 2247 igitur
509 2171 569 2232 talc
584 2178 632 2233 εει
643 2175 868 2250 argumentum.
882 2169 1021 2231 Christus
1034 2177 1083 2233 εει

221 2251 367 2310 sacerdos
382 2251 411 2310 in
428 2260 595 2314 aeternum:
613 2269 686 2331 ergo
702 2253 777 2314 nulli
794 2253 937 2314 substitui
964 2253 1081 2315 debent

221 2330 340 2393 Christo
355 2349 565 2411 successores,
588 2343 639 2398 aut
665 2334 779 2396 vicarii.
806 2334 886 2412 Ergo
916 2336 991 2396 nulli
1008 2344 1083 2398 scut

221 2414 311 2475 murlo
325 2417 501 2479 sacerdotes
517 2419 547 2478 in
564 2420 664 2490 terris,
681 2418 810 2497 proinde
834 2435 891 2479 nec
916 2417 1079 2480 saeriliein:

222 2511 290 2556 carm
306 2498 337 2557 in
354 2499 446 2559 reteri
463 2500 530 2578 lege
547 2501 615 2562 ideo
637 2500 918 2578 multiplicabantur
938 2501 1081 2562 sacerdo·

216 2584 279 2648 tes,
296 2579 366 2656 quia
383 2588 477 2644 morte
493 2583 734 2658 prohibebantur
750 2599 942 2660 permanere,
960 2590 990 2643 ot
1003 2585 1082 2662 dpu-

220 2659 316 2722 stoios
332 2661 404 2724 dicit
419 2663 457 2724 ad
472 2663 565 2726 Hebr.
582 2683 650 2743 cap.
667 2665 698 2726 l.
714 2667 818 2744 ttequo
834 2667 1014 2743 responderi
1028 2683 1080 2745 po·

219 2748 289 2815 test,
306 2757 361 2804 eos
375 2745 428 2821 qui
445 2761 527 2806 nune
542 2747 722 2809 ordinantur
736 2749 923 2818 sacerdotes,
937 2765 998 2809 nun
1011 2765 1081 2811 suc·

1033 378 1079 436 blo
1098 377 1198 437 hissa
1221 397 1224 403 ·

1129 521 1176 574 est
1191 517 1294 591 pastor
1308 513 1444 574 omnium
1461 514 1574 584 orium,
1590 520 1621 576 ei
1637 516 1705 595 ipse
1721 523 1781 583 εει,
1798 514 1850 595 qui
1867 514 1999 592 baptizat

1125 603 1159 656 et
1170 600 1362 657 sacramenia
1377 604 1500 658 coetera
1515 597 1643 668 conlert,
1660 603 1800 662 omnium
1827 613 1996 670 eqnsensu.

1128 686 1160 739 et
1176 686 1274 739 tamen
1290 678 1361 754 quis
1375 695 1511 756 unquam
1526 683 1658 758 negarit,
1675 683 1792 746 debere
1807 695 1880 745 esse
1898 681 1929 740 in
1942 681 1996 740 dr-

1130 763 1225 822 etesia
1254 761 1367 822 multos
1392 769 1532 837 pastores
1560 773 1591 824 et
1615 773 1879 830 sacramentorum
1908 765 1996 822 ruini-

1129 850 1221 915 stros,
1238 845 1291 921 qui
1305 845 1374 904 loco
1389 844 1512 918 Christi,
1527 851 1560 907 el
1575 851 1608 907 ut
1632 848 1763 912 ministri
1790 846 1901 911 Christi
1926 846 1997 907 risa·

1130 927 1233 988 bililer
1248 929 1303 988 ista
1318 925 1446 988 laciantl
1460 926 1566 990 Nonne
1581 922 1642 1006 ipsi
1657 933 1749 992 etiam
1763 930 1929 992 adversarii
1942 946 1994 1004 pa·

1129 1016 1229 1071 stores
1243 1016 1274 1070 et
1289 1011 1431 1071 doctores
1445 1018 1476 1070 et
1489 1011 1619 1073 ministri
1635 1013 1696 1075 diei
1712 1015 1831 1083 coloni,
1845 1019 1877 1074 ει
1890 1015 1991 1089 quoti·

1128 1092 1179 1153 die
1193 1093 1304 1157 docent
1320 1099 1350 1152 et
1364 1091 1561 1170 baptizantet
1575 1100 1675 1156 ιιιιει
1692 1112 1753 1158 non
1769 1099 1877 1177 putant
1890 1111 1927 1155 sc
1939 1095 1989 1156 de·

1128 1190 1235 1253 rogare
1250 1176 1356 1236 unitati
1372 1177 1539 1254 magisterii
1554 1183 1584 1237 et
1599 1185 1770 1256 pastoratus
1790 1177 1919 1240 Christi?
1934 1176 1993 1238 Eo·

1131 1258 1201 1318 dem
1219 1258 1310 1336 igitur
1329 1258 1509 1335 modo,quia
1525 1259 1732 1322 Christusnon
1748 1259 1900 1324 sacrificat
1911 1277 1994 1322 nunc

1128 1356 1185 1418 per
1199 1357 1234 1402 se
1250 1340 1409 1402 visibiliter
1424 1348 1453 1402 ει
1468 1343 1602 1404 humano
1630 1357 1717 1404 ruore
1744 1344 1775 1405 in
1802 1344 1903 1405 terris:
1931 1359 1993 1404 non
2037 1406 2041 1415 ,

1128 1430 1279 1501 repugnat
1294 1423 1400 1484 unitati
1428 1431 1459 1484 et
1471 1425 1642 1486 aeternitati
1671 1425 1835 1488 sacerdotii
1861 1426 1944 1503 ejus,
1961 1432 1994 1487 ot
2041 1449 2042 1504 q

1127 1506 1241 1568 babeat
1254 1505 1286 1566 in
1301 1507 1391 1568 terris
1400 1507 1578 1570 sacerdotes
1610 1507 1767 1571 ministros
1790 1516 1823 1571 et
1849 1509 1992 1575 vicarios,

1128 1605 1184 1666 per
1199 1605 1279 1667 quos
1295 1589 1325 1648 id
1347 1588 1449 1650 iaciat.
1478 1588 1575 1653 immo
1597 1597 1631 1650 nt
1655 1607 1749 1668 supra
1774 1591 1994 1653 demonstrari·

1127 1688 1208 1744 mus,
1227 1688 1288 1731 non
1304 1677 1406 1748 potest
1417 1670 1556 1734 Christus
1567 1673 1625 1733 alia
1639 1673 1760 1736 ratione
1776 1673 1923 1736 veredici
1945 1689 1992 1734 sa·

1126 1756 1238 1816 ceratus
1253 1755 1283 1814 in
1299 1762 1469 1826 aeternum,
1486 1756 1545 1815 nisi
1563 1771 1619 1834 per
1644 1756 1802 1818 ministros
1816 1755 1993 1822 sacrificet.

1127 1837 1376 1916 qnandoquidem
1390 1844 1508 1899 certum
1519 1844 1578 1911 est,
1592 1853 1732 1917 enmzper
1742 1856 1778 1901 se
1789 1838 1915 1919 proprie
1934 1853 1993 1900 non

1127 1920 1311 1981 sacrificare.

1168 2004 1210 2064 td
1226 2004 1326 2064 locum
1342 2012 1443 2062 autom
1459 2002 1608 2079 apostoli.
1637 2003 1690 2080 qui
1705 2004 1826 2067 ridetur
1850 2003 1994 2064 absolute

1127 2085 1291 2146 excindere
1307 2085 1592 2161 inultiplieatiunem
1605 2087 1800 2149 sacerdotum
1831 2086 1865 2147 in
1891 2085 1993 2147 'lesta-

1127 2175 1229 2228 meuto
1245 2184 1334 2235 noro,
1352 2168 1382 2227 in
1398 2173 1603 2244 promptuest
1618 2171 1793 2245 responsio.
1822 2169 1992 2245 apostotus

1127 2252 1208 2312 enim
1226 2250 1360 2312 excindit
1374 2250 1515 2311 absolute
1535 2250 1822 2327 multiplicationem
1848 2253 1994 2312 sacerdo

1126 2340 1189 2396 tum
1206 2334 1235 2393 in
1251 2335 1359 2394 eadem
1373 2333 1520 2411 dignitate
1534 2339 1564 2394 el
1575 2339 1806 2410 -poteslatemon
1822 2342 1929 2395 autem
1947 2349 1994 2394 sa·

1126 2418 1283 2478 cerdotum
1299 2415 1487 2484 interiorum,
1504 2415 1602 2493 etqui
1620 2425 1762 2492 respectu
1777 2416 1891 2478 Christi
1905 2415 1994 2476 mini·

1126 2500 1179 2559 stri
1195 2500 1267 2566 sint,
1283 2504 1314 2558 et
1327 2498 1479 2560 dieantur.
1494 2497 1567 2558 ham
1580 2500 1611 2558 in
1626 2499 1696 2576 lege
1721 2501 1814 2560 aeteri
1840 2499 1885 2559 ob
1914 2514 1994 2558 mor·

1127 2590 1186 2643 tem
1203 2582 1343 2650 harenis,
1361 2581 1514 2642 suecessit
1540 2580 1583 2640 illi
1609 2581 1640 2641 in
1657 2581 1764 2643 eadem
1782 2582 1946 2660 dignitate:
1964 2590 1995 2642 ct

1126 2671 1275 2742 potestate
1297 2663 1469 2727 Eleazarus.
1493 2662 1636 2724 Eleazaro
1652 2663 1806 2736 Plrinces,
1839 2668 1872 2724 et
1893 2664 1942 2724 sie
1958 2666 1997 2726 rie

1126 2747 1205 2814 aliis,
1222 2754 1253 2806 ει
1266 2745 1293 2806 ει
1310 2761 1476 2823 numquam
1493 2746 1591 2806 daron
1616 2753 1755 2807 mortuos
1771 2755 1867 2816 esset,
1888 2746 1996 2807 nullus

216 2823 332 2888 *eadere
348 2823 478 2898 Christo,
496 2829 551 2890 scd
568 2845 622 2891 eos
638 2828 849 2909 suffraganeos
864 2846 946 2894 esse.
959 2831 1031 2892 llam
1043 2833 1081 2892 h·
1125 2828 1154 2890 ci
1169 2832 1385 2898 successisseh
1403 2837 1503 2890 tamen
1519 2829 1640 2889 virente
1654 2830 1745 2889 ctiam
1769 2829 1891 2890 larona.
1908 2831 1995 2890 multi

219 2908 356 2982 postolos
372 2910 440 2971 loeo
455 2909 545 2972 citato
560 2927 621 2974 noa
638 2912 782 2972 concedit
793 2913 924 2974 ullorum
937 2914 1081 2975 sacerdo·
1125 2911 1175 2972 alii
1189 2917 1276 2974 erant
1291 2912 1452 2973 interiores
1467 2911 1657 2974 sacerdotes.
1688 2911 1740 2973 Sic
1761 2912 1855 2989 igitur
1871 2910 1997 2974 Christo

218 2998 281 3050 tum
297 2989 594 3070 multiplicationem,
612 2994 669 3055 nisi
686 3001 810 3074 propter
839 3003 966 3060 mortem
991 3013 1081 3074 prae·
1126 3010 1217 3055 nemo
1231 2995 1370 3057 succedit
1398 2993 1429 3054 in
1458 2993 1566 3055 eadem
1593 2993 1740 3072 dignitate
1762 3000 1794 3056 et
1813 3000 1996 3069 potestate,

214 3072 404 3147 cedentium,
422 3071 560 3139 Christus
575 3082 675 3140 autern
693 3092 816 3157 semper
832 3078 901 3141 ririt
921 3086 951 3141 et
978 3095 1079 3143 sacer·
1125 3078 1194 3157 quia
1211 3093 1376 3155 numquam
1392 3075 1530 3139 moritur:
1548 3082 1648 3139 tamen
1665 3076 1734 3156 ipse
1749 3075 1898 3146 virente,
1917 3077 1996 3139 mul·

213 3157 269 3215 dos
286 3162 398 3225 mancis
416 3172 489 3236 ergo
504 3159 591 3221 solus
618 3162 754 3238 iungitur
778 3162 962 3225 sacerdotio:
980 3165 1029 3224 rel
1051 3166 1080 3225 si
1124 3164 1145 3222 ιι
1161 3161 1323 3223 ιιιιιιοιεε
1337 3160 1528 3234 ordinantur,
1555 3160 1607 3236 qui
1633 3160 1696 3220 sint
1723 3160 1794 3240 eius
1821 3160 1944 3233 vicarii,
1967 3166 1996 3221 el

214 3237 300 3299 inulti
316 3239 433 3300 suntin
448 3241 855 3317 terrissacerdutes,i3hristi
870 3246 1080 3307 sacerdotium
1125 3243 1307 3306 administri.
1323 3243 1410 3320 Quod
1426 3244 1516 3303 etiarn
1532 3243 1672 3304 ridemus
1700 3242 1731 3302 in
1759 3259 1857 3323 regne
1873 3249 1994 3321 tempo·

214 3318 388 3397 abrogatur.
1123 3327 1191 3400 rati,
1209 3326 1261 3388 ubi
1276 3327 1351 3404 regi,
1375 3326 1522 3401 quamdiu
1546 3324 1627 3398 ιιιιι,
1659 3341 1828 3403 numquam
1844 3327 1995 3388 succedi·

253 3400 452 3479 Respondcu:
481 3404 586 3469 llullus
611 3407 833 3470 catholicorum
861 3408 1008 3482 allirmat,
1032 3426 1079 3473 sa·
1125 3410 1310 3480 tur‚licetis
1339 3410 1451 3469 multos
1477 3405 1591 3469 babere
1619 3407 1718 3470 soleat
1739 3409 1786 3469 rei
1815 3424 1993 3486 moroges,

217 3483 369 3559 cardeles,
386 3488 437 3565 qai
452 3491 570 3550 suntin
584 3487 736 3562 Ecclesia,
753 3490 873 3553 Christo
894 3494 1077 3556 succedere:
1122 3492 1171 3552 rel
1189 3492 1370 3563 ministros,
1403 3507 1458 3570 per
1479 3506 1559 3569 quus
1586 3490 1619 3551 in
1644 3490 1734 3552 variis
1759 3491 1932 3569 proviaciis
1943 3491 1994 3569 jus

215 3581 308 3641 quare
324 3582 385 3629 non
401 3576 465 3631 erat
479 3582 569 3649 opus,
586 3579 619 3634 ut
629 3573 662 3635 id
680 3572 821 3636 delricus
832 3574 997 3649 retelleret;
1008 3592 1078 3639 nam
1122 3573 1216 3635 dieat.
1280 3623 1283 3629 .

214 3648 296 3726 quod
327 3649 475 3714 lutherus
501 3660 535 3715 el
562 3652 702 3733 illyricus
729 3655 940 3731 mentiuntur,
970 3658 999 3719 id
1027 3660 1080 3720 ba·
1164 3657 1340 3719 Secundum
1359 3655 1475 3719 dalrici
1490 3661 1704 3733 argumentum
1721 3656 1781 3717 tale
1795 3655 1927 3717 estll'on
1943 3672 1995 3732 pu·

214 3732 279 3793 beri
302 3730 333 3793 in
363 3734 505 3812 epistolis
528 3736 738 3801 decretalibus
766 3741 942 3818 pauloante
966 3740 1078 3804 reluta
1124 3744 1183 3801 test
1199 3740 1274 3817 erigi
1291 3741 1397 3811 altaro,
1414 3740 1488 3817 quia
1504 3745 1657 3801 evertatur
1681 3755 1754 3799 crux
1780 3736 1897 3800 Christi
1912 3786 1920 3804 ,
1937 3754 1994 3799 aee

217 3820 278 3875 tuin
305 3820 363 3875 est.
983 3844 985 3849 ·
1123 3828 1226 3899 polest
1247 3820 1350 3885 oilerri
1372 3821 1556 3884 sacrificium
1577 3824 1704 3891 missae,
1728 3820 1796 3881 sine
1818 3819 1934 3897 injuria
1950 3838 1994 3880 sa·

252 3896 339 3970 Quod
353 3905 453 3960 eutem
466 3900 571 3963 attinet
585 3900 622 3962 ad
641 3902 769 3963 vicarios
800 3910 830 3964 et
854 3904 1074 3983 suffraganeos,
1122 3904 1228 3966 criheii
1244 3908 1358 3975 crucis.
1371 3905 1442 3967 ham
1455 3902 1638 3967 saerihcium
1651 3904 1752 3965 erucis
1764 3902 1861 3964 habet
1873 3904 1935 3963 rim
1951 3906 1994 3963 in·

218 3979 266 4040 vel
281 3980 382 4057 potius
397 3982 551 4045 ministros
566 3983 676 4046 Christi
703 3987 735 4047 ιιι
760 3988 935 4049 sacerdotio
963 4004 1074 4051 seeun·
1121 3985 1237 4067 initam
1253 3994 1284 4049 ει
1296 3994 1465 4049 aeternam:
1497 4001 1647 4064 ergeuen
1671 4000 1801 4063 egemus
1823 3986 1886 4047 alio
1901 3987 1995 4045 sacri·

214 4062 288 4124 rlurn
313 4062 451 4125 ordinem
477 4066 730 4139 Melchisedech,
756 4069 865 4131 laisum
892 4077 940 4131 εει
966 4072 1076 4135 horum
1122 4068 1204 4146 lici03
1220 4086 1294 4148 ergo
1310 4072 1512 4147 multiplicare
1529 4074 1572 4129 tot
1592 4067 1742 4133 sacrificio
1759 4068 1898 4129 missae.
1917 4069 1993 4129 nihil

213 4142 686 4227 multiplicationemrepugnare
715 4152 819 4212 unitati
849 4158 878 4213 et
905 4154 1075 4215 aeternitati
1121 4156 1382 4232 estaliud,qnam
1399 4168 1513 4230 negare
1543 4152 1685 4214 virtutem
1715 4158 1747 4212 ct
1774 4149 1993 4213 sufficientiam

212 4226 374 4291 sacerdotii
390 4226 510 4291 christi.
527 4228 599 4293 llarn
617 4232 756 4294 Christus
772 4250 832 4293 non
849 4234 949 4295 solum
965 4243 1012 4297 est
1027 4254 1077 4297 sa·
1121 4235 1263 4297 sacrificii
1276 4237 1389 4299 erucis.
1405 4234 1511 4313 Neque
1525 4234 1604 4295 ralet
1618 4234 1766 4311 cllugiom
1792 4247 1917 4305 eorum,
1941 4240 1994 4310 qui

213 4310 334 4382 cardos,
351 4312 511 4373 sedetiam
543 4321 590 4375 εει
605 4316 715 4378 ιιιειε
730 4321 915 4379 etaeteraus
932 4318 1077 4398 magister
1122 4318 1228 4381 dicunt
1243 4320 1356 4381 missae
1372 4317 1557 4379 sacrificium
1574 4318 1656 4378 idem
1669 4331 1741 4377 csse
1753 4332 1822 4377 eum
1838 4314 1995 4377 sacriheio

214 4398 328 4465 noster,
347 4399 378 4453 ut
394 4394 460 4470 ipse
476 4396 549 4457 dicit
564 4397 668 4459 llatth.
685 4398 736 4460 23.
754 4398 848 4459 immo
864 4400 954 4463 etiam
976 4403 1012 4463 ad
1029 4419 1077 4463 sa·
1122 4400 1234 4461 crucis.
1251 4400 1322 4461 Nam
1339 4402 1365 4463 si
1381 4400 1566 4462 sacrilieium
1583 4400 1687 4461 erucis
1711 4413 1782 4460 rere
1803 4399 1903 4459 babet
1928 4398 1995 4458 ini·

213 4473 382 4536 cordolium
398 4478 530 4554 pertinet
545 4480 669 4554 docere,
687 4488 717 4541 ut
732 4480 978 4547 idemdalrinus
1003 4484 1076 4546 late·
1121 4485 1213 4543 nitam
1230 4492 1260 4545 ει
1273 4491 1427 4546 aeternam
1454 4483 1524 4550 rim,
1553 4498 1616 4542 non
1641 4483 1741 4544 solutu
1767 4497 1831 4543 non
1859 4496 1996 4560 egemus

214 4564 261 4617 tur
276 4558 385 4619 eodem
401 4560 455 4619 lib.
472 4560 503 4621 l.
528 4562 660 4623 institut.
689 4578 757 4641 cap.
785 4562 848 4642 ιι
874 4564 904 4625 5.
922 4571 952 4626 et
973 4571 1076 4629 lamen
1122 4566 1181 4627 alio
1195 4565 1357 4636 sacrificio,
1374 4564 1430 4628 scd
1453 4581 1554 4642 neque
1572 4565 1630 4625 alia
1647 4564 1832 4642 repetitione
1847 4564 1998 4644 ejusdem

214 4642 285 4716 qnia
300 4638 438 4703 Christus
455 4659 515 4704 non
531 4644 620 4705 docel
638 4660 719 4705 nuno
736 4660 791 4722 per
805 4663 840 4707 se
855 4648 990 4709 latumano
1013 4667 1075 4711 mo·
1121 4648 1275 4710 saerilreii.
1293 4650 1395 4725 deque
1408 4648 1484 4710 illud
1502 4648 1638 4707 aliorum
1657 4645 1804 4723 effugium
1829 4651 1925 4718 salet,
1945 4646 1999 4723 qui

211 4738 242 4782 rc
258 4728 289 4783 ει
304 4723 474 4791 visibiliter,
506 4733 537 4787 ut
553 4727 709 4789 hominum
727 4734 832 4789 nature
854 4731 995 4809 requirit,
1014 4749 1074 4795 non
1121 4732 1238 4805 dicunt,
1256 4733 1471 4809 repetitionem
1486 4730 1577 4802 buius
1605 4729 1747 4791 sacriticii
1770 4730 1807 4791 ad
1834 4728 1866 4789 id
1884 4744 1998 4791 neees-

210 4810 360 4883 repugnat
375 4808 481 4869 unitati
497 4816 527 4871 ει
540 4810 710 4871 aeternitati
726 4812 835 4888 ipsius,
867 4819 899 4873 ut
915 4814 976 4875 sint
988 4816 1074 4877 multi
1121 4815 1230 4875 sariam
1247 4830 1330 4886 esse,
1348 4821 1381 4876 ut
1396 4812 1566 4892 applicetur
1580 4812 1713 4890 singuiis
1734 4811 1779 4873 ris
1805 4812 1928 4887 primae
1944 4812 2000 4873 ob·

211 4888 367 4958 nominee,
384 4888 436 4966 qui
452 4891 592 4953 dieantur
608 4893 749 4955 doctores
768 4900 798 4954 et
818 4896 966 4973 magistri,
993 4904 1024 4959 et
1044 4900 1076 4961 in
1120 4896 1242 4959 lationis
1257 4897 1397 4959 sacriheii
1410 4894 1598 4958 erucisllam
1610 4898 1648 4955 ad
1661 4894 1740 4955 hacc
1751 4893 2002 4972 applicationem

210 4969 268 5030 hae
283 4984 316 5031 re
332 4970 445 5045 vicarii,
473 4972 655 5053 suliraganci
680 4982 714 5037 et
742 4976 871 5039 ministri
900 4976 1025 5056 Christi,
1044 4989 1076 5043 ot
1120 4980 1418 5058 satisessepossunl
1433 4978 1565 5039 mediae
1586 4976 1705 5041 cbristo
1727 4977 1887 5045 instituta,
1908 4993 2003 5053 prae·

210 5059 293 5128 patet
307 5068 345 5114 ex
360 5052 462 5126 Paulo,
479 5056 533 5137 qui
548 5056 577 5117 l.
594 5056 726 5119 Timotb.
743 5058 774 5119 2.
792 5066 822 5120 et
837 5059 867 5129 2.
892 5059 1025 5124 Timoth.
1044 5065 1073 5124 l.
1120 5061 1231 5122 dicatio
1247 5064 1366 5124 scilieet
1380 5060 1471 5123 lierbi
1487 5066 1519 5123 et
1533 5076 1646 5123 sacrae
1664 5074 1781 5121 coenae
1795 5058 2001 5121 administra·

208 5140 296 5197 uocat
310 5134 516 5201 seductorem
532 5140 766 5218 ctmagistrnm,
784 5148 814 5203 et
829 5143 858 5219 l,
887 5142 1024 5205 Corinth.
1041 5144 1073 5207 3.
1118 5144 1173 5203 tin.
1191 5145 1227 5205 ιιι
1241 5144 1460 5215 eondrrnantur
1473 5144 1551 5205 baec
1573 5143 1678 5206 omnia
1704 5158 1741 5203 ex
1766 5141 1919 5219 apostolo
1937 5140 2001 5203 lle·

208 5224 294 5279 r’oeat
309 5233 343 5278 se
358 5226 389 5279 el
403 5222 480 5283 alios
497 5224 674 5296 nonnullos,
692 5224 748 5285 Dei
762 5225 1001 5303 coadjutorcs‚et
1015 5230 1073 5289 rni-
1119 5226 1235 5288 bethel
1251 5227 1356 5288 tlhubi
1369 5226 1502 5304 legimus
1518 5224 1674 5287 Christum
1690 5225 1789 5285 semel
1804 5223 2002 5301 apparuisse

209 5304 323 5392 nistros
340 5346 347 5371 ,
365 5308 395 5362 et
409 5304 440 5363 2.
457 5303 592 5367 Corinth.
609 5306 640 5367 5.
656 5306 743 5369 dicit:
760 5305 822 5369 Pro
840 5306 962 5371 Christo
985 5310 1072 5389 tepu-
1118 5324 1174 5387 per
1189 5311 1428 5386 immolationem
1443 5324 1543 5369 snam:
1563 5308 1637 5369 item
1661 5308 1815 5369 uoluntate
1842 5305 1904 5367 liei
1936 5322 2002 5367 uos

210 5388 296 5443 itone
319 5382 493 5462 irrugimus
517 5394 686 5467 tamquam
709 5388 773 5451 Deo
799 5390 991 5454 emhertonte
1012 5410 1071 5471 per
1118 5393 1324 5455 sanetidcatos
1349 5408 1420 5455 esse
1447 5406 1503 5469 per
1529 5391 1717 5453 oblationem
1747 5389 1891 5468 corporis
1919 5386 2003 5451 Jesu

206 5462 408 5557 eremitaque
424 5470 851 5549 obsecromttsprotlbrislo,
878 5476 1071 5538 reconcitie-
1117 5476 1226 5538 Christi
1241 5477 1351 5537 semel:
1369 5478 1440 5537 ilem
1468 5474 1623 5537 Christum
1648 5489 1710 5535 una
1735 5471 1896 5533 oblatione
1919 5488 2003 5533 cou-

206 5561 290 5637 anrnr
305 5546 379 5608 Deo:
397 5553 509 5629 quibus
535 5552 637 5615 uerbis
652 5569 699 5624 se,
715 5562 745 5615 et
770 5555 916 5634 legatum,
944 5565 975 5619 et
989 5562 1068 5619 rica·
1117 5573 1288 5621 summasse
1303 5560 1335 5620 in
1352 5564 1535 5635 perpetuum
1552 5555 1772 5617 sanctificatos:
1787 5554 1932 5633 denique
1948 5570 2005 5615 ao·

207 5643 285 5687 num
302 5626 413 5722 dhristi
429 5635 510 5695 lacit.
527 5634 612 5697 Idem
628 5635 687 5696 dici
705 5642 806 5714 potest
831 5640 871 5699 dc
896 5638 996 5702 cilicio
1020 5658 1072 5717 pa·
1118 5641 1227 5718 quisita
1238 5642 1339 5705 semei
1357 5639 1540 5701 remissione
1564 5646 1772 5717 peecatorum,
1795 5636 1917 5698 nullam
1935 5653 2005 5698 arn·

208 5707 316 5772 scendi
331 5717 361 5772 et
376 5725 564 5779 sacramenta
593 5718 797 5781 ministrandi.
824 5719 961 5784 Christus
988 5723 1070 5785 enim
1128 5725 1212 5803 plius
1234 5733 1350 5787 restare
1363 5724 1562 5785 oblationem.
1579 5721 1702 5784 decedit
1731 5719 1838 5783 ultimo
1852 5718 2003 5795 Christi,
