<?xml version="1.0" encoding="UTF-8"?>
<!DOCTYPE html PUBLIC "-//W3C//DTD XHTML 1.0 Transitional//EN"
    "http://www.w3.org/TR/xhtml1/DTD/xhtml1-transitional.dtd">
<html xmlns="http://www.w3.org/1999/xhtml" xml:lang="en" lang="en">
 <head>
  <title>
</title>
<meta http-equiv="Content-Type" content="text/html;charset=utf-8" />
  <meta name='ocr-system' content='tesseract 3.04.00' />
  <meta name='ocr-capabilities' content='ocr_page ocr_carea ocr_par ocr_line ocrx_word'/>
</head>
<body>
  <div class='ocr_page' id='page_1' title='image "./operaomnia03unkngoog/operaomnia03unkngoog_0158.png"; bbox 0 0 4084 6275; ppageno 0'>
   <div class='ocr_carea' id='block_1_1' title="bbox 324 352 1406 415">
    <p class='ocr_par' dir='ltr' id='par_1_1' title="bbox 324 352 1406 415">
     <span class='ocr_line' id='line_1_1' title="bbox 324 352 1406 415; baseline -0.007 0"><span class='ocrx_word' id='word_1_1' title='bbox 324 355 375 415; x_wconf 82' lang='grc'><strong>118</strong></span> <span class='ocrx_word' id='word_1_2' title='bbox 877 354 922 411; x_wconf 73' lang='lat' dir='ltr'><strong>on</strong></span> <span class='ocrx_word' id='word_1_3' title='bbox 940 353 1093 413; x_wconf 73' lang='lat' dir='ltr'><strong>etenum]</strong></span> <span class='ocrx_word' id='word_1_4' title='bbox 1111 352 1406 415; x_wconf 80' lang='lat' dir='ltr'><strong>stuntnltllrotttln</strong></span> 
     </span>
    </p>
   </div>
   <div class='ocr_carea' id='block_1_2' title="bbox 227 487 2041 5286">
    <p class='ocr_par' dir='ltr' id='par_1_2' title="bbox 239 487 2015 1561">
     <span class='ocr_line' id='line_1_2' title="bbox 242 487 2013 569; baseline -0.001 -16"><span class='ocrx_word' id='word_1_5' title='bbox 242 487 308 567; x_wconf 82' lang='lat' dir='ltr'><strong>jam</strong></span> <span class='ocrx_word' id='word_1_6' title='bbox 334 490 599 554; x_wconf 78' lang='lat' dir='ltr'><strong>ascendimusdd</strong></span> <span class='ocrx_word' id='word_1_7' title='bbox 625 488 890 553; x_wconf 78' lang='lat' dir='ltr'><strong>mommattcncra</strong></span> <span class='ocrx_word' id='word_1_8' title='bbox 899 490 1104 569; x_wconf 76' lang='lat' dir='ltr'><strong>despondeo:</strong></span> <span class='ocrx_word' id='word_1_9' title='bbox 1151 488 1249 553; x_wconf 84' lang='lat' dir='ltr'><strong>trihus</strong></span> <span class='ocrx_word' id='word_1_10' title='bbox 1267 488 1421 569; x_wconf 71' lang='lat' dir='ltr'><strong>,exemplis</strong></span> <span class='ocrx_word' id='word_1_11' title='bbox 1436 488 1562 555; x_wconf 80' lang='lat' dir='ltr'><strong>diainac</strong></span> <span class='ocrx_word' id='word_1_12' title='bbox 1583 487 1833 568; x_wconf 74' lang='lat' dir='ltr'><strong>Scripturacnle</strong></span> <span class='ocrx_word' id='word_1_13' title='bbox 1851 487 1933 569; x_wconf 80' lang='lat' dir='ltr'><strong>ileg.</strong></span> <span class='ocrx_word' id='word_1_14' title='bbox 1962 490 2013 552; x_wconf 90' lang='lat' dir='ltr'><strong>ti.</strong></span> 
     </span>
     <span class='ocr_line' id='line_1_3' title="bbox 246 570 2014 651; baseline -0.001 -17"><span class='ocrx_word' id='word_1_15' title='bbox 246 570 465 637; x_wconf 75' lang='lat' dir='ltr'><strong>eaeremoniis</strong></span> <span class='ocrx_word' id='word_1_16' title='bbox 490 573 648 637; x_wconf 81' lang='lat' dir='ltr'><strong>linelesinc</strong></span> <span class='ocrx_word' id='word_1_17' title='bbox 673 572 820 637; x_wconf 81' lang='lat' dir='ltr'><strong>facillime</strong></span> <span class='ocrx_word' id='word_1_18' title='bbox 842 572 1105 651; x_wconf 78' lang='lat' dir='ltr'><strong>intelligisaltcm</strong></span> <span class='ocrx_word' id='word_1_19' title='bbox 1151 571 1208 645; x_wconf 82' lang='lat' dir='ltr'><strong>Qui</strong></span> <span class='ocrx_word' id='word_1_20' title='bbox 1224 572 1399 637; x_wconf 84' lang='lat' dir='ltr'><strong>incolebant</strong></span> <span class='ocrx_word' id='word_1_21' title='bbox 1414 572 1579 637; x_wconf 74' lang='lat' dir='ltr'>Samariam</span> <span class='ocrx_word' id='word_1_22' title='bbox 1596 570 1698 637; x_wconf 83' lang='lat' dir='ltr'><strong>aiens</strong></span> <span class='ocrx_word' id='word_1_23' title='bbox 1723 570 1872 650; x_wconf 74' lang='lat' dir='ltr'><strong>discerpti</strong></span> <span class='ocrx_word' id='word_1_24' title='bbox 1900 574 2014 635; x_wconf 89' lang='lat' dir='ltr'><strong>dicun-</strong></span> 
     </span>
     <span class='ocr_line' id='line_1_4' title="bbox 246 654 2011 735; baseline 0 -20"><span class='ocrx_word' id='word_1_25' title='bbox 246 654 278 715; x_wconf 92' lang='lat' dir='ltr'><strong>in</strong></span> <span class='ocrx_word' id='word_1_26' title='bbox 304 671 442 735; x_wconf 87' lang='lat' dir='ltr'><strong>genere,</strong></span> <span class='ocrx_word' id='word_1_27' title='bbox 469 664 502 717; x_wconf 98' lang='grc' dir='ltr'><strong>ιιι</strong></span> <span class='ocrx_word' id='word_1_28' title='bbox 525 663 629 735; x_wconf 81' lang='lat' dir='ltr'><strong>patei,</strong></span> <span class='ocrx_word' id='word_1_29' title='bbox 656 655 776 734; x_wconf 87' lang='lat' dir='ltr'><strong>siquis</strong></span> <span class='ocrx_word' id='word_1_30' title='bbox 802 654 955 718; x_wconf 88' lang='lat' dir='ltr'><strong>discurrat</strong></span> <span class='ocrx_word' id='word_1_31' title='bbox 968 672 1023 734; x_wconf 91' lang='lat' dir='ltr'><strong>per</strong></span> <span class='ocrx_word' id='word_1_32' title='bbox 1038 674 1105 719; x_wconf 83' lang='lat' dir='ltr'><strong>cao-</strong></span> <span class='ocrx_word' id='word_1_33' title='bbox 1152 661 1216 725; x_wconf 86' lang='grc' dir='ltr'>ιιιι.</span> <span class='ocrx_word' id='word_1_34' title='bbox 1233 657 1372 733; x_wconf 81' lang='lat' dir='ltr'><strong>qrrcdilli</strong></span> <span class='ocrx_word' id='word_1_35' title='bbox 1390 656 1476 717; x_wconf 84' lang='lat' dir='ltr'><strong>aroris</strong></span> <span class='ocrx_word' id='word_1_36' title='bbox 1502 656 1706 719; x_wconf 86' lang='lat' dir='ltr'><strong>coeremoniis</strong></span> <span class='ocrx_word' id='word_1_37' title='bbox 1733 654 1827 721; x_wconf 82' lang='lat' dir='ltr'><strong>Deum</strong></span> <span class='ocrx_word' id='word_1_38' title='bbox 1856 654 2011 728; x_wconf 86' lang='lat' dir='ltr'><strong>coierent,</strong></span> 
     </span>
     <span class='ocr_line' id='line_1_5' title="bbox 245 736 2014 817; baseline 0.001 -20"><span class='ocrx_word' id='word_1_39' title='bbox 245 741 401 801; x_wconf 89' lang='lat' dir='ltr'><strong>remonias</strong></span> <span class='ocrx_word' id='word_1_40' title='bbox 426 758 443 800; x_wconf 91' lang='lat' dir='ltr'><strong>a</strong></span> <span class='ocrx_word' id='word_1_41' title='bbox 468 754 624 817; x_wconf 91' lang='lat' dir='ltr'><strong>persona,</strong></span> <span class='ocrx_word' id='word_1_42' title='bbox 652 752 668 799; x_wconf 89' lang='lat' dir='ltr'><strong>a</strong></span> <span class='ocrx_word' id='word_1_43' title='bbox 693 739 785 812; x_wconf 91' lang='lat' dir='ltr'><strong>ioco,</strong></span> <span class='ocrx_word' id='word_1_44' title='bbox 807 758 823 799; x_wconf 92' lang='lat' dir='ltr'><strong>a</strong></span> <span class='ocrx_word' id='word_1_45' title='bbox 850 745 1009 816; x_wconf 87' lang='lat' dir='ltr'><strong>tempore,</strong></span> <span class='ocrx_word' id='word_1_46' title='bbox 1026 758 1041 799; x_wconf 90' lang='lat' dir='ltr'><strong>a</strong></span> <span class='ocrx_word' id='word_1_47' title='bbox 1058 756 1118 803; x_wconf 77' lang='grc' dir='ltr'><strong>ιι·Ι</strong></span> <span class='ocrx_word' id='word_1_48' title='bbox 1150 756 1228 817; x_wconf 86' lang='lat' dir='ltr'><strong>quos</strong></span> <span class='ocrx_word' id='word_1_49' title='bbox 1245 740 1325 801; x_wconf 76' lang='lat' dir='ltr'><strong>deus</strong></span> <span class='ocrx_word' id='word_1_50' title='bbox 1342 755 1401 801; x_wconf 91' lang='lat' dir='ltr'><strong>uon</strong></span> <span class='ocrx_word' id='word_1_51' title='bbox 1418 740 1600 810; x_wconf 88' lang='lat' dir='ltr'><strong>institueral,</strong></span> <span class='ocrx_word' id='word_1_52' title='bbox 1617 738 1648 800; x_wconf 86' lang='lat' dir='ltr'><strong>l.</strong></span> <span class='ocrx_word' id='word_1_53' title='bbox 1665 738 1739 815; x_wconf 83' lang='lat' dir='ltr'><strong>ling.</strong></span> <span class='ocrx_word' id='word_1_54' title='bbox 1754 738 1803 799; x_wconf 85' lang='lat' dir='ltr'><strong>lli.</strong></span> <span class='ocrx_word' id='word_1_55' title='bbox 1831 736 2014 815; x_wconf 86' lang='lat' dir='ltr'><strong>lleprclten·</strong></span> 
     </span>
     <span class='ocr_line' id='line_1_6' title="bbox 246 807 2013 900; baseline 0 -19"><span class='ocrx_word' id='word_1_56' title='bbox 246 818 307 883; x_wconf 83' lang='lat' dir='ltr'><strong>bus</strong></span> <span class='ocrx_word' id='word_1_57' title='bbox 322 827 473 900; x_wconf 89' lang='lat' dir='ltr'><strong>sumptas.</strong></span> <span class='ocrx_word' id='word_1_58' title='bbox 500 820 587 893; x_wconf 84' lang='lat' dir='ltr'><strong>Quod</strong></span> <span class='ocrx_word' id='word_1_59' title='bbox 604 822 629 883; x_wconf 92' lang='lat' dir='ltr'><strong>si</strong></span> <span class='ocrx_word' id='word_1_60' title='bbox 657 807 777 898; x_wconf 81' lang='lat' dir='ltr'><strong>aliquae</strong></span> <span class='ocrx_word' id='word_1_61' title='bbox 791 823 1025 894; x_wconf 87' lang='lat' dir='ltr'><strong>caeremoniae,</strong></span> <span class='ocrx_word' id='word_1_62' title='bbox 1043 839 1105 885; x_wconf 91' lang='lat' dir='ltr'><strong>non</strong></span> <span class='ocrx_word' id='word_1_63' title='bbox 1150 822 1232 883; x_wconf 90' lang='lat' dir='ltr'><strong>ditur</strong></span> <span class='ocrx_word' id='word_1_64' title='bbox 1247 822 1364 890; x_wconf 82' lang='lat' dir='ltr'><strong>dctrar.</strong></span> <span class='ocrx_word' id='word_1_65' title='bbox 1381 823 1463 897; x_wconf 82' lang='lat' dir='ltr'><strong>cuod</strong></span> <span class='ocrx_word' id='word_1_66' title='bbox 1480 838 1591 885; x_wconf 86' lang='lat' dir='ltr'><strong>norum</strong></span> <span class='ocrx_word' id='word_1_67' title='bbox 1607 822 1700 883; x_wconf 88' lang='lat' dir='ltr'><strong>altare</strong></span> <span class='ocrx_word' id='word_1_68' title='bbox 1716 818 1853 897; x_wconf 72' lang='lat' dir='ltr'><strong>posuerit</strong></span> <span class='ocrx_word' id='word_1_69' title='bbox 1879 819 1910 881; x_wconf 94' lang='lat' dir='ltr'><strong>ln</strong></span> <span class='ocrx_word' id='word_1_70' title='bbox 1934 828 2013 883; x_wconf 89' lang='lat' dir='ltr'><strong>iem-</strong></span> 
     </span>
     <span class='ocr_line' id='line_1_7' title="bbox 245 902 2012 983; baseline 0.002 -22"><span class='ocrx_word' id='word_1_71' title='bbox 245 902 285 963; x_wconf 86' lang='lat' dir='ltr'><strong>ab</strong></span> <span class='ocrx_word' id='word_1_72' title='bbox 299 904 444 967; x_wconf 84' lang='lat' dir='ltr'><strong>omuibus</strong></span> <span class='ocrx_word' id='word_1_73' title='bbox 466 903 677 983; x_wconf 70' lang='lat' dir='ltr'><strong>intelligantur</strong></span> <span class='ocrx_word' id='word_1_74' title='bbox 697 911 750 979; x_wconf 89' lang='lat' dir='ltr'><strong>‚nl</strong></span> <span class='ocrx_word' id='word_1_75' title='bbox 774 911 824 967; x_wconf 88' lang='lat' dir='ltr'><strong>est</strong></span> <span class='ocrx_word' id='word_1_76' title='bbox 838 904 999 965; x_wconf 90' lang='lat' dir='ltr'><strong>mollitudo</strong></span> <span class='ocrx_word' id='word_1_77' title='bbox 1015 907 1106 967; x_wconf 86' lang='lat' dir='ltr'><strong>resti·</strong></span> <span class='ocrx_word' id='word_1_78' title='bbox 1151 904 1222 980; x_wconf 89' lang='lat' dir='ltr'><strong>pio,</strong></span> <span class='ocrx_word' id='word_1_79' title='bbox 1240 903 1462 982; x_wconf 79' lang='lat' dir='ltr'><strong>qaodouidem</strong></span> <span class='ocrx_word' id='word_1_80' title='bbox 1478 906 1515 967; x_wconf 88' lang='lat' dir='ltr'><strong>ad</strong></span> <span class='ocrx_word' id='word_1_81' title='bbox 1532 908 1671 967; x_wconf 89' lang='lat' dir='ltr'><strong>ornatum</strong></span> <span class='ocrx_word' id='word_1_82' title='bbox 1700 902 1802 979; x_wconf 88' lang='lat' dir='ltr'><strong>tempti</strong></span> <span class='ocrx_word' id='word_1_83' title='bbox 1829 902 1926 963; x_wconf 85' lang='lat' dir='ltr'><strong>virtcri</strong></span> <span class='ocrx_word' id='word_1_84' title='bbox 1958 921 2012 979; x_wconf 92' lang='lat' dir='ltr'><strong>po·</strong></span> 
     </span>
     <span class='ocr_line' id='line_1_8' title="bbox 245 985 2014 1065; baseline 0.002 -20"><span class='ocrx_word' id='word_1_85' title='bbox 245 1001 296 1045; x_wconf 91' lang='lat' dir='ltr'><strong>um</strong></span> <span class='ocrx_word' id='word_1_86' title='bbox 323 986 353 1047; x_wconf 88' lang='lat' dir='ltr'><strong>in</strong></span> <span class='ocrx_word' id='word_1_87' title='bbox 372 987 493 1058; x_wconf 82' lang='lat' dir='ltr'><strong>missa,</strong></span> <span class='ocrx_word' id='word_1_88' title='bbox 520 994 551 1048; x_wconf 88' lang='lat' dir='ltr'><strong>cl</strong></span> <span class='ocrx_word' id='word_1_89' title='bbox 575 988 754 1065; x_wconf 89' lang='lat' dir='ltr'><strong>signorum,</strong></span> <span class='ocrx_word' id='word_1_90' title='bbox 784 993 885 1048; x_wconf 88' lang='lat' dir='ltr'><strong>tamen</strong></span> <span class='ocrx_word' id='word_1_91' title='bbox 912 1002 973 1047; x_wconf 88' lang='lat' dir='ltr'><strong>noo</strong></span> <span class='ocrx_word' id='word_1_92' title='bbox 999 996 1106 1050; x_wconf 80' lang='lat' dir='ltr'><strong>carent</strong></span> <span class='ocrx_word' id='word_1_93' title='bbox 1151 992 1237 1047; x_wconf 78' lang='lat' dir='ltr'><strong>terat:</strong></span> <span class='ocrx_word' id='word_1_94' title='bbox 1254 986 1294 1047; x_wconf 75' lang='lat' dir='ltr'><strong>el</strong></span> <span class='ocrx_word' id='word_1_95' title='bbox 1309 992 1419 1049; x_wconf 87' lang='lat' dir='ltr'><strong>iumen</strong></span> <span class='ocrx_word' id='word_1_96' title='bbox 1429 988 1588 1057; x_wconf 84' lang='lat' dir='ltr'><strong>uidemus,</strong></span> <span class='ocrx_word' id='word_1_97' title='bbox 1606 986 1706 1065; x_wconf 84' lang='lat' dir='ltr'><strong>inquil</strong></span> <span class='ocrx_word' id='word_1_98' title='bbox 1722 985 1876 1059; x_wconf 80' lang='lat' dir='ltr'><strong>Calvinus,</strong></span> <span class='ocrx_word' id='word_1_99' title='bbox 1892 990 1930 1049; x_wconf 88' lang='lat' dir='ltr'><strong>nt</strong></span> <span class='ocrx_word' id='word_1_100' title='bbox 1945 990 2014 1065; x_wconf 87' lang='lat' dir='ltr'><strong>spi-</strong></span> 
     </span>
     <span class='ocr_line' id='line_1_9' title="bbox 243 1068 2015 1147; baseline 0.001 -19"><span class='ocrx_word' id='word_1_101' title='bbox 243 1068 372 1129; x_wconf 87' lang='lat' dir='ltr'><strong>utililaie</strong></span> <span class='ocrx_word' id='word_1_102' title='bbox 398 1070 488 1130; x_wconf 86' lang='lat' dir='ltr'><strong>etiarn</strong></span> <span class='ocrx_word' id='word_1_103' title='bbox 514 1069 596 1147; x_wconf 90' lang='lat' dir='ltr'><strong>apud</strong></span> <span class='ocrx_word' id='word_1_104' title='bbox 625 1068 818 1145; x_wconf 73' lang='lat' dir='ltr'><strong>nouissimos,</strong></span> <span class='ocrx_word' id='word_1_105' title='bbox 841 1068 994 1135; x_wconf 88' lang='lat' dir='ltr'><strong>comsino</strong></span> <span class='ocrx_word' id='word_1_106' title='bbox 1010 1072 1105 1133; x_wconf 86' lang='lat' dir='ltr'><strong>dubio</strong></span> <span class='ocrx_word' id='word_1_107' title='bbox 1148 1069 1426 1133; x_wconf 81' lang='lat' dir='ltr'><strong>ritmcndociom</strong></span> <span class='ocrx_word' id='word_1_108' title='bbox 1449 1070 1543 1133; x_wconf 84' lang='lat' dir='ltr'><strong>illem</strong></span> <span class='ocrx_word' id='word_1_109' title='bbox 1568 1071 1749 1133; x_wconf 83' lang='lat' dir='ltr'><strong>delestelur.</strong></span> <span class='ocrx_word' id='word_1_110' title='bbox 1778 1084 1848 1131; x_wconf 87' lang='lat' dir='ltr'><strong>mon</strong></span> <span class='ocrx_word' id='word_1_111' title='bbox 1876 1068 1949 1131; x_wconf 87' lang='lat' dir='ltr'><strong>clia</strong></span> <span class='ocrx_word' id='word_1_112' title='bbox 1974 1072 2015 1131; x_wconf 87' lang='lat' dir='ltr'><strong>de</strong></span> 
     </span>
     <span class='ocr_line' id='line_1_10' title="bbox 244 1150 2013 1230; baseline 0.001 -19"><span class='ocrx_word' id='word_1_113' title='bbox 244 1150 412 1213; x_wconf 89' lang='lat' dir='ltr'><strong>concilient</strong></span> <span class='ocrx_word' id='word_1_114' title='bbox 437 1151 663 1215; x_wconf 75' lang='lat' dir='ltr'><strong>lamnationem</strong></span> <span class='ocrx_word' id='word_1_115' title='bbox 688 1152 782 1213; x_wconf 83' lang='lat' dir='ltr'><strong>mbos</strong></span> <span class='ocrx_word' id='word_1_116' title='bbox 808 1154 917 1214; x_wconf 86' lang='lat' dir='ltr'><strong>sacris.</strong></span> <span class='ocrx_word' id='word_1_117' title='bbox 944 1150 1031 1214; x_wconf 81' lang='lat' dir='ltr'><strong>(leda</strong></span> <span class='ocrx_word' id='word_1_118' title='bbox 1051 1154 1104 1216; x_wconf 87' lang='lat' dir='ltr'><strong>lu·</strong></span> <span class='ocrx_word' id='word_1_119' title='bbox 1150 1151 2013 1230; x_wconf 76' lang='lat' dir='ltr'><strong>conconnniquoddannnmnconcominlteicunn,</strong></span> 
     </span>
     <span class='ocr_line' id='line_1_11' title="bbox 245 1231 2013 1314; baseline 0.003 -23"><span class='ocrx_word' id='word_1_120' title='bbox 245 1231 315 1294; x_wconf 88' lang='lat' dir='ltr'><strong>daei</strong></span> <span class='ocrx_word' id='word_1_121' title='bbox 341 1250 448 1310; x_wconf 86' lang='lat' dir='ltr'><strong>parurn</strong></span> <span class='ocrx_word' id='word_1_122' title='bbox 475 1234 639 1295; x_wconf 91' lang='lat' dir='ltr'><strong>admodum</strong></span> <span class='ocrx_word' id='word_1_123' title='bbox 670 1234 909 1314; x_wconf 74' lang='lat' dir='ltr'><strong>intelligebant,</strong></span> <span class='ocrx_word' id='word_1_124' title='bbox 943 1243 974 1298; x_wconf 92' lang='lat' dir='ltr'><strong>et</strong></span> <span class='ocrx_word' id='word_1_125' title='bbox 1002 1243 1105 1299; x_wconf 81' lang='lat' dir='ltr'><strong>taurea</strong></span> <span class='ocrx_word' id='word_1_126' title='bbox 1148 1233 1747 1313; x_wconf 65' lang='lat' dir='ltr'><strong>lnapnraeannloonnpnnaal.neg.</strong></span> <span class='ocrx_word' id='word_1_127' title='bbox 1771 1234 1822 1293; x_wconf 76' lang='grc'><strong>21.</strong></span> <span class='ocrx_word' id='word_1_128' title='bbox 1848 1236 2013 1311; x_wconf 81' lang='lat' dir='ltr'><strong>dpproou·</strong></span> 
     </span>
     <span class='ocr_line' id='line_1_12' title="bbox 243 1315 2010 1396; baseline 0.002 -21"><span class='ocrx_word' id='word_1_129' title='bbox 243 1330 305 1375; x_wconf 92' lang='lat' dir='ltr'><strong>non</strong></span> <span class='ocrx_word' id='word_1_130' title='bbox 319 1315 496 1379; x_wconf 86' lang='lat' dir='ltr'><strong>iruslraeas</strong></span> <span class='ocrx_word' id='word_1_131' title='bbox 509 1323 707 1395; x_wconf 82' lang='lat' dir='ltr'><strong>aeceperunt.</strong></span> <span class='ocrx_word' id='word_1_132' title='bbox 851 1340 855 1347; x_wconf 96' lang='lat'>·</span> <span class='ocrx_word' id='word_1_133' title='bbox 1149 1322 1212 1391; x_wconf 81' lang='lat' dir='ltr'><strong>lna,</strong></span> <span class='ocrx_word' id='word_1_134' title='bbox 1230 1319 1329 1396; x_wconf 85' lang='lat' dir='ltr'><strong>inquit</strong></span> <span class='ocrx_word' id='word_1_135' title='bbox 1344 1316 1496 1385; x_wconf 83' lang='lat' dir='ltr'><strong>Collinas.</strong></span> <span class='ocrx_word' id='word_1_136' title='bbox 1523 1318 1584 1379; x_wconf 81' lang='lat' dir='ltr'><strong>lanc</strong></span> <span class='ocrx_word' id='word_1_137' title='bbox 1610 1316 1856 1381; x_wconf 82' lang='lat' dir='ltr'><strong>circumstantie</strong></span> <span class='ocrx_word' id='word_1_138' title='bbox 1880 1318 2010 1379; x_wconf 84' lang='lat' dir='ltr'><strong>crimen</strong></span> 
     </span>
     <span class='ocr_line' id='line_1_13' title="bbox 239 1397 2015 1483; baseline 0.003 -24"><span class='ocrx_word' id='word_1_139' title='bbox 239 1434 245 1443; x_wconf 88' lang='lat'><strong>·</strong></span> <span class='ocrx_word' id='word_1_140' title='bbox 283 1398 402 1461; x_wconf 83' lang='lat' dir='ltr'><strong>Nonum</strong></span> <span class='ocrx_word' id='word_1_141' title='bbox 428 1406 641 1483; x_wconf 87' lang='lat' dir='ltr'><strong>argumentum</strong></span> <span class='ocrx_word' id='word_1_142' title='bbox 656 1444 664 1470; x_wconf 99' lang='lat'><strong>,</strong></span> <span class='ocrx_word' id='word_1_143' title='bbox 682 1400 699 1474; x_wconf 77' lang='grc' dir='ltr'><strong>ι</strong></span> <span class='ocrx_word' id='word_1_144' title='bbox 714 1399 764 1461; x_wconf 88' lang='lat' dir='ltr'><strong>tr.</strong></span> <span class='ocrx_word' id='word_1_145' title='bbox 786 1397 838 1461; x_wconf 76' lang='lat' dir='ltr'><strong>An</strong></span> <span class='ocrx_word' id='word_1_146' title='bbox 856 1400 1105 1465; x_wconf 85' lang='lat' dir='ltr'><strong>neniilnsernel</strong></span> <span class='ocrx_word' id='word_1_147' title='bbox 1149 1400 1320 1468; x_wconf 78' lang='lat' dir='ltr'><strong>donasse,</strong></span> <span class='ocrx_word' id='word_1_148' title='bbox 1342 1402 1432 1481; x_wconf 82' lang='lat' dir='ltr'><strong>qnod</strong></span> <span class='ocrx_word' id='word_1_149' title='bbox 1464 1401 1567 1463; x_wconf 89' lang='lat' dir='ltr'><strong>ultore</strong></span> <span class='ocrx_word' id='word_1_150' title='bbox 1592 1414 1716 1463; x_wconf 82' lang='grc' dir='ltr'>ιιοιιιιιι</span> <span class='ocrx_word' id='word_1_151' title='bbox 1747 1401 1947 1463; x_wconf 82' lang='lat' dir='ltr'><strong>ecstnemerit</strong></span> <span class='ocrx_word' id='word_1_152' title='bbox 1976 1403 2015 1464; x_wconf 88' lang='lat' dir='ltr'><strong>in</strong></span> 
     </span>
     <span class='ocr_line' id='line_1_14' title="bbox 240 1481 1500 1561; baseline 0.003 -20"><span class='ocrx_word' id='word_1_153' title='bbox 240 1481 405 1544; x_wconf 79' lang='lat' dir='ltr'><strong>Ecclesiae</strong></span> <span class='ocrx_word' id='word_1_154' title='bbox 419 1484 508 1545; x_wconf 83' lang='lat' dir='ltr'><strong>dictu</strong></span> <span class='ocrx_word' id='word_1_155' title='bbox 523 1483 578 1545; x_wconf 84' lang='lat' dir='ltr'><strong>iem</strong></span> <span class='ocrx_word' id='word_1_156' title='bbox 599 1488 734 1544; x_wconf 82' lang='lat' dir='ltr'><strong>ceteram</strong></span> <span class='ocrx_word' id='word_1_157' title='bbox 753 1484 893 1545; x_wconf 76' lang='lat' dir='ltr'><strong>nmnal?</strong></span> <span class='ocrx_word' id='word_1_158' title='bbox 909 1482 1103 1561; x_wconf 81' lang='lat' dir='ltr'><strong>Quodproa·</strong></span> <span class='ocrx_word' id='word_1_159' title='bbox 1148 1481 1364 1547; x_wconf 78' lang='lat' dir='ltr'><strong>Hierusalem.</strong></span> <span class='ocrx_word' id='word_1_160' title='bbox 1497 1503 1500 1511; x_wconf 78' lang='grc'>’</span> 
     </span>
    </p>

    <p class='ocr_par' dir='ltr' id='par_1_3' title="bbox 227 1562 2041 5286">
     <span class='ocr_line' id='line_1_15' title="bbox 240 1562 2013 1643; baseline 0.001 -18"><span class='ocrx_word' id='word_1_161' title='bbox 240 1564 327 1641; x_wconf 86' lang='lat' dir='ltr'><strong>cipio</strong></span> <span class='ocrx_word' id='word_1_162' title='bbox 353 1564 433 1632; x_wconf 75' lang='lat' dir='ltr'><strong>cmi.</strong></span> <span class='ocrx_word' id='word_1_163' title='bbox 457 1565 518 1627; x_wconf 83' lang='lat' dir='ltr'><strong>icoc</strong></span> <span class='ocrx_word' id='word_1_164' title='bbox 540 1563 745 1633; x_wconf 77' lang='lat' dir='ltr'><strong>obserandis,</strong></span> <span class='ocrx_word' id='word_1_165' title='bbox 765 1563 808 1627; x_wconf 84' lang='lat' dir='ltr'><strong>nr</strong></span> <span class='ocrx_word' id='word_1_166' title='bbox 830 1566 945 1641; x_wconf 66' lang='lat' dir='ltr'><strong>iceles.</strong></span> <span class='ocrx_word' id='word_1_167' title='bbox 962 1566 1030 1627; x_wconf 82' lang='lat' dir='ltr'><strong>don</strong></span> <span class='ocrx_word' id='word_1_168' title='bbox 1044 1569 1103 1630; x_wconf 63' lang='lat' dir='ltr'><strong>oda</strong></span> <span class='ocrx_word' id='word_1_169' title='bbox 1191 1566 1372 1643; x_wconf 82' lang='lat' dir='ltr'><strong>despondeo</strong></span> <span class='ocrx_word' id='word_1_170' title='bbox 1389 1566 1418 1627; x_wconf 93' lang='lat' dir='ltr'><strong>in</strong></span> <span class='ocrx_word' id='word_1_171' title='bbox 1436 1565 1484 1627; x_wconf 81' lang='lat' dir='ltr'><strong>llis</strong></span> <span class='ocrx_word' id='word_1_172' title='bbox 1500 1564 1643 1627; x_wconf 79' lang='lat' dir='ltr'><strong>omrrilrus</strong></span> <span class='ocrx_word' id='word_1_173' title='bbox 1669 1562 1818 1643; x_wconf 85' lang='lat' dir='ltr'><strong>erernpiis</strong></span> <span class='ocrx_word' id='word_1_174' title='bbox 1844 1578 1930 1625; x_wconf 89' lang='lat' dir='ltr'><strong>more</strong></span> <span class='ocrx_word' id='word_1_175' title='bbox 1954 1583 2013 1627; x_wconf 91' lang='lat' dir='ltr'><strong>suo</strong></span> 
     </span>
     <span class='ocr_line' id='line_1_16' title="bbox 239 1644 2011 1728; baseline -0.001 -19"><span class='ocrx_word' id='word_1_176' title='bbox 239 1647 296 1709; x_wconf 84' lang='lat' dir='ltr'><strong>dec</strong></span> <span class='ocrx_word' id='word_1_177' title='bbox 317 1648 521 1727; x_wconf 69' lang='grc' dir='ltr'>ᾳιιιιιᾳιιαιιι,</span> <span class='ocrx_word' id='word_1_178' title='bbox 545 1663 605 1727; x_wconf 75' lang='lat' dir='ltr'><strong>nec</strong></span> <span class='ocrx_word' id='word_1_179' title='bbox 629 1648 790 1710; x_wconf 75' lang='lat' dir='ltr'><strong>delatrices.</strong></span> <span class='ocrx_word' id='word_1_180' title='bbox 816 1648 853 1708; x_wconf 82' lang='lat' dir='ltr'><strong>ul</strong></span> <span class='ocrx_word' id='word_1_181' title='bbox 879 1646 1021 1724; x_wconf 76' lang='lat' dir='ltr'><strong>Prorerln</strong></span> <span class='ocrx_word' id='word_1_182' title='bbox 1048 1649 1103 1712; x_wconf 72' lang='lat' dir='ltr'><strong>sin</strong></span> <span class='ocrx_word' id='word_1_183' title='bbox 1148 1644 1305 1712; x_wconf 80' lang='lat' dir='ltr'><strong>Calvinum</strong></span> <span class='ocrx_word' id='word_1_184' title='bbox 1322 1647 1476 1711; x_wconf 72' lang='lat' dir='ltr'><strong>mals-lide</strong></span> <span class='ocrx_word' id='word_1_185' title='bbox 1492 1648 1546 1711; x_wconf 92' lang='lat' dir='ltr'><strong>nti.</strong></span> <span class='ocrx_word' id='word_1_186' title='bbox 1564 1646 1636 1715; x_wconf 87' lang='lat' dir='ltr'><strong>Nam</strong></span> <span class='ocrx_word' id='word_1_187' title='bbox 1651 1646 1682 1708; x_wconf 80' lang='grc'><strong>1.</strong></span> <span class='ocrx_word' id='word_1_188' title='bbox 1700 1646 1774 1728; x_wconf 85' lang='lat' dir='ltr'><strong>lleg.</strong></span> <span class='ocrx_word' id='word_1_189' title='bbox 1804 1644 1859 1710; x_wconf 56' lang='lat' dir='ltr'><strong>tls</strong></span> <span class='ocrx_word' id='word_1_190' title='bbox 1885 1662 1946 1709; x_wconf 90' lang='lat' dir='ltr'><strong>noo</strong></span> <span class='ocrx_word' id='word_1_191' title='bbox 1964 1666 2011 1709; x_wconf 87' lang='lat' dir='ltr'><strong>ar·</strong></span> 
     </span>
     <span class='ocr_line' id='line_1_17' title="bbox 239 1728 2014 1809; baseline 0 -16"><span class='ocrx_word' id='word_1_192' title='bbox 239 1729 309 1793; x_wconf 89' lang='lat' dir='ltr'><strong>lion</strong></span> <span class='ocrx_word' id='word_1_193' title='bbox 322 1731 429 1793; x_wconf 82' lang='lat' dir='ltr'><strong>oddus</strong></span> <span class='ocrx_word' id='word_1_194' title='bbox 455 1728 649 1793; x_wconf 80' lang='grc' dir='ltr'>ιιιιιιιιιιιιιιιι</span> <span class='ocrx_word' id='word_1_195' title='bbox 669 1728 819 1805; x_wconf 79' lang='lat' dir='ltr'><strong>Domini,</strong></span> <span class='ocrx_word' id='word_1_196' title='bbox 833 1746 954 1808; x_wconf 80' lang='lat' dir='ltr'><strong>-nepnc</strong></span> <span class='ocrx_word' id='word_1_197' title='bbox 966 1733 1104 1794; x_wconf 80' lang='lat' dir='ltr'><strong>minans</strong></span> <span class='ocrx_word' id='word_1_198' title='bbox 1147 1738 1283 1809; x_wconf 83' lang='lat' dir='ltr'><strong>guantur</strong></span> <span class='ocrx_word' id='word_1_199' title='bbox 1297 1730 1476 1795; x_wconf 87' lang='lat' dir='ltr'><strong>Samaritani</strong></span> <span class='ocrx_word' id='word_1_200' title='bbox 1491 1729 1558 1804; x_wconf 86' lang='lat' dir='ltr'><strong>illi,</strong></span> <span class='ocrx_word' id='word_1_201' title='bbox 1580 1730 1662 1809; x_wconf 85' lang='lat' dir='ltr'><strong>nuod</strong></span> <span class='ocrx_word' id='word_1_202' title='bbox 1692 1732 1778 1791; x_wconf 87' lang='lat' dir='ltr'><strong>noris</strong></span> <span class='ocrx_word' id='word_1_203' title='bbox 1805 1730 2014 1796; x_wconf 86' lang='lat' dir='ltr'><strong>coeremoniis</strong></span> 
     </span>
     <span class='ocr_line' id='line_1_18' title="bbox 239 1812 2015 1893; baseline 0.001 -20"><span class='ocrx_word' id='word_1_204' title='bbox 239 1828 284 1874; x_wconf 84' lang='lat' dir='ltr'><strong>em</strong></span> <span class='ocrx_word' id='word_1_205' title='bbox 298 1828 334 1873; x_wconf 93' lang='lat' dir='ltr'><strong>eo</strong></span> <span class='ocrx_word' id='word_1_206' title='bbox 349 1860 358 1885; x_wconf 86' lang='lat'><strong>,</strong></span> <span class='ocrx_word' id='word_1_207' title='bbox 373 1829 417 1875; x_wconf 91' lang='lat' dir='ltr'><strong>ne</strong></span> <span class='ocrx_word' id='word_1_208' title='bbox 439 1818 471 1875; x_wconf 86' lang='lat' dir='ltr'><strong>le</strong></span> <span class='ocrx_word' id='word_1_209' title='bbox 484 1813 566 1890; x_wconf 71' lang='lat' dir='ltr'><strong>sorte</strong></span> <span class='ocrx_word' id='word_1_210' title='bbox 590 1819 733 1891; x_wconf 76' lang='lat' dir='ltr'><strong>orpnot,</strong></span> <span class='ocrx_word' id='word_1_211' title='bbox 757 1814 1003 1893; x_wconf 82' lang='lat' dir='ltr'><strong>invenierisque</strong></span> <span class='ocrx_word' id='word_1_212' title='bbox 1013 1830 1102 1877; x_wconf 82' lang='lat' dir='ltr'><strong>men-</strong></span> <span class='ocrx_word' id='word_1_213' title='bbox 1146 1812 1245 1875; x_wconf 86' lang='lat' dir='ltr'><strong>Deum</strong></span> <span class='ocrx_word' id='word_1_214' title='bbox 1260 1815 1408 1886; x_wconf 81' lang='lat' dir='ltr'><strong>colerent,</strong></span> <span class='ocrx_word' id='word_1_215' title='bbox 1425 1814 1481 1877; x_wconf 88' lang='lat' dir='ltr'><strong>sed</strong></span> <span class='ocrx_word' id='word_1_216' title='bbox 1497 1813 1578 1890; x_wconf 81' lang='lat' dir='ltr'><strong>quod</strong></span> <span class='ocrx_word' id='word_1_217' title='bbox 1595 1812 1682 1875; x_wconf 90' lang='lat' dir='ltr'><strong>initio</strong></span> <span class='ocrx_word' id='word_1_218' title='bbox 1697 1828 1758 1875; x_wconf 89' lang='lat' dir='ltr'><strong>non</strong></span> <span class='ocrx_word' id='word_1_219' title='bbox 1782 1813 1924 1875; x_wconf 87' lang='lat' dir='ltr'><strong>timerent</strong></span> <span class='ocrx_word' id='word_1_220' title='bbox 1953 1813 2015 1875; x_wconf 82' lang='lat' dir='ltr'><strong>lio·</strong></span> 
     </span>
     <span class='ocr_line' id='line_1_19' title="bbox 240 1893 2009 1977; baseline -0.001 -20"><span class='ocrx_word' id='word_1_221' title='bbox 240 1895 323 1957; x_wconf 79' lang='lat' dir='ltr'><strong>dec.</strong></span> <span class='ocrx_word' id='word_1_222' title='bbox 349 1896 560 1973; x_wconf 76' lang='lat' dir='ltr'><strong>despondeo:</strong></span> <span class='ocrx_word' id='word_1_223' title='bbox 586 1895 809 1973; x_wconf 85' lang='lat' dir='ltr'><strong>ilonprolribel</strong></span> <span class='ocrx_word' id='word_1_224' title='bbox 834 1896 985 1957; x_wconf 86' lang='lat' dir='ltr'><strong>Dominus</strong></span> <span class='ocrx_word' id='word_1_225' title='bbox 1006 1896 1102 1959; x_wconf 76' lang='lat' dir='ltr'><strong>initis</strong></span> <span class='ocrx_word' id='word_1_226' title='bbox 1147 1897 1286 1969; x_wconf 87' lang='lat' dir='ltr'><strong>minum,</strong></span> <span class='ocrx_word' id='word_1_227' title='bbox 1305 1914 1405 1977; x_wconf 84' lang='lat' dir='ltr'><strong>neque</strong></span> <span class='ocrx_word' id='word_1_228' title='bbox 1422 1898 1571 1971; x_wconf 86' lang='lat' dir='ltr'><strong>colerent,</strong></span> <span class='ocrx_word' id='word_1_229' title='bbox 1596 1896 1713 1974; x_wconf 84' lang='lat' dir='ltr'><strong>quippe</strong></span> <span class='ocrx_word' id='word_1_230' title='bbox 1743 1893 1880 1957; x_wconf 66' lang='grc' dir='ltr'>(ἰιιιιιιιε</span> <span class='ocrx_word' id='word_1_231' title='bbox 1906 1902 2009 1972; x_wconf 74' lang='lat' dir='ltr'><strong>eroon</strong></span> 
     </span>
     <span class='ocr_line' id='line_1_20' title="bbox 239 1976 2011 2063; baseline 0.001 -26"><span class='ocrx_word' id='word_1_232' title='bbox 239 1976 320 2039; x_wconf 88' lang='lat' dir='ltr'><strong>locis</strong></span> <span class='ocrx_word' id='word_1_233' title='bbox 333 1978 503 2057; x_wconf 83' lang='lat' dir='ltr'><strong>quamlibet</strong></span> <span class='ocrx_word' id='word_1_234' title='bbox 515 1979 715 2039; x_wconf 86' lang='lat' dir='ltr'><strong>additionem.</strong></span> <span class='ocrx_word' id='word_1_235' title='bbox 737 1978 811 2040; x_wconf 80' lang='lat' dir='ltr'><strong>Nam</strong></span> <span class='ocrx_word' id='word_1_236' title='bbox 824 1982 889 2040; x_wconf 87' lang='lat' dir='ltr'><strong>siae</strong></span> <span class='ocrx_word' id='word_1_237' title='bbox 905 1995 960 2056; x_wconf 91' lang='lat' dir='ltr'><strong>per</strong></span> <span class='ocrx_word' id='word_1_238' title='bbox 973 1981 1101 2042; x_wconf 85' lang='lat' dir='ltr'><strong>rerlaum</strong></span> <span class='ocrx_word' id='word_1_239' title='bbox 1147 1994 1205 2042; x_wconf 88' lang='lat' dir='ltr'><strong>ace</strong></span> <span class='ocrx_word' id='word_1_240' title='bbox 1220 1980 1361 2043; x_wconf 84' lang='lat' dir='ltr'><strong>sciebant</strong></span> <span class='ocrx_word' id='word_1_241' title='bbox 1375 1982 1476 2063; x_wconf 86' lang='lat' dir='ltr'><strong>legem</strong></span> <span class='ocrx_word' id='word_1_242' title='bbox 1492 1980 1560 2054; x_wconf 88' lang='lat' dir='ltr'><strong>llei;</strong></span> <span class='ocrx_word' id='word_1_243' title='bbox 1575 1978 1689 2040; x_wconf 89' lang='lat' dir='ltr'><strong>deiude</strong></span> <span class='ocrx_word' id='word_1_244' title='bbox 1709 1982 1809 2039; x_wconf 88' lang='lat' dir='ltr'><strong>autem</strong></span> <span class='ocrx_word' id='word_1_245' title='bbox 1841 1977 1942 2041; x_wconf 89' lang='lat' dir='ltr'><strong>edocti</strong></span> <span class='ocrx_word' id='word_1_246' title='bbox 1967 1978 2011 2041; x_wconf 90' lang='lat' dir='ltr'><strong>lc-</strong></span> 
     </span>
     <span class='ocr_line' id='line_1_21' title="bbox 239 2058 2012 2140; baseline 0.001 -21"><span class='ocrx_word' id='word_1_247' title='bbox 239 2060 451 2139; x_wconf 82' lang='lat' dir='ltr'><strong>intelllganlor</strong></span> <span class='ocrx_word' id='word_1_248' title='bbox 478 2060 548 2121; x_wconf 89' lang='lat' dir='ltr'><strong>libri</strong></span> <span class='ocrx_word' id='word_1_249' title='bbox 563 2062 669 2133; x_wconf 86' lang='lat' dir='ltr'><strong>sauri,</strong></span> <span class='ocrx_word' id='word_1_250' title='bbox 693 2062 762 2121; x_wconf 88' lang='lat' dir='ltr'><strong>sire</strong></span> <span class='ocrx_word' id='word_1_251' title='bbox 774 2068 934 2140; x_wconf 89' lang='lat' dir='ltr'><strong>praecepta</strong></span> <span class='ocrx_word' id='word_1_252' title='bbox 951 2064 1098 2138; x_wconf 87' lang='lat' dir='ltr'><strong>urcralia,</strong></span> <span class='ocrx_word' id='word_1_253' title='bbox 1146 2062 1295 2138; x_wconf 86' lang='lat' dir='ltr'><strong>gomltei,</strong></span> <span class='ocrx_word' id='word_1_254' title='bbox 1312 2063 1403 2125; x_wconf 89' lang='lat' dir='ltr'><strong>simul</strong></span> <span class='ocrx_word' id='word_1_255' title='bbox 1420 2062 1518 2127; x_wconf 78' lang='lat' dir='ltr'><strong>Derim</strong></span> <span class='ocrx_word' id='word_1_256' title='bbox 1535 2061 1637 2125; x_wconf 86' lang='lat' dir='ltr'><strong>colere</strong></span> <span class='ocrx_word' id='word_1_257' title='bbox 1665 2058 1867 2137; x_wconf 87' lang='lat' dir='ltr'><strong>incepissent,</strong></span> <span class='ocrx_word' id='word_1_258' title='bbox 1896 2067 1928 2122; x_wconf 93' lang='lat' dir='ltr'><strong>et</strong></span> <span class='ocrx_word' id='word_1_259' title='bbox 1954 2080 2012 2123; x_wconf 87' lang='lat' dir='ltr'><strong>sua</strong></span> 
     </span>
     <span class='ocr_line' id='line_1_22' title="bbox 237 2142 2012 2223; baseline 0.001 -20"><span class='ocrx_word' id='word_1_260' title='bbox 237 2149 297 2203; x_wconf 85' lang='lat' dir='ltr'><strong>aut.</strong></span> <span class='ocrx_word' id='word_1_261' title='bbox 308 2142 489 2222; x_wconf 80' lang='lat' dir='ltr'><strong>judicialia,</strong></span> <span class='ocrx_word' id='word_1_262' title='bbox 517 2150 568 2204; x_wconf 80' lang='lat' dir='ltr'><strong>aaut</strong></span> <span class='ocrx_word' id='word_1_263' title='bbox 591 2145 849 2215; x_wconf 80' lang='lat' dir='ltr'><strong>caeremonialia,</strong></span> <span class='ocrx_word' id='word_1_264' title='bbox 877 2160 1002 2223; x_wconf 87' lang='lat' dir='ltr'><strong>semper</strong></span> <span class='ocrx_word' id='word_1_265' title='bbox 1017 2144 1102 2207; x_wconf 77' lang='lat' dir='ltr'><strong>trave-</strong></span> <span class='ocrx_word' id='word_1_266' title='bbox 1146 2143 1239 2207; x_wconf 80' lang='lat' dir='ltr'><strong>ialola.</strong></span> <span class='ocrx_word' id='word_1_267' title='bbox 1257 2144 1293 2205; x_wconf 79' lang='grc' dir='ltr'><strong>Ει</strong></span> <span class='ocrx_word' id='word_1_268' title='bbox 1308 2146 1338 2207; x_wconf 84' lang='grc'><strong>1.</strong></span> <span class='ocrx_word' id='word_1_269' title='bbox 1356 2146 1430 2221; x_wconf 50' lang='lat' dir='ltr'><strong>Rege</strong></span> <span class='ocrx_word' id='word_1_270' title='bbox 1460 2145 1514 2209; x_wconf 82' lang='lat' dir='ltr'><strong>tl.</strong></span> <span class='ocrx_word' id='word_1_271' title='bbox 1538 2144 1639 2209; x_wconf 81' lang='lat' dir='ltr'><strong>dcirca</strong></span> <span class='ocrx_word' id='word_1_272' title='bbox 1667 2143 1914 2221; x_wconf 79' lang='lat' dir='ltr'><strong>reprelienditur,</strong></span> <span class='ocrx_word' id='word_1_273' title='bbox 1947 2160 2012 2205; x_wconf 90' lang='lat' dir='ltr'><strong>noo</strong></span> 
     </span>
     <span class='ocr_line' id='line_1_23' title="bbox 239 2224 2011 2310; baseline -0.002 -21"><span class='ocrx_word' id='word_1_274' title='bbox 239 2226 485 2289; x_wconf 87' lang='lat' dir='ltr'><strong>niomoslactam</strong></span> <span class='ocrx_word' id='word_1_275' title='bbox 513 2225 822 2289; x_wconf 84' lang='lat' dir='ltr'><strong>inisseaddilionem.</strong></span> <span class='ocrx_word' id='word_1_276' title='bbox 848 2227 1102 2305; x_wconf 78' lang='lat' dir='ltr'><strong>llampcslileu·</strong></span> <span class='ocrx_word' id='word_1_277' title='bbox 1145 2228 1353 2304; x_wconf 85' lang='lat' dir='ltr'><strong>quodnoaum</strong></span> <span class='ocrx_word' id='word_1_278' title='bbox 1386 2230 1479 2305; x_wconf 82' lang='lat' dir='ltr'><strong>altaro</strong></span> <span class='ocrx_word' id='word_1_279' title='bbox 1501 2229 1531 2289; x_wconf 92' lang='lat' dir='ltr'><strong>iu</strong></span> <span class='ocrx_word' id='word_1_280' title='bbox 1565 2226 1678 2305; x_wconf 86' lang='lat' dir='ltr'><strong>templo</strong></span> <span class='ocrx_word' id='word_1_281' title='bbox 1711 2224 1913 2310; x_wconf 72' lang='lat' dir='ltr'><strong>exstruxerit,</strong></span> <span class='ocrx_word' id='word_1_282' title='bbox 1951 2230 2011 2287; x_wconf 91' lang='lat' dir='ltr'><strong>sed</strong></span> 
     </span>
     <span class='ocr_line' id='line_1_24' title="bbox 239 2308 2012 2388; baseline -0.001 -19"><span class='ocrx_word' id='word_1_283' title='bbox 239 2308 465 2383; x_wconf 70' lang='lat' dir='ltr'><strong>autonomiam,</strong></span> <span class='ocrx_word' id='word_1_284' title='bbox 495 2308 548 2370; x_wconf 89' lang='lat' dir='ltr'><strong>ubi</strong></span> <span class='ocrx_word' id='word_1_285' title='bbox 583 2310 713 2369; x_wconf 86' lang='grc' dir='ltr'>ιιιιιιιιιιι</span> <span class='ocrx_word' id='word_1_286' title='bbox 739 2309 790 2369; x_wconf 92' lang='lat' dir='ltr'><strong>itta</strong></span> <span class='ocrx_word' id='word_1_287' title='bbox 821 2310 986 2388; x_wconf 87' lang='lat' dir='ltr'><strong>prolribilio</strong></span> <span class='ocrx_word' id='word_1_288' title='bbox 1012 2311 1100 2372; x_wconf 88' lang='lat' dir='ltr'><strong>addi·</strong></span> <span class='ocrx_word' id='word_1_289' title='bbox 1146 2311 1227 2388; x_wconf 78' lang='lat' dir='ltr'><strong>quod</strong></span> <span class='ocrx_word' id='word_1_290' title='bbox 1244 2311 1373 2388; x_wconf 86' lang='lat' dir='ltr'><strong>jusserit</strong></span> <span class='ocrx_word' id='word_1_291' title='bbox 1389 2310 1457 2375; x_wconf 86' lang='lat' dir='ltr'><strong>lieri</strong></span> <span class='ocrx_word' id='word_1_292' title='bbox 1473 2318 1504 2373; x_wconf 90' lang='lat' dir='ltr'><strong>in</strong></span> <span class='ocrx_word' id='word_1_293' title='bbox 1521 2309 1636 2387; x_wconf 88' lang='lat' dir='ltr'><strong>templo</strong></span> <span class='ocrx_word' id='word_1_294' title='bbox 1653 2308 1774 2371; x_wconf 85' lang='lat' dir='ltr'><strong>Domini</strong></span> <span class='ocrx_word' id='word_1_295' title='bbox 1788 2308 1881 2369; x_wconf 89' lang='lat' dir='ltr'><strong>altare</strong></span> <span class='ocrx_word' id='word_1_296' title='bbox 1895 2323 2012 2371; x_wconf 86' lang='lat' dir='ltr'><strong>uorum</strong></span> 
     </span>
     <span class='ocr_line' id='line_1_25' title="bbox 240 2391 2011 2469; baseline 0.002 -19"><span class='ocrx_word' id='word_1_297' title='bbox 240 2391 332 2451; x_wconf 91' lang='lat' dir='ltr'><strong>lionis</strong></span> <span class='ocrx_word' id='word_1_298' title='bbox 357 2392 501 2453; x_wconf 87' lang='lat' dir='ltr'><strong>adaerba</strong></span> <span class='ocrx_word' id='word_1_299' title='bbox 527 2392 671 2460; x_wconf 85' lang='lat' dir='ltr'><strong>llorniui,</strong></span> <span class='ocrx_word' id='word_1_300' title='bbox 698 2391 803 2469; x_wconf 90' lang='lat' dir='ltr'><strong>scripti</strong></span> <span class='ocrx_word' id='word_1_301' title='bbox 827 2399 899 2453; x_wconf 87' lang='lat' dir='ltr'><strong>snut</strong></span> <span class='ocrx_word' id='word_1_302' title='bbox 924 2394 1099 2455; x_wconf 79' lang='lat' dir='ltr'><strong>omnrsalii</strong></span> <span class='ocrx_word' id='word_1_303' title='bbox 1145 2393 1182 2453; x_wconf 88' lang='lat' dir='ltr'><strong>ad</strong></span> <span class='ocrx_word' id='word_1_304' title='bbox 1199 2392 1433 2457; x_wconf 76' lang='lat' dir='ltr'><strong>simulitudinem</strong></span> <span class='ocrx_word' id='word_1_305' title='bbox 1449 2394 1554 2455; x_wconf 86' lang='lat' dir='ltr'><strong>altaris</strong></span> <span class='ocrx_word' id='word_1_306' title='bbox 1583 2392 1747 2460; x_wconf 81' lang='lat' dir='ltr'><strong>idolorum,</strong></span> <span class='ocrx_word' id='word_1_307' title='bbox 1777 2392 1857 2468; x_wconf 84' lang='lat' dir='ltr'><strong>quod</strong></span> <span class='ocrx_word' id='word_1_308' title='bbox 1888 2397 1954 2451; x_wconf 85' lang='lat' dir='ltr'><strong>erat</strong></span> <span class='ocrx_word' id='word_1_309' title='bbox 1979 2393 2011 2453; x_wconf 92' lang='lat' dir='ltr'><strong>in</strong></span> 
     </span>
     <span class='ocr_line' id='line_1_26' title="bbox 237 2472 2009 2553; baseline 0 -20"><span class='ocrx_word' id='word_1_310' title='bbox 237 2472 311 2535; x_wconf 86' lang='lat' dir='ltr'><strong>libri</strong></span> <span class='ocrx_word' id='word_1_311' title='bbox 336 2474 415 2535; x_wconf 88' lang='lat' dir='ltr'><strong>sacri</strong></span> <span class='ocrx_word' id='word_1_312' title='bbox 432 2520 446 2543; x_wconf 88' lang='grc'><strong>.,</strong></span> <span class='ocrx_word' id='word_1_313' title='bbox 466 2481 529 2536; x_wconf 92' lang='lat' dir='ltr'><strong>lum</strong></span> <span class='ocrx_word' id='word_1_314' title='bbox 554 2474 715 2545; x_wconf 83' lang='lat' dir='ltr'><strong>historici,</strong></span> <span class='ocrx_word' id='word_1_315' title='bbox 743 2482 806 2536; x_wconf 91' lang='lat' dir='ltr'><strong>tum</strong></span> <span class='ocrx_word' id='word_1_316' title='bbox 833 2476 1101 2553; x_wconf 56' lang='lat' dir='ltr'><strong>paracletenses</strong></span> <span class='ocrx_word' id='word_1_317' title='bbox 1143 2474 1350 2543; x_wconf 76' lang='lat' dir='ltr'><strong>Damascum</strong></span> <span class='ocrx_word' id='word_1_318' title='bbox 1362 2482 1526 2539; x_wconf 84' lang='lat' dir='ltr'><strong>rcrnoacril</strong></span> <span class='ocrx_word' id='word_1_319' title='bbox 1541 2476 1635 2539; x_wconf 87' lang='lat' dir='ltr'><strong>aliare</strong></span> <span class='ocrx_word' id='word_1_320' title='bbox 1650 2472 1769 2535; x_wconf 89' lang='lat' dir='ltr'><strong>llomini</strong></span> <span class='ocrx_word' id='word_1_321' title='bbox 1784 2473 1823 2533; x_wconf 91' lang='lat' dir='ltr'><strong>de</strong></span> <span class='ocrx_word' id='word_1_322' title='bbox 1841 2474 1909 2535; x_wconf 90' lang='lat' dir='ltr'><strong>loco</strong></span> <span class='ocrx_word' id='word_1_323' title='bbox 1924 2490 1982 2535; x_wconf 89' lang='lat' dir='ltr'><strong>sao</strong></span> <span class='ocrx_word' id='word_1_324' title='bbox 2001 2520 2009 2541; x_wconf 89' lang='grc'>,</span> 
     </span>
     <span class='ocr_line' id='line_1_27' title="bbox 238 2554 2014 2638; baseline -0.001 -21"><span class='ocrx_word' id='word_1_325' title='bbox 238 2562 337 2617; x_wconf 84' lang='lat' dir='ltr'><strong>totum</strong></span> <span class='ocrx_word' id='word_1_326' title='bbox 367 2572 481 2619; x_wconf 86' lang='lat' dir='ltr'><strong>ocrurn</strong></span> <span class='ocrx_word' id='word_1_327' title='bbox 517 2556 757 2618; x_wconf 71' lang='lat' dir='ltr'><strong>Testamentum.</strong></span> <span class='ocrx_word' id='word_1_328' title='bbox 794 2556 872 2621; x_wconf 89' lang='lat' dir='ltr'><strong>item</strong></span> <span class='ocrx_word' id='word_1_329' title='bbox 903 2558 997 2625; x_wconf 87' lang='lat' dir='ltr'><strong>multa</strong></span> <span class='ocrx_word' id='word_1_330' title='bbox 1028 2568 1100 2621; x_wconf 88' lang='lat' dir='ltr'><strong>sunl</strong></span> <span class='ocrx_word' id='word_1_331' title='bbox 1145 2564 1178 2619; x_wconf 92' lang='grc' dir='ltr'><strong>ιιι</strong></span> <span class='ocrx_word' id='word_1_332' title='bbox 1192 2559 1221 2620; x_wconf 88' lang='grc' dir='ltr'><strong>ιιι</strong></span> <span class='ocrx_word' id='word_1_333' title='bbox 1239 2558 1355 2638; x_wconf 91' lang='lat' dir='ltr'><strong>optimo</strong></span> <span class='ocrx_word' id='word_1_334' title='bbox 1370 2560 1439 2623; x_wconf 88' lang='lat' dir='ltr'><strong>loco</strong></span> <span class='ocrx_word' id='word_1_335' title='bbox 1455 2558 1763 2623; x_wconf 88' lang='lat' dir='ltr'><strong>constituorclallare</strong></span> <span class='ocrx_word' id='word_1_336' title='bbox 1779 2555 1853 2619; x_wconf 88' lang='lat' dir='ltr'><strong>illud</strong></span> <span class='ocrx_word' id='word_1_337' title='bbox 1880 2554 2014 2622; x_wconf 88' lang='lat' dir='ltr'><strong>idolola-</strong></span> 
     </span>
     <span class='ocr_line' id='line_1_28' title="bbox 237 2638 2009 2721; baseline 0.001 -22"><span class='ocrx_word' id='word_1_338' title='bbox 237 2638 363 2699; x_wconf 89' lang='lat' dir='ltr'><strong>moralia</strong></span> <span class='ocrx_word' id='word_1_339' title='bbox 389 2646 551 2717; x_wconf 85' lang='lat' dir='ltr'><strong>praecepta</strong></span> <span class='ocrx_word' id='word_1_340' title='bbox 578 2640 609 2699; x_wconf 91' lang='lat' dir='ltr'><strong>in</strong></span> <span class='ocrx_word' id='word_1_341' title='bbox 636 2640 817 2717; x_wconf 81' lang='lat' dir='ltr'><strong>propontis.</strong></span> <span class='ocrx_word' id='word_1_342' title='bbox 844 2647 875 2701; x_wconf 89' lang='lat' dir='ltr'><strong>et</strong></span> <span class='ocrx_word' id='word_1_343' title='bbox 891 2640 921 2701; x_wconf 89' lang='grc' dir='ltr'><strong>ιιι</strong></span> <span class='ocrx_word' id='word_1_344' title='bbox 943 2640 1099 2705; x_wconf 80' lang='lat' dir='ltr'><strong>librisSa-</strong></span> <span class='ocrx_word' id='word_1_345' title='bbox 1145 2640 1267 2705; x_wconf 87' lang='lat' dir='ltr'><strong>trinum.</strong></span> <span class='ocrx_word' id='word_1_346' title='bbox 1283 2642 1422 2719; x_wconf 81' lang='lat' dir='ltr'><strong>lienique</strong></span> <span class='ocrx_word' id='word_1_347' title='bbox 1436 2642 1467 2705; x_wconf 81' lang='lat' dir='ltr'><strong>l.</strong></span> <span class='ocrx_word' id='word_1_348' title='bbox 1485 2642 1559 2721; x_wconf 84' lang='lat' dir='ltr'><strong>ileg.</strong></span> <span class='ocrx_word' id='word_1_349' title='bbox 1575 2641 1626 2703; x_wconf 74' lang='grc'><strong>11.</strong></span> <span class='ocrx_word' id='word_1_350' title='bbox 1643 2640 1801 2703; x_wconf 81' lang='lat' dir='ltr'><strong>ilaoasscs</strong></span> <span class='ocrx_word' id='word_1_351' title='bbox 1817 2654 1877 2699; x_wconf 87' lang='lat' dir='ltr'><strong>noa</strong></span> <span class='ocrx_word' id='word_1_352' title='bbox 1901 2640 2009 2701; x_wconf 89' lang='lat' dir='ltr'><strong>solum</strong></span> 
     </span>
     <span class='ocr_line' id='line_1_29' title="bbox 238 2720 2006 2802; baseline 0.001 -21"><span class='ocrx_word' id='word_1_353' title='bbox 238 2721 396 2795; x_wconf 81' lang='lat' dir='ltr'><strong>lomacio,</strong></span> <span class='ocrx_word' id='word_1_354' title='bbox 422 2738 501 2800; x_wconf 85' lang='lat' dir='ltr'><strong>quae</strong></span> <span class='ocrx_word' id='word_1_355' title='bbox 525 2722 673 2784; x_wconf 74' lang='lat' dir='ltr'><strong>ridentur,</strong></span> <span class='ocrx_word' id='word_1_356' title='bbox 690 2721 793 2783; x_wconf 90' lang='lat' dir='ltr'><strong>addita</strong></span> <span class='ocrx_word' id='word_1_357' title='bbox 818 2722 1046 2786; x_wconf 80' lang='lat' dir='ltr'><strong>Pentateucho:</strong></span> <span class='ocrx_word' id='word_1_358' title='bbox 1069 2728 1101 2788; x_wconf 89' lang='lat' dir='ltr'><strong>ct</strong></span> <span class='ocrx_word' id='word_1_359' title='bbox 1144 2740 1254 2786; x_wconf 84' lang='lat' dir='ltr'><strong>norum</strong></span> <span class='ocrx_word' id='word_1_360' title='bbox 1271 2726 1365 2787; x_wconf 87' lang='lat' dir='ltr'><strong>attare</strong></span> <span class='ocrx_word' id='word_1_361' title='bbox 1380 2726 1410 2787; x_wconf 91' lang='lat' dir='ltr'><strong>io</strong></span> <span class='ocrx_word' id='word_1_362' title='bbox 1429 2726 1542 2801; x_wconf 84' lang='lat' dir='ltr'><strong>templo</strong></span> <span class='ocrx_word' id='word_1_363' title='bbox 1558 2724 1670 2802; x_wconf 83' lang='lat' dir='ltr'><strong>posdll.</strong></span> <span class='ocrx_word' id='word_1_364' title='bbox 1690 2721 1745 2785; x_wconf 89' lang='lat' dir='ltr'><strong>scd</strong></span> <span class='ocrx_word' id='word_1_365' title='bbox 1761 2722 1867 2793; x_wconf 78' lang='lat' dir='ltr'><strong>altare,</strong></span> <span class='ocrx_word' id='word_1_366' title='bbox 1887 2720 1940 2784; x_wconf 84' lang='lat' dir='ltr'><strong>uiri</strong></span> <span class='ocrx_word' id='word_1_367' title='bbox 1956 2738 2006 2783; x_wconf 92' lang='lat' dir='ltr'><strong>sa-</strong></span> 
     </span>
     <span class='ocr_line' id='line_1_30' title="bbox 240 2800 2008 2885; baseline 0.001 -21"><span class='ocrx_word' id='word_1_368' title='bbox 240 2800 335 2864; x_wconf 87' lang='lat' dir='ltr'><strong>Iiaaid</strong></span> <span class='ocrx_word' id='word_1_369' title='bbox 349 2804 469 2867; x_wconf 85' lang='lat' dir='ltr'><strong>addidit</strong></span> <span class='ocrx_word' id='word_1_370' title='bbox 480 2805 628 2884; x_wconf 81' lang='lat' dir='ltr'><strong>judiciale</strong></span> <span class='ocrx_word' id='word_1_371' title='bbox 649 2810 847 2882; x_wconf 89' lang='lat' dir='ltr'><strong>praeceptum</strong></span> <span class='ocrx_word' id='word_1_372' title='bbox 861 2852 870 2878; x_wconf 90' lang='lat'><strong>,</strong></span> <span class='ocrx_word' id='word_1_373' title='bbox 886 2812 918 2867; x_wconf 92' lang='lat' dir='ltr'><strong>ul</strong></span> <span class='ocrx_word' id='word_1_374' title='bbox 931 2807 1101 2885; x_wconf 81' lang='lat' dir='ltr'><strong>aequaliter</strong></span> <span class='ocrx_word' id='word_1_375' title='bbox 1144 2806 1334 2870; x_wconf 81' lang='lat' dir='ltr'><strong>criticnrctor</strong></span> <span class='ocrx_word' id='word_1_376' title='bbox 1349 2807 1451 2869; x_wconf 92' lang='lat' dir='ltr'><strong>idolis.</strong></span> <span class='ocrx_word' id='word_1_377' title='bbox 1480 2808 1533 2869; x_wconf 77' lang='lat' dir='ltr'><strong>Sic</strong></span> <span class='ocrx_word' id='word_1_378' title='bbox 1562 2805 1644 2869; x_wconf 89' lang='lat' dir='ltr'><strong>enim</strong></span> <span class='ocrx_word' id='word_1_379' title='bbox 1672 2803 1827 2879; x_wconf 86' lang='lat' dir='ltr'><strong>Scriptura</strong></span> <span class='ocrx_word' id='word_1_380' title='bbox 1857 2804 2008 2881; x_wconf 85' lang='lat' dir='ltr'><strong>loquitur:</strong></span> 
     </span>
     <span class='ocr_line' id='line_1_31' title="bbox 240 2886 2009 2967; baseline 0.002 -21"><span class='ocrx_word' id='word_1_381' title='bbox 240 2886 415 2948; x_wconf 77' lang='lat' dir='ltr'><strong>dividerent</strong></span> <span class='ocrx_word' id='word_1_382' title='bbox 430 2888 573 2965; x_wconf 84' lang='lat' dir='ltr'><strong>praedam</strong></span> <span class='ocrx_word' id='word_1_383' title='bbox 599 2888 629 2949; x_wconf 92' lang='lat' dir='ltr'><strong>io</strong></span> <span class='ocrx_word' id='word_1_384' title='bbox 643 2887 751 2961; x_wconf 84' lang='lat' dir='ltr'><strong>bello,</strong></span> <span class='ocrx_word' id='word_1_385' title='bbox 778 2889 830 2964; x_wconf 84' lang='lat' dir='ltr'><strong>qai</strong></span> <span class='ocrx_word' id='word_1_386' title='bbox 853 2889 1051 2967; x_wconf 76' lang='lat' dir='ltr'><strong>pugnabant,</strong></span> <span class='ocrx_word' id='word_1_387' title='bbox 1069 2895 1100 2951; x_wconf 90' lang='lat' dir='ltr'><strong>et</strong></span> <span class='ocrx_word' id='word_1_388' title='bbox 1142 2889 1317 2953; x_wconf 78' lang='lat' dir='ltr'><strong>Ecstrnmit</strong></span> <span class='ocrx_word' id='word_1_389' title='bbox 1332 2891 1453 2955; x_wconf 80' lang='lat' dir='ltr'><strong>altorio</strong></span> <span class='ocrx_word' id='word_1_390' title='bbox 1466 2891 1642 2953; x_wconf 83' lang='lat' dir='ltr'><strong>uniuersae.</strong></span> <span class='ocrx_word' id='word_1_391' title='bbox 1652 2888 1791 2952; x_wconf 84' lang='lat' dir='ltr'><strong>militine</strong></span> <span class='ocrx_word' id='word_1_392' title='bbox 1804 2886 1887 2952; x_wconf 76' lang='lat' dir='ltr'><strong>coeli</strong></span> <span class='ocrx_word' id='word_1_393' title='bbox 1897 2886 1934 2948; x_wconf 86' lang='lat' dir='ltr'><strong>tn</strong></span> <span class='ocrx_word' id='word_1_394' title='bbox 1946 2888 2009 2949; x_wconf 84' lang='lat' dir='ltr'><strong>dn·</strong></span> 
     </span>
     <span class='ocr_line' id='line_1_32' title="bbox 240 2967 2008 3051; baseline 0.002 -22"><span class='ocrx_word' id='word_1_395' title='bbox 240 2968 293 3046; x_wconf 81' lang='lat' dir='ltr'><strong>oui</strong></span> <span class='ocrx_word' id='word_1_396' title='bbox 319 2970 456 3032; x_wconf 72' lang='lat' dir='ltr'><strong>sarcinas</strong></span> <span class='ocrx_word' id='word_1_397' title='bbox 481 2969 716 3035; x_wconf 82' lang='lat' dir='ltr'><strong>custodiebant,</strong></span> <span class='ocrx_word' id='word_1_398' title='bbox 738 2970 774 3030; x_wconf 89' lang='lat' dir='ltr'><strong>.l.</strong></span> <span class='ocrx_word' id='word_1_399' title='bbox 801 2969 876 3049; x_wconf 87' lang='lat' dir='ltr'><strong>lleg.</strong></span> <span class='ocrx_word' id='word_1_400' title='bbox 901 2969 954 3032; x_wconf 84' lang='grc'><strong>311.</strong></span> <span class='ocrx_word' id='word_1_401' title='bbox 968 2972 1099 3035; x_wconf 75' lang='lat' dir='ltr'><strong>addida·</strong></span> <span class='ocrx_word' id='word_1_402' title='bbox 1143 2970 1222 3039; x_wconf 79' lang='lat' dir='ltr'><strong>tlblla</strong></span> <span class='ocrx_word' id='word_1_403' title='bbox 1234 2974 1326 3035; x_wconf 84' lang='lat' dir='ltr'><strong>atriis</strong></span> <span class='ocrx_word' id='word_1_404' title='bbox 1341 2974 1451 3051; x_wconf 87' lang='lat' dir='ltr'><strong>tempii</strong></span> <span class='ocrx_word' id='word_1_405' title='bbox 1463 2974 1603 3037; x_wconf 78' lang='lat' dir='ltr'><strong>Domini.</strong></span> <span class='ocrx_word' id='word_1_406' title='bbox 1620 2970 1658 3033; x_wconf 79' lang='lat' dir='ltr'><strong>lit</strong></span> <span class='ocrx_word' id='word_1_407' title='bbox 1672 2969 1760 3033; x_wconf 78' lang='lat' dir='ltr'><strong>tiriae:</strong></span> <span class='ocrx_word' id='word_1_408' title='bbox 1782 2967 1903 3031; x_wconf 79' lang='lat' dir='ltr'><strong>¹Posuit</strong></span> <span class='ocrx_word' id='word_1_409' title='bbox 1925 2984 2008 3048; x_wconf 86' lang='lat' dir='ltr'><strong>qno·</strong></span> 
     </span>
     <span class='ocr_line' id='line_1_33' title="bbox 240 3050 2011 3138; baseline 0.001 -26"><span class='ocrx_word' id='word_1_410' title='bbox 240 3056 314 3113; x_wconf 89' lang='lat' dir='ltr'><strong>runt</strong></span> <span class='ocrx_word' id='word_1_411' title='bbox 338 3052 430 3113; x_wconf 89' lang='lat' dir='ltr'><strong>ellam</strong></span> <span class='ocrx_word' id='word_1_412' title='bbox 457 3054 647 3131; x_wconf 72' lang='lat' dir='ltr'><strong>posteriores</strong></span> <span class='ocrx_word' id='word_1_413' title='bbox 669 3050 778 3113; x_wconf 85' lang='lat' dir='ltr'><strong>ludaei</strong></span> <span class='ocrx_word' id='word_1_414' title='bbox 799 3054 1041 3116; x_wconf 83' lang='lat' dir='ltr'><strong>caeremoniales</strong></span> <span class='ocrx_word' id='word_1_415' title='bbox 1056 3057 1100 3117; x_wconf 80' lang='lat' dir='ltr'><strong>le·</strong></span> <span class='ocrx_word' id='word_1_416' title='bbox 1143 3070 1205 3134; x_wconf 86' lang='lat' dir='ltr'><strong>que</strong></span> <span class='ocrx_word' id='word_1_417' title='bbox 1218 3056 1433 3127; x_wconf 83' lang='lat' dir='ltr'><strong>idolamainci,</strong></span> <span class='ocrx_word' id='word_1_418' title='bbox 1450 3064 1546 3138; x_wconf 79' lang='lat' dir='ltr'><strong>noem</strong></span> <span class='ocrx_word' id='word_1_419' title='bbox 1559 3056 1680 3134; x_wconf 72' lang='lat' dir='ltr'><strong>[ecerm</strong></span> <span class='ocrx_word' id='word_1_420' title='bbox 1694 3054 1732 3117; x_wconf 87' lang='lat' dir='ltr'><strong>in</strong></span> <span class='ocrx_word' id='word_1_421' title='bbox 1754 3052 1873 3129; x_wconf 84' lang='lat' dir='ltr'><strong>templo</strong></span> <span class='ocrx_word' id='word_1_422' title='bbox 1899 3050 2011 3113; x_wconf 85' lang='lat' dir='ltr'><strong>Domi·</strong></span> 
     </span>
     <span class='ocr_line' id='line_1_34' title="bbox 237 3134 2010 3217; baseline 0.001 -21"><span class='ocrx_word' id='word_1_423' title='bbox 237 3149 294 3213; x_wconf 85' lang='lat' dir='ltr'><strong>ges</strong></span> <span class='ocrx_word' id='word_1_424' title='bbox 309 3135 348 3196; x_wconf 89' lang='lat' dir='ltr'><strong>da</strong></span> <span class='ocrx_word' id='word_1_425' title='bbox 362 3136 451 3210; x_wconf 84' lang='lat' dir='ltr'><strong>noris</strong></span> <span class='ocrx_word' id='word_1_426' title='bbox 475 3136 563 3198; x_wconf 84' lang='lat' dir='ltr'><strong>iestis</strong></span> <span class='ocrx_word' id='word_1_427' title='bbox 577 3134 711 3209; x_wconf 88' lang='lat' dir='ltr'><strong>diebos,</strong></span> <span class='ocrx_word' id='word_1_428' title='bbox 739 3134 849 3198; x_wconf 82' lang='lat' dir='ltr'><strong>ilsttaer</strong></span> <span class='ocrx_word' id='word_1_429' title='bbox 872 3134 1025 3200; x_wconf 71' lang='lat' dir='ltr'><strong>illuditis</strong></span> <span class='ocrx_word' id='word_1_430' title='bbox 1040 3141 1097 3202; x_wconf 89' lang='grc' dir='ltr'>ιιιι.</span> <span class='ocrx_word' id='word_1_431' title='bbox 1141 3138 1325 3217; x_wconf 76' lang='lat' dir='ltr'><strong>militinam</strong></span> <span class='ocrx_word' id='word_1_432' title='bbox 1342 3139 1423 3202; x_wconf 88' lang='lat' dir='ltr'><strong>enim</strong></span> <span class='ocrx_word' id='word_1_433' title='bbox 1441 3156 1551 3204; x_wconf 87' lang='grc' dir='ltr'>ιιιιιιιιιι</span> <span class='ocrx_word' id='word_1_434' title='bbox 1575 3141 1669 3202; x_wconf 90' lang='lat' dir='ltr'><strong>aliare</strong></span> <span class='ocrx_word' id='word_1_435' title='bbox 1691 3136 1812 3215; x_wconf 86' lang='lat' dir='ltr'><strong>erigere</strong></span> <span class='ocrx_word' id='word_1_436' title='bbox 1835 3135 1865 3198; x_wconf 91' lang='lat' dir='ltr'><strong>in</strong></span> <span class='ocrx_word' id='word_1_437' title='bbox 1889 3139 2010 3213; x_wconf 88' lang='lat' dir='ltr'><strong>lampio</strong></span> 
     </span>
     <span class='ocr_line' id='line_1_35' title="bbox 238 3216 2008 3298; baseline 0.001 -20"><span class='ocrx_word' id='word_1_438' title='bbox 238 3222 270 3278; x_wconf 91' lang='lat' dir='ltr'><strong>et</strong></span> <span class='ocrx_word' id='word_1_439' title='bbox 285 3217 315 3278; x_wconf 89' lang='grc'><strong>1.</strong></span> <span class='ocrx_word' id='word_1_440' title='bbox 340 3217 480 3280; x_wconf 80' lang='lat' dir='ltr'><strong>maenaa.</strong></span> <span class='ocrx_word' id='word_1_441' title='bbox 504 3218 535 3280; x_wconf 80' lang='grc'><strong>1.</strong></span> <span class='ocrx_word' id='word_1_442' title='bbox 563 3218 708 3280; x_wconf 72' lang='lat' dir='ltr'><strong>cantrices</strong></span> <span class='ocrx_word' id='word_1_443' title='bbox 730 3219 822 3298; x_wconf 84' lang='lat' dir='ltr'><strong>igitur</strong></span> <span class='ocrx_word' id='word_1_444' title='bbox 842 3219 991 3282; x_wconf 84' lang='grc' dir='ltr'>11ιιιιι1ιιιιιι</span> <span class='ocrx_word' id='word_1_445' title='bbox 1008 3221 1099 3284; x_wconf 84' lang='lat' dir='ltr'><strong>addi·</strong></span> <span class='ocrx_word' id='word_1_446' title='bbox 1143 3220 1277 3294; x_wconf 81' lang='lat' dir='ltr'><strong>iiomioi,</strong></span> <span class='ocrx_word' id='word_1_447' title='bbox 1297 3223 1415 3285; x_wconf 91' lang='lat' dir='ltr'><strong>nullum</strong></span> <span class='ocrx_word' id='word_1_448' title='bbox 1431 3223 1550 3285; x_wconf 89' lang='lat' dir='ltr'><strong>crimen</strong></span> <span class='ocrx_word' id='word_1_449' title='bbox 1567 3222 1687 3284; x_wconf 86' lang='lat' dir='ltr'><strong>luisset.</strong></span> <span class='ocrx_word' id='word_1_450' title='bbox 1706 3217 1792 3282; x_wconf 85' lang='lat' dir='ltr'><strong>Num.</strong></span> <span class='ocrx_word' id='word_1_451' title='bbox 1817 3217 1847 3280; x_wconf 75' lang='grc'><strong>3.</strong></span> <span class='ocrx_word' id='word_1_452' title='bbox 1875 3216 1951 3296; x_wconf 80' lang='lat' dir='ltr'><strong>Reg.</strong></span> <span class='ocrx_word' id='word_1_453' title='bbox 1976 3217 2008 3280; x_wconf 86' lang='lat'><strong>8.</strong></span> 
     </span>
     <span class='ocr_line' id='line_1_36' title="bbox 235 3299 2006 3383; baseline 0.001 -23"><span class='ocrx_word' id='word_1_454' title='bbox 235 3299 351 3361; x_wconf 84' lang='lat' dir='ltr'><strong>tionem</strong></span> <span class='ocrx_word' id='word_1_455' title='bbox 367 3303 617 3381; x_wconf 83' lang='lat' dir='ltr'><strong>corrumpentem</strong></span> <span class='ocrx_word' id='word_1_456' title='bbox 630 3319 639 3377; x_wconf 84' lang='lat'>3</span> <span class='ocrx_word' id='word_1_457' title='bbox 653 3300 780 3364; x_wconf 82' lang='lat' dir='ltr'><strong>elidem</strong></span> <span class='ocrx_word' id='word_1_458' title='bbox 802 3307 871 3362; x_wconf 82' lang='lat' dir='ltr'><strong>cst:</strong></span> <span class='ocrx_word' id='word_1_459' title='bbox 898 3301 969 3366; x_wconf 84' lang='lat' dir='ltr'><strong>tlon</strong></span> <span class='ocrx_word' id='word_1_460' title='bbox 996 3305 1098 3368; x_wconf 81' lang='lat' dir='ltr'><strong>addes</strong></span> <span class='ocrx_word' id='word_1_461' title='bbox 1143 3304 1286 3383; x_wconf 79' lang='lat' dir='ltr'><strong>tegimus.</strong></span> <span class='ocrx_word' id='word_1_462' title='bbox 1303 3305 1499 3368; x_wconf 88' lang='lat' dir='ltr'><strong>Salomonem</strong></span> <span class='ocrx_word' id='word_1_463' title='bbox 1511 3305 1654 3383; x_wconf 80' lang='lat' dir='ltr'><strong>¹jussisse.</strong></span> <span class='ocrx_word' id='word_1_464' title='bbox 1678 3302 1957 3379; x_wconf 83' lang='lat' dir='ltr'><strong>maltamparlcn</strong></span> <span class='ocrx_word' id='word_1_465' title='bbox 1975 3321 2006 3362; x_wconf 86' lang='lat' dir='ltr'><strong>a·</strong></span> 
     </span>
     <span class='ocr_line' id='line_1_37' title="bbox 237 3383 2008 3464; baseline 0.001 -20"><span class='ocrx_word' id='word_1_466' title='bbox 237 3395 283 3444; x_wconf 88' lang='lat' dir='ltr'><strong>oe</strong></span> <span class='ocrx_word' id='word_1_467' title='bbox 301 3384 456 3453; x_wconf 77' lang='lat' dir='ltr'><strong>munuca,</strong></span> <span class='ocrx_word' id='word_1_468' title='bbox 478 3399 515 3445; x_wconf 92' lang='lat' dir='ltr'><strong>ac</strong></span> <span class='ocrx_word' id='word_1_469' title='bbox 539 3388 566 3445; x_wconf 89' lang='lat' dir='ltr'><strong>sl</strong></span> <span class='ocrx_word' id='word_1_470' title='bbox 588 3385 730 3455; x_wconf 79' lang='lat' dir='ltr'><strong>diceret,</strong></span> <span class='ocrx_word' id='word_1_471' title='bbox 755 3383 879 3462; x_wconf 75' lang='lat' dir='ltr'><strong>Integre</strong></span> <span class='ocrx_word' id='word_1_472' title='bbox 904 3392 936 3447; x_wconf 90' lang='lat' dir='ltr'><strong>et</strong></span> <span class='ocrx_word' id='word_1_473' title='bbox 963 3389 1099 3464; x_wconf 88' lang='lat' dir='ltr'><strong>perlecta</strong></span> <span class='ocrx_word' id='word_1_474' title='bbox 1142 3385 1627 3460; x_wconf 82' lang='lat' dir='ltr'><strong>trlisanelidcariadholocausta</strong></span> <span class='ocrx_word' id='word_1_475' title='bbox 1657 3383 1827 3456; x_wconf 85' lang='lat' dir='ltr'><strong>clloreudn,</strong></span> <span class='ocrx_word' id='word_1_476' title='bbox 1857 3385 2008 3462; x_wconf 86' lang='lat' dir='ltr'><strong>quoniam</strong></span> 
     </span>
     <span class='ocr_line' id='line_1_38' title="bbox 239 3465 2041 3550; baseline 0.001 -24"><span class='ocrx_word' id='word_1_477' title='bbox 239 3465 391 3540; x_wconf 79' lang='lat' dir='ltr'><strong>obsecra,</strong></span> <span class='ocrx_word' id='word_1_478' title='bbox 420 3467 501 3545; x_wconf 81' lang='lat' dir='ltr'><strong>quod</strong></span> <span class='ocrx_word' id='word_1_479' title='bbox 528 3481 586 3545; x_wconf 84' lang='lat' dir='ltr'><strong>ego</strong></span> <span class='ocrx_word' id='word_1_480' title='bbox 604 3465 785 3544; x_wconf 50' lang='lat' dir='ltr'><strong>pracnpioc</strong></span> <span class='ocrx_word' id='word_1_481' title='bbox 807 3465 841 3528; x_wconf 87' lang='lat' dir='ltr'><strong>td</strong></span> <span class='ocrx_word' id='word_1_482' title='bbox 857 3472 941 3544; x_wconf 87' lang='lat' dir='ltr'><strong>palat</strong></span> <span class='ocrx_word' id='word_1_483' title='bbox 960 3484 997 3530; x_wconf 87' lang='lat' dir='ltr'><strong>ex</strong></span> <span class='ocrx_word' id='word_1_484' title='bbox 1008 3472 1099 3532; x_wconf 58' lang='lat' dir='ltr'><strong>ration</strong></span> <span class='ocrx_word' id='word_1_485' title='bbox 1142 3469 1236 3532; x_wconf 89' lang='lat' dir='ltr'><strong>altaro</strong></span> <span class='ocrx_word' id='word_1_486' title='bbox 1251 3485 1395 3543; x_wconf 88' lang='lat' dir='ltr'><strong>aeneum,</strong></span> <span class='ocrx_word' id='word_1_487' title='bbox 1412 3471 1443 3532; x_wconf 90' lang='lat' dir='ltr'><strong>in</strong></span> <span class='ocrx_word' id='word_1_488' title='bbox 1460 3467 1638 3550; x_wconf 83' lang='lat' dir='ltr'><strong>quoolierrl</strong></span> <span class='ocrx_word' id='word_1_489' title='bbox 1654 3467 1849 3538; x_wconf 82' lang='lat' dir='ltr'><strong>debuissent,</strong></span> <span class='ocrx_word' id='word_1_490' title='bbox 1864 3481 1923 3526; x_wconf 92' lang='lat' dir='ltr'><strong>oon</strong></span> <span class='ocrx_word' id='word_1_491' title='bbox 1940 3476 2007 3528; x_wconf 88' lang='lat' dir='ltr'><strong>crat</strong></span> <span class='ocrx_word' id='word_1_492' title='bbox 2040 3533 2041 3542; x_wconf 44' lang='lat'><strong>,</strong></span> 
     </span>
     <span class='ocr_line' id='line_1_39' title="bbox 238 3548 2005 3632; baseline -0.001 -22"><span class='ocrx_word' id='word_1_493' title='bbox 238 3562 302 3619; x_wconf 83' lang='lat' dir='ltr'><strong>ne,</strong></span> <span class='ocrx_word' id='word_1_494' title='bbox 331 3563 411 3626; x_wconf 85' lang='lat' dir='ltr'><strong>quae</strong></span> <span class='ocrx_word' id='word_1_495' title='bbox 425 3549 576 3611; x_wconf 88' lang='lat' dir='ltr'><strong>redditur.</strong></span> <span class='ocrx_word' id='word_1_496' title='bbox 602 3548 746 3621; x_wconf 83' lang='lat' dir='ltr'><strong>Prprerb.</strong></span> <span class='ocrx_word' id='word_1_497' title='bbox 761 3548 1098 3632; x_wconf 73' lang='lat' dir='ltr'><strong>smilamneoapuoi</strong></span> <span class='ocrx_word' id='word_1_498' title='bbox 1143 3568 1240 3631; x_wconf 83' lang='lat' dir='ltr'><strong>capax</strong></span> <span class='ocrx_word' id='word_1_499' title='bbox 1255 3558 1356 3616; x_wconf 89' lang='lat' dir='ltr'><strong>tantae</strong></span> <span class='ocrx_word' id='word_1_500' title='bbox 1373 3552 1577 3616; x_wconf 89' lang='lat' dir='ltr'><strong>multitudinis</strong></span> <span class='ocrx_word' id='word_1_501' title='bbox 1606 3550 1809 3618; x_wconf 75' lang='lat' dir='ltr'><strong>victimaroma</strong></span> <span class='ocrx_word' id='word_1_502' title='bbox 1839 3548 1952 3610; x_wconf 90' lang='lat' dir='ltr'><strong>obtulit</strong></span> <span class='ocrx_word' id='word_1_503' title='bbox 1972 3567 2005 3610; x_wconf 90' lang='lat' dir='ltr'><strong>o-</strong></span> 
     </span>
     <span class='ocr_line' id='line_1_40' title="bbox 238 3631 2005 3713; baseline 0.001 -21"><span class='ocrx_word' id='word_1_504' title='bbox 238 3631 533 3698; x_wconf 59' lang='lat' dir='ltr'><strong>imminentioris</strong></span> <span class='ocrx_word' id='word_1_505' title='bbox 556 3634 716 3695; x_wconf 73' lang='lat' dir='ltr'><strong>merdam</strong></span> <span class='ocrx_word' id='word_1_506' title='bbox 737 3633 802 3693; x_wconf 94' lang='lat' dir='ltr'><strong>llou</strong></span> <span class='ocrx_word' id='word_1_507' title='bbox 826 3634 909 3694; x_wconf 89' lang='lat' dir='ltr'><strong>enim</strong></span> <span class='ocrx_word' id='word_1_508' title='bbox 924 3637 1097 3712; x_wconf 87' lang='lat' dir='ltr'><strong>polesldici</strong></span> <span class='ocrx_word' id='word_1_509' title='bbox 1144 3638 1206 3696; x_wconf 83' lang='lat' dir='ltr'><strong>alin</strong></span> <span class='ocrx_word' id='word_1_510' title='bbox 1224 3643 1286 3698; x_wconf 92' lang='lat' dir='ltr'><strong>lum</strong></span> <span class='ocrx_word' id='word_1_511' title='bbox 1313 3636 1468 3700; x_wconf 86' lang='lat' dir='ltr'><strong>Salomon.</strong></span> <span class='ocrx_word' id='word_1_512' title='bbox 1483 3635 1587 3713; x_wconf 83' lang='lat' dir='ltr'><strong>viginti</strong></span> <span class='ocrx_word' id='word_1_513' title='bbox 1610 3635 1672 3697; x_wconf 88' lang='lat' dir='ltr'><strong>duc</strong></span> <span class='ocrx_word' id='word_1_514' title='bbox 1699 3633 1794 3694; x_wconf 89' lang='lat' dir='ltr'><strong>millia</strong></span> <span class='ocrx_word' id='word_1_515' title='bbox 1821 3631 1944 3700; x_wconf 83' lang='lat' dir='ltr'><strong>boum,</strong></span> <span class='ocrx_word' id='word_1_516' title='bbox 1973 3640 2005 3694; x_wconf 90' lang='lat' dir='ltr'><strong>el</strong></span> 
     </span>
     <span class='ocr_line' id='line_1_41' title="bbox 238 3713 2012 3798; baseline 0 -24"><span class='ocrx_word' id='word_1_517' title='bbox 238 3715 418 3776; x_wconf 70' lang='lat' dir='ltr'><strong>manducet</strong></span> <span class='ocrx_word' id='word_1_518' title='bbox 432 3713 585 3782; x_wconf 81' lang='lat' dir='ltr'><strong>laisarius,</strong></span> <span class='ocrx_word' id='word_1_519' title='bbox 602 3715 653 3795; x_wconf 80' lang='lat' dir='ltr'><strong>poi</strong></span> <span class='ocrx_word' id='word_1_520' title='bbox 666 3714 797 3776; x_wconf 89' lang='lat' dir='ltr'><strong>instituit</strong></span> <span class='ocrx_word' id='word_1_521' title='bbox 819 3731 926 3777; x_wconf 85' lang='lat' dir='ltr'><strong>oolam</strong></span> <span class='ocrx_word' id='word_1_522' title='bbox 941 3724 1097 3780; x_wconf 87' lang='lat' dir='ltr'><strong>caeretno·</strong></span> <span class='ocrx_word' id='word_1_523' title='bbox 1142 3726 1267 3780; x_wconf 87' lang='lat' dir='ltr'><strong>centum</strong></span> <span class='ocrx_word' id='word_1_524' title='bbox 1283 3719 1388 3798; x_wconf 84' lang='lat' dir='ltr'><strong>viginti</strong></span> <span class='ocrx_word' id='word_1_525' title='bbox 1408 3719 1501 3782; x_wconf 90' lang='lat' dir='ltr'><strong>millia</strong></span> <span class='ocrx_word' id='word_1_526' title='bbox 1514 3717 1630 3780; x_wconf 90' lang='lat' dir='ltr'><strong>orium.</strong></span> <span class='ocrx_word' id='word_1_527' title='bbox 1647 3717 1743 3794; x_wconf 86' lang='lat' dir='ltr'><strong>lllquc</strong></span> <span class='ocrx_word' id='word_1_528' title='bbox 1759 3717 1837 3776; x_wconf 86' lang='lat' dir='ltr'><strong>hacc</strong></span> <span class='ocrx_word' id='word_1_529' title='bbox 1853 3729 1890 3776; x_wconf 83' lang='lat' dir='ltr'><strong>cx</strong></span> <span class='ocrx_word' id='word_1_530' title='bbox 1911 3713 2012 3775; x_wconf 80' lang='lat' dir='ltr'><strong>Calvi-</strong></span> 
     </span>
     <span class='ocr_line' id='line_1_42' title="bbox 237 3795 2006 3880; baseline 0.001 -24"><span class='ocrx_word' id='word_1_531' title='bbox 237 3795 334 3867; x_wconf 89' lang='lat' dir='ltr'><strong>niam,</strong></span> <span class='ocrx_word' id='word_1_532' title='bbox 352 3799 442 3859; x_wconf 82' lang='lat' dir='ltr'><strong>morlo</strong></span> <span class='ocrx_word' id='word_1_533' title='bbox 456 3797 509 3860; x_wconf 90' lang='lat' dir='ltr'><strong>illa</strong></span> <span class='ocrx_word' id='word_1_534' title='bbox 522 3798 603 3860; x_wconf 84' lang='lat' dir='ltr'><strong>nihil</strong></span> <span class='ocrx_word' id='word_1_535' title='bbox 617 3796 730 3860; x_wconf 83' lang='lat' dir='ltr'><strong>alliciat</strong></span> <span class='ocrx_word' id='word_1_536' title='bbox 740 3799 945 3861; x_wconf 88' lang='lat' dir='ltr'><strong>eaeremoniis</strong></span> <span class='ocrx_word' id='word_1_537' title='bbox 959 3799 1027 3877; x_wconf 81' lang='lat' dir='ltr'><strong>liei;</strong></span> <span class='ocrx_word' id='word_1_538' title='bbox 1042 3801 1096 3863; x_wconf 85' lang='lat' dir='ltr'><strong>sed</strong></span> <span class='ocrx_word' id='word_1_539' title='bbox 1143 3817 1195 3862; x_wconf 91' lang='lat' dir='ltr'><strong>no.</strong></span> <span class='ocrx_word' id='word_1_540' title='bbox 1222 3800 1321 3864; x_wconf 88' lang='lat' dir='ltr'><strong>Simili</strong></span> <span class='ocrx_word' id='word_1_541' title='bbox 1346 3801 1409 3864; x_wconf 86' lang='lat' dir='ltr'><strong>tide</strong></span> <span class='ocrx_word' id='word_1_542' title='bbox 1438 3801 1611 3880; x_wconf 87' lang='lat' dir='ltr'><strong>Scripturas</strong></span> <span class='ocrx_word' id='word_1_543' title='bbox 1638 3805 1746 3862; x_wconf 87' lang='lat' dir='ltr'><strong>tractat</strong></span> <span class='ocrx_word' id='word_1_544' title='bbox 1769 3797 2006 3860; x_wconf 84' lang='lat' dir='ltr'><strong>liclaoolrllrou.</strong></span> 
     </span>
     <span class='ocr_line' id='line_1_43' title="bbox 238 3877 2008 3964; baseline 0 -26"><span class='ocrx_word' id='word_1_545' title='bbox 238 3877 293 3939; x_wconf 88' lang='lat' dir='ltr'><strong>ille</strong></span> <span class='ocrx_word' id='word_1_546' title='bbox 308 3879 422 3942; x_wconf 89' lang='lat' dir='ltr'><strong>dicitur</strong></span> <span class='ocrx_word' id='word_1_547' title='bbox 436 3880 613 3953; x_wconf 82' lang='lat' dir='ltr'><strong>mendax-et</strong></span> <span class='ocrx_word' id='word_1_548' title='bbox 627 3881 780 3952; x_wconf 89' lang='lat' dir='ltr'><strong>iolsarios,</strong></span> <span class='ocrx_word' id='word_1_549' title='bbox 797 3884 849 3960; x_wconf 89' lang='lat' dir='ltr'><strong>qui</strong></span> <span class='ocrx_word' id='word_1_550' title='bbox 862 3886 1030 3961; x_wconf 88' lang='lat' dir='ltr'><strong>corrumpit</strong></span> <span class='ocrx_word' id='word_1_551' title='bbox 1042 3884 1096 3946; x_wconf 86' lang='lat' dir='ltr'><strong>Dei</strong></span> <span class='ocrx_word' id='word_1_552' title='bbox 1144 3883 1216 3946; x_wconf 91' lang='lat' dir='ltr'><strong>llam</strong></span> <span class='ocrx_word' id='word_1_553' title='bbox 1232 3886 1262 3945; x_wconf 93' lang='lat' dir='ltr'><strong>in</strong></span> <span class='ocrx_word' id='word_1_554' title='bbox 1279 3885 1421 3964; x_wconf 74' lang='lat' dir='ltr'><strong>Apologia</strong></span> <span class='ocrx_word' id='word_1_555' title='bbox 1448 3882 1588 3948; x_wconf 85' lang='lat' dir='ltr'><strong>Coniess.</strong></span> <span class='ocrx_word' id='word_1_556' title='bbox 1613 3882 1822 3960; x_wconf 77' lang='lat' dir='ltr'><strong>Augustanos,</strong></span> <span class='ocrx_word' id='word_1_557' title='bbox 1851 3882 1928 3940; x_wconf 87' lang='lat' dir='ltr'><strong>artic</strong></span> <span class='ocrx_word' id='word_1_558' title='bbox 1952 3881 2008 3942; x_wconf 74' lang='grc'><strong>13.</strong></span> 
     </span>
     <span class='ocr_line' id='line_1_44' title="bbox 239 3959 2007 4045; baseline 0.001 -24"><span class='ocrx_word' id='word_1_559' title='bbox 239 3960 346 4035; x_wconf 81' lang='lat' dir='ltr'><strong>rerba,</strong></span> <span class='ocrx_word' id='word_1_560' title='bbox 362 3969 414 4024; x_wconf 92' lang='lat' dir='ltr'><strong>aui</strong></span> <span class='ocrx_word' id='word_1_561' title='bbox 428 3969 602 4041; x_wconf 88' lang='lat' dir='ltr'><strong>praccepta.</strong></span> <span class='ocrx_word' id='word_1_562' title='bbox 617 3963 722 4025; x_wconf 86' lang='lat' dir='ltr'><strong>Potest</strong></span> <span class='ocrx_word' id='word_1_563' title='bbox 745 3969 845 4024; x_wconf 87' lang='lat' dir='ltr'><strong>nutem</strong></span> <span class='ocrx_word' id='word_1_564' title='bbox 860 3965 1097 4030; x_wconf 85' lang='lat' dir='ltr'><strong>duobusmodls</strong></span> <span class='ocrx_word' id='word_1_565' title='bbox 1143 3975 1264 4044; x_wconf 87' lang='lat' dir='ltr'><strong>praeter</strong></span> <span class='ocrx_word' id='word_1_566' title='bbox 1277 3968 1348 4036; x_wconf 82' lang='lat' dir='ltr'><strong>alio,</strong></span> <span class='ocrx_word' id='word_1_567' title='bbox 1366 3967 1480 4045; x_wconf 84' lang='lat' dir='ltr'><strong>pruierl</strong></span> <span class='ocrx_word' id='word_1_568' title='bbox 1505 3968 1581 4028; x_wconf 80' lang='lat' dir='ltr'><strong>llaec</strong></span> <span class='ocrx_word' id='word_1_569' title='bbox 1610 3969 1800 4042; x_wconf 84' lang='lat' dir='ltr'><strong>arrpurnenlo.</strong></span> <span class='ocrx_word' id='word_1_570' title='bbox 1833 3959 1937 4024; x_wconf 84' lang='lat' dir='ltr'><strong>Primo</strong></span> <span class='ocrx_word' id='word_1_571' title='bbox 1967 3963 2007 4024; x_wconf 79' lang='lat' dir='ltr'><strong>ii·</strong></span> 
     </span>
     <span class='ocr_line' id='line_1_45' title="bbox 239 4041 2011 4127; baseline 0.002 -23"><span class='ocrx_word' id='word_1_572' title='bbox 239 4041 307 4105; x_wconf 86' lang='lat' dir='ltr'><strong>fleri</strong></span> <span class='ocrx_word' id='word_1_573' title='bbox 333 4043 392 4106; x_wconf 91' lang='lat' dir='ltr'><strong>ista</strong></span> <span class='ocrx_word' id='word_1_574' title='bbox 417 4047 584 4123; x_wconf 86' lang='lat' dir='ltr'><strong>corruptio.</strong></span> <span class='ocrx_word' id='word_1_575' title='bbox 610 4044 676 4106; x_wconf 88' lang='lat' dir='ltr'><strong>Uno</strong></span> <span class='ocrx_word' id='word_1_576' title='bbox 701 4049 803 4116; x_wconf 89' lang='lat' dir='ltr'><strong>modo,</strong></span> <span class='ocrx_word' id='word_1_577' title='bbox 819 4049 845 4106; x_wconf 84' lang='lat' dir='ltr'><strong>si</strong></span> <span class='ocrx_word' id='word_1_578' title='bbox 861 4046 934 4124; x_wconf 82' lang='lat' dir='ltr'><strong>quis</strong></span> <span class='ocrx_word' id='word_1_579' title='bbox 955 4049 1031 4125; x_wconf 89' lang='lat' dir='ltr'><strong>ipsis</strong></span> <span class='ocrx_word' id='word_1_580' title='bbox 1047 4051 1098 4114; x_wconf 83' lang='lat' dir='ltr'><strong>tici</strong></span> <span class='ocrx_word' id='word_1_581' title='bbox 1142 4049 1228 4110; x_wconf 80' lang='lat' dir='ltr'><strong>rech.</strong></span> <span class='ocrx_word' id='word_1_582' title='bbox 1245 4047 1296 4110; x_wconf 77' lang='lat'><strong>20.</strong></span> <span class='ocrx_word' id='word_1_583' title='bbox 1312 4049 1353 4112; x_wconf 85' lang='lat' dir='ltr'><strong>ln</strong></span> <span class='ocrx_word' id='word_1_584' title='bbox 1363 4049 1544 4127; x_wconf 85' lang='lat' dir='ltr'><strong>praeceptis</strong></span> <span class='ocrx_word' id='word_1_585' title='bbox 1555 4055 1689 4126; x_wconf 76' lang='lat' dir='ltr'><strong>pmrnm</strong></span> <span class='ocrx_word' id='word_1_586' title='bbox 1704 4051 1886 4110; x_wconf 83' lang='lat' dir='ltr'><strong>nestrorum</strong></span> <span class='ocrx_word' id='word_1_587' title='bbox 1904 4044 2011 4108; x_wconf 87' lang='lat' dir='ltr'><strong>nolite</strong></span> 
     </span>
     <span class='ocr_line' id='line_1_46' title="bbox 239 4126 2008 4210; baseline 0.002 -24"><span class='ocrx_word' id='word_1_588' title='bbox 239 4126 355 4193; x_wconf 79' lang='lat' dir='ltr'><strong>neruis,</strong></span> <span class='ocrx_word' id='word_1_589' title='bbox 383 4135 435 4193; x_wconf 85' lang='lat' dir='ltr'><strong>aut</strong></span> <span class='ocrx_word' id='word_1_590' title='bbox 451 4128 625 4205; x_wconf 85' lang='lat' dir='ltr'><strong>praeceptis</strong></span> <span class='ocrx_word' id='word_1_591' title='bbox 648 4129 766 4204; x_wconf 84' lang='lat' dir='ltr'><strong>aliquid</strong></span> <span class='ocrx_word' id='word_1_592' title='bbox 781 4129 882 4202; x_wconf 89' lang='lat' dir='ltr'><strong>addat,</strong></span> <span class='ocrx_word' id='word_1_593' title='bbox 909 4130 956 4190; x_wconf 87' lang='lat' dir='ltr'><strong>vet</strong></span> <span class='ocrx_word' id='word_1_594' title='bbox 972 4133 1098 4205; x_wconf 86' lang='lat' dir='ltr'><strong>uriuual,</strong></span> <span class='ocrx_word' id='word_1_595' title='bbox 1140 4131 1305 4196; x_wconf 86' lang='lat' dir='ltr'><strong>incedere:</strong></span> <span class='ocrx_word' id='word_1_596' title='bbox 1320 4131 1490 4210; x_wconf 72' lang='lat' dir='ltr'><strong>Ennomon</strong></span> <span class='ocrx_word' id='word_1_597' title='bbox 1504 4133 1577 4194; x_wconf 88' lang='lat' dir='ltr'><strong>licei</strong></span> <span class='ocrx_word' id='word_1_598' title='bbox 1585 4131 1758 4192; x_wconf 82' lang='lat' dir='ltr'><strong>instituere</strong></span> <span class='ocrx_word' id='word_1_599' title='bbox 1773 4143 1872 4192; x_wconf 83' lang='lat' dir='ltr'><strong>amoos</strong></span> <span class='ocrx_word' id='word_1_600' title='bbox 1895 4129 2008 4196; x_wconf 78' lang='lat' dir='ltr'><strong>malins</strong></span> 
     </span>
     <span class='ocr_line' id='line_1_47' title="bbox 239 4209 2011 4293; baseline 0 -24"><span class='ocrx_word' id='word_1_601' title='bbox 239 4225 302 4283; x_wconf 80' lang='lat' dir='ltr'><strong>niro</strong></span> <span class='ocrx_word' id='word_1_602' title='bbox 317 4210 369 4271; x_wconf 91' lang='lat' dir='ltr'><strong>illa</strong></span> <span class='ocrx_word' id='word_1_603' title='bbox 385 4217 665 4288; x_wconf 78' lang='lat' dir='ltr'><strong>corrumpantur3ul</strong></span> <span class='ocrx_word' id='word_1_604' title='bbox 679 4214 704 4271; x_wconf 90' lang='lat' dir='ltr'><strong>si</strong></span> <span class='ocrx_word' id='word_1_605' title='bbox 717 4211 831 4288; x_wconf 87' lang='lat' dir='ltr'><strong>quisin</strong></span> <span class='ocrx_word' id='word_1_606' title='bbox 843 4212 1002 4276; x_wconf 87' lang='lat' dir='ltr'><strong>sacriticiis</strong></span> <span class='ocrx_word' id='word_1_607' title='bbox 1014 4217 1099 4277; x_wconf 70' lang='lat' dir='ltr'><strong>ctat·</strong></span> <span class='ocrx_word' id='word_1_608' title='bbox 1143 4215 1216 4276; x_wconf 84' lang='lat' dir='ltr'><strong>sine</strong></span> <span class='ocrx_word' id='word_1_609' title='bbox 1231 4215 1287 4278; x_wconf 84' lang='lat' dir='ltr'><strong>Dei</strong></span> <span class='ocrx_word' id='word_1_610' title='bbox 1299 4215 1469 4280; x_wconf 85' lang='lat' dir='ltr'><strong>mendam.</strong></span> <span class='ocrx_word' id='word_1_611' title='bbox 1486 4215 1668 4293; x_wconf 74' lang='lat' dir='ltr'><strong>Alloquitur</strong></span> <span class='ocrx_word' id='word_1_612' title='bbox 1684 4211 1824 4275; x_wconf 82' lang='lat' dir='ltr'><strong>[ircclrlel</strong></span> <span class='ocrx_word' id='word_1_613' title='bbox 1841 4213 1880 4272; x_wconf 86' lang='lat' dir='ltr'><strong>do</strong></span> <span class='ocrx_word' id='word_1_614' title='bbox 1910 4209 2011 4288; x_wconf 84' lang='lat' dir='ltr'><strong>palri-</strong></span> 
     </span>
     <span class='ocr_line' id='line_1_48' title="bbox 240 4289 2008 4376; baseline 0 -24"><span class='ocrx_word' id='word_1_615' title='bbox 240 4294 279 4352; x_wconf 90' lang='lat' dir='ltr'><strong>sli</strong></span> <span class='ocrx_word' id='word_1_616' title='bbox 294 4289 420 4352; x_wconf 77' lang='lat' dir='ltr'><strong>offerret</strong></span> <span class='ocrx_word' id='word_1_617' title='bbox 435 4309 545 4369; x_wconf 88' lang='lat' dir='ltr'><strong>panem</strong></span> <span class='ocrx_word' id='word_1_618' title='bbox 560 4295 628 4354; x_wconf 91' lang='lat' dir='ltr'><strong>sine</strong></span> <span class='ocrx_word' id='word_1_619' title='bbox 643 4294 725 4362; x_wconf 81' lang='lat' dir='ltr'><strong>rino,</strong></span> <span class='ocrx_word' id='word_1_620' title='bbox 741 4300 793 4352; x_wconf 87' lang='lat' dir='ltr'><strong>aut</strong></span> <span class='ocrx_word' id='word_1_621' title='bbox 807 4310 927 4369; x_wconf 89' lang='lat' dir='ltr'><strong>panem,</strong></span> <span class='ocrx_word' id='word_1_622' title='bbox 938 4303 969 4356; x_wconf 92' lang='lat' dir='ltr'><strong>et</strong></span> <span class='ocrx_word' id='word_1_623' title='bbox 983 4298 1098 4368; x_wconf 70' lang='lat' dir='ltr'><strong>vinnan,</strong></span> <span class='ocrx_word' id='word_1_624' title='bbox 1145 4297 1204 4358; x_wconf 86' lang='lat' dir='ltr'><strong>bus</strong></span> <span class='ocrx_word' id='word_1_625' title='bbox 1220 4297 1399 4359; x_wconf 85' lang='lat' dir='ltr'><strong>idololatris:</strong></span> <span class='ocrx_word' id='word_1_626' title='bbox 1417 4313 1486 4358; x_wconf 87' lang='lat' dir='ltr'><strong>nam</strong></span> <span class='ocrx_word' id='word_1_627' title='bbox 1503 4296 1615 4376; x_wconf 88' lang='lat' dir='ltr'><strong>alloqui</strong></span> <span class='ocrx_word' id='word_1_628' title='bbox 1632 4297 1786 4372; x_wconf 87' lang='lat' dir='ltr'><strong>Scriptura</strong></span> <span class='ocrx_word' id='word_1_629' title='bbox 1816 4293 1900 4362; x_wconf 81' lang='lat' dir='ltr'><strong>dicii.</strong></span> <span class='ocrx_word' id='word_1_630' title='bbox 1932 4293 2008 4354; x_wconf 89' lang='lat' dir='ltr'><strong>Pro·</strong></span> 
     </span>
     <span class='ocr_line' id='line_1_49' title="bbox 241 4374 2009 4458; baseline 0.001 -23"><span class='ocrx_word' id='word_1_631' title='bbox 241 4381 273 4435; x_wconf 86' lang='lat' dir='ltr'><strong>el</strong></span> <span class='ocrx_word' id='word_1_632' title='bbox 289 4376 362 4435; x_wconf 80' lang='lat' dir='ltr'><strong>uret.</strong></span> <span class='ocrx_word' id='word_1_633' title='bbox 378 4375 446 4435; x_wconf 79' lang='lat' dir='ltr'><strong>Alio</strong></span> <span class='ocrx_word' id='word_1_634' title='bbox 460 4377 564 4447; x_wconf 89' lang='lat' dir='ltr'><strong>modo,</strong></span> <span class='ocrx_word' id='word_1_635' title='bbox 581 4378 607 4436; x_wconf 89' lang='lat' dir='ltr'><strong>si</strong></span> <span class='ocrx_word' id='word_1_636' title='bbox 620 4375 691 4452; x_wconf 84' lang='lat' dir='ltr'><strong>quis</strong></span> <span class='ocrx_word' id='word_1_637' title='bbox 711 4374 881 4438; x_wconf 77' lang='lat' dir='ltr'><strong>venditaret</strong></span> <span class='ocrx_word' id='word_1_638' title='bbox 893 4394 949 4455; x_wconf 91' lang='lat' dir='ltr'><strong>pro</strong></span> <span class='ocrx_word' id='word_1_639' title='bbox 966 4378 1019 4440; x_wconf 82' lang='lat' dir='ltr'><strong>liei</strong></span> <span class='ocrx_word' id='word_1_640' title='bbox 1037 4397 1101 4442; x_wconf 86' lang='lat' dir='ltr'><strong>aer·</strong></span> <span class='ocrx_word' id='word_1_641' title='bbox 1147 4379 1232 4442; x_wconf 81' lang='lat' dir='ltr'><strong>acro.</strong></span> <span class='ocrx_word' id='word_1_642' title='bbox 1244 4380 1297 4442; x_wconf 66' lang='lat'><strong>223</strong></span> <span class='ocrx_word' id='word_1_643' title='bbox 1315 4378 1625 4458; x_wconf 80' lang='lat' dir='ltr'><strong>Nclranspaedicra&#39;s</strong></span> <span class='ocrx_word' id='word_1_644' title='bbox 1636 4378 1803 4451; x_wconf 73' lang='lat' dir='ltr'><strong>acarnanas,</strong></span> <span class='ocrx_word' id='word_1_645' title='bbox 1819 4391 2009 4456; x_wconf 70' lang='lat' dir='ltr'><strong>puosposac</strong></span> 
     </span>
     <span class='ocr_line' id='line_1_50' title="bbox 240 4455 2012 4541; baseline 0 -23"><span class='ocrx_word' id='word_1_646' title='bbox 240 4455 282 4518; x_wconf 87' lang='lat' dir='ltr'><strong>bo</strong></span> <span class='ocrx_word' id='word_1_647' title='bbox 299 4455 410 4518; x_wconf 82' lang='lat' dir='ltr'><strong>tibrum</strong></span> <span class='ocrx_word' id='word_1_648' title='bbox 427 4460 696 4530; x_wconf 86' lang='lat' dir='ltr'><strong>concanonicum,</strong></span> <span class='ocrx_word' id='word_1_649' title='bbox 712 4463 763 4518; x_wconf 91' lang='lat' dir='ltr'><strong>aut</strong></span> <span class='ocrx_word' id='word_1_650' title='bbox 778 4474 832 4534; x_wconf 94' lang='lat' dir='ltr'><strong>pro</strong></span> <span class='ocrx_word' id='word_1_651' title='bbox 843 4469 1037 4524; x_wconf 86' lang='lat' dir='ltr'><strong>sacramenta</strong></span> <span class='ocrx_word' id='word_1_652' title='bbox 1048 4463 1103 4524; x_wconf 90' lang='lat' dir='ltr'><strong>ali·</strong></span> <span class='ocrx_word' id='word_1_653' title='bbox 1148 4469 1360 4541; x_wconf 85' lang='lat' dir='ltr'><strong>ernntpelrea</strong></span> <span class='ocrx_word' id='word_1_654' title='bbox 1375 4468 1434 4524; x_wconf 86' lang='lat' dir='ltr'><strong>tui.</strong></span> <span class='ocrx_word' id='word_1_655' title='bbox 1449 4463 1523 4525; x_wconf 88' lang='lat' dir='ltr'><strong>llam</strong></span> <span class='ocrx_word' id='word_1_656' title='bbox 1540 4463 1924 4538; x_wconf 85' lang='lat' dir='ltr'><strong>Secuardonrgumculator</strong></span> <span class='ocrx_word' id='word_1_657' title='bbox 1939 4457 2012 4520; x_wconf 74' lang='lat' dir='ltr'><strong>l’lri·</strong></span> 
     </span>
     <span class='ocr_line' id='line_1_51' title="bbox 243 4541 2011 4624; baseline 0.002 -24"><span class='ocrx_word' id='word_1_658' title='bbox 243 4553 335 4618; x_wconf 89' lang='lat' dir='ltr'><strong>quam</strong></span> <span class='ocrx_word' id='word_1_659' title='bbox 349 4541 573 4603; x_wconf 83' lang='lat' dir='ltr'><strong>caeremoniam</strong></span> <span class='ocrx_word' id='word_1_660' title='bbox 598 4558 617 4602; x_wconf 92' lang='lat' dir='ltr'><strong>a</strong></span> <span class='ocrx_word' id='word_1_661' title='bbox 633 4555 667 4603; x_wconf 91' lang='lat' dir='ltr'><strong>sc</strong></span> <span class='ocrx_word' id='word_1_662' title='bbox 692 4542 860 4618; x_wconf 81' lang='lat' dir='ltr'><strong>inaeniam3</strong></span> <span class='ocrx_word' id='word_1_663' title='bbox 882 4551 932 4603; x_wconf 92' lang='lat' dir='ltr'><strong>ant</strong></span> <span class='ocrx_word' id='word_1_664' title='bbox 947 4551 1052 4606; x_wconf 90' lang='lat' dir='ltr'><strong>contra</strong></span> <span class='ocrx_word' id='word_1_665' title='bbox 1068 4547 1102 4607; x_wconf 93' lang='lat' dir='ltr'><strong>li·</strong></span> <span class='ocrx_word' id='word_1_666' title='bbox 1149 4544 1265 4624; x_wconf 93' lang='lat' dir='ltr'><strong>lippus:</strong></span> <span class='ocrx_word' id='word_1_667' title='bbox 1281 4546 1400 4609; x_wconf 82' lang='lat' dir='ltr'><strong>silicet</strong></span> <span class='ocrx_word' id='word_1_668' title='bbox 1413 4543 1779 4608; x_wconf 84' lang='lat' dir='ltr'><strong>laominibnsinslilncrc</strong></span> <span class='ocrx_word' id='word_1_669' title='bbox 1793 4542 1911 4616; x_wconf 71' lang='lat' dir='ltr'><strong>culicem</strong></span> <span class='ocrx_word' id='word_1_670' title='bbox 1932 4541 2011 4618; x_wconf 74' lang='lat' dir='ltr'><strong>ianr</strong></span> 
     </span>
     <span class='ocr_line' id='line_1_52' title="bbox 241 4621 2011 4707; baseline 0.002 -24"><span class='ocrx_word' id='word_1_671' title='bbox 241 4621 331 4686; x_wconf 83' lang='lat' dir='ltr'><strong>baum</strong></span> <span class='ocrx_word' id='word_1_672' title='bbox 358 4638 430 4684; x_wconf 84' lang='lat' dir='ltr'><strong>aere</strong></span> <span class='ocrx_word' id='word_1_673' title='bbox 455 4624 651 4689; x_wconf 81' lang='lat' dir='ltr'><strong>canonicum.</strong></span> <span class='ocrx_word' id='word_1_674' title='bbox 677 4628 730 4685; x_wconf 91' lang='lat' dir='ltr'><strong>aut</strong></span> <span class='ocrx_word' id='word_1_675' title='bbox 751 4639 856 4685; x_wconf 89' lang='lat' dir='ltr'><strong>aerum</strong></span> <span class='ocrx_word' id='word_1_676' title='bbox 879 4635 1102 4691; x_wconf 87' lang='lat' dir='ltr'><strong>sacramentum</strong></span> <span class='ocrx_word' id='word_1_677' title='bbox 1149 4631 1298 4692; x_wconf 86' lang='lat' dir='ltr'><strong>omnium</strong></span> <span class='ocrx_word' id='word_1_678' title='bbox 1318 4630 1464 4707; x_wconf 78' lang='lat' dir='ltr'><strong>portium</strong></span> <span class='ocrx_word' id='word_1_679' title='bbox 1486 4629 1590 4692; x_wconf 82' lang='lat' dir='ltr'><strong>cailan</strong></span> <span class='ocrx_word' id='word_1_680' title='bbox 1616 4631 1712 4690; x_wconf 85' lang='lat' dir='ltr'><strong>erunt</strong></span> <span class='ocrx_word' id='word_1_681' title='bbox 1732 4625 1954 4704; x_wconf 77' lang='lat' dir='ltr'><strong>approbandi,</strong></span> <span class='ocrx_word' id='word_1_682' title='bbox 1980 4630 2011 4686; x_wconf 87' lang='lat' dir='ltr'><strong>ei</strong></span> 
     </span>
     <span class='ocr_line' id='line_1_53' title="bbox 241 4704 2009 4791; baseline 0.009 -28"><span class='ocrx_word' id='word_1_683' title='bbox 241 4704 421 4766; x_wconf 83' lang='lat' dir='ltr'><strong>detraheret</strong></span> <span class='ocrx_word' id='word_1_684' title='bbox 434 4705 473 4766; x_wconf 92' lang='lat' dir='ltr'><strong>do</strong></span> <span class='ocrx_word' id='word_1_685' title='bbox 488 4723 617 4770; x_wconf 84' lang='lat' dir='ltr'><strong>nurnero</strong></span> <span class='ocrx_word' id='word_1_686' title='bbox 643 4707 789 4768; x_wconf 87' lang='lat' dir='ltr'><strong>librorum</strong></span> <span class='ocrx_word' id='word_1_687' title='bbox 805 4723 973 4782; x_wconf 87' lang='lat' dir='ltr'><strong>sacrorum,</strong></span> <span class='ocrx_word' id='word_1_688' title='bbox 989 4716 1041 4773; x_wconf 89' lang='lat' dir='ltr'><strong>aul</strong></span> <span class='ocrx_word' id='word_1_689' title='bbox 1056 4729 1102 4772; x_wconf 89' lang='lat' dir='ltr'><strong>sa·</strong></span> <span class='ocrx_word' id='word_1_690' title='bbox 1148 4711 1199 4774; x_wconf 83' lang='lat' dir='ltr'><strong>itta·</strong></span> <span class='ocrx_word' id='word_1_691' title='bbox 1213 4713 1312 4776; x_wconf 86' lang='lat' dir='ltr'><strong>elium</strong></span> <span class='ocrx_word' id='word_1_692' title='bbox 1322 4711 1552 4791; x_wconf 81' lang='lat' dir='ltr'><strong>quesitasliinii</strong></span> <span class='ocrx_word' id='word_1_693' title='bbox 1564 4707 1748 4773; x_wconf 81' lang='lat' dir='ltr'><strong>Jeruboom.</strong></span> <span class='ocrx_word' id='word_1_694' title='bbox 1764 4707 1893 4788; x_wconf 84' lang='lat' dir='ltr'><strong>ligrcgie</strong></span> <span class='ocrx_word' id='word_1_695' title='bbox 1907 4723 2009 4779; x_wconf 58' lang='lat' dir='ltr'><strong>sane,</strong></span> 
     </span>
     <span class='ocr_line' id='line_1_54' title="bbox 243 4788 2010 4872; baseline 0.002 -24"><span class='ocrx_word' id='word_1_696' title='bbox 243 4794 483 4865; x_wconf 66' lang='lat' dir='ltr'><strong>erameniorum</strong></span> <span class='ocrx_word' id='word_1_697' title='bbox 509 4793 590 4868; x_wconf 81' lang='lat' dir='ltr'><strong>quod</strong></span> <span class='ocrx_word' id='word_1_698' title='bbox 618 4796 776 4867; x_wconf 83' lang='lat' dir='ltr'><strong>peccatum</strong></span> <span class='ocrx_word' id='word_1_699' title='bbox 797 4788 948 4853; x_wconf 86' lang='lat' dir='ltr'><strong>Haeretici</strong></span> <span class='ocrx_word' id='word_1_700' title='bbox 964 4797 1102 4854; x_wconf 89' lang='lat' dir='ltr'><strong>commit·</strong></span> <span class='ocrx_word' id='word_1_701' title='bbox 1148 4794 1236 4872; x_wconf 84' lang='lat' dir='ltr'><strong>quasi</strong></span> <span class='ocrx_word' id='word_1_702' title='bbox 1252 4811 1323 4857; x_wconf 88' lang='lat' dir='ltr'><strong>aero</strong></span> <span class='ocrx_word' id='word_1_703' title='bbox 1339 4795 1428 4858; x_wconf 70' lang='lat' dir='ltr'><strong>incra</strong></span> <span class='ocrx_word' id='word_1_704' title='bbox 1443 4795 1577 4856; x_wconf 88' lang='lat' dir='ltr'><strong>condere</strong></span> <span class='ocrx_word' id='word_1_705' title='bbox 1593 4793 1693 4872; x_wconf 88' lang='lat' dir='ltr'><strong>legem</strong></span> <span class='ocrx_word' id='word_1_706' title='bbox 1708 4789 1866 4870; x_wconf 84' lang='lat' dir='ltr'><strong>injustam,</strong></span> <span class='ocrx_word' id='word_1_707' title='bbox 1882 4789 1908 4852; x_wconf 89' lang='lat' dir='ltr'><strong>si</strong></span> <span class='ocrx_word' id='word_1_708' title='bbox 1933 4790 2010 4852; x_wconf 88' lang='lat' dir='ltr'><strong>licet</strong></span> 
     </span>
     <span class='ocr_line' id='line_1_55' title="bbox 245 4871 2010 4955; baseline 0.004 -28"><span class='ocrx_word' id='word_1_709' title='bbox 245 4874 323 4938; x_wconf 87' lang='lat' dir='ltr'><strong>tunt,</strong></span> <span class='ocrx_word' id='word_1_710' title='bbox 340 4886 411 4930; x_wconf 89' lang='lat' dir='ltr'><strong>curn</strong></span> <span class='ocrx_word' id='word_1_711' title='bbox 426 4871 539 4934; x_wconf 72' lang='lat' dir='ltr'><strong>mainis</strong></span> <span class='ocrx_word' id='word_1_712' title='bbox 562 4888 671 4934; x_wconf 81' lang='lat' dir='ltr'><strong>sacros</strong></span> <span class='ocrx_word' id='word_1_713' title='bbox 683 4873 781 4934; x_wconf 88' lang='lat' dir='ltr'><strong>libros</strong></span> <span class='ocrx_word' id='word_1_714' title='bbox 797 4879 912 4951; x_wconf 89' lang='lat' dir='ltr'><strong>negant</strong></span> <span class='ocrx_word' id='word_1_715' title='bbox 924 4889 996 4937; x_wconf 88' lang='lat' dir='ltr'><strong>esse</strong></span> <span class='ocrx_word' id='word_1_716' title='bbox 1011 4893 1102 4952; x_wconf 78' lang='lat' dir='ltr'><strong>cano·</strong></span> <span class='ocrx_word' id='word_1_717' title='bbox 1148 4879 1283 4940; x_wconf 90' lang='lat' dir='ltr'><strong>condere</strong></span> <span class='ocrx_word' id='word_1_718' title='bbox 1299 4879 1398 4955; x_wconf 83' lang='lat' dir='ltr'><strong>legem</strong></span> <span class='ocrx_word' id='word_1_719' title='bbox 1412 4892 1532 4938; x_wconf 84' lang='lat' dir='ltr'><strong>noram.</strong></span> <span class='ocrx_word' id='word_1_720' title='bbox 1549 4873 1650 4936; x_wconf 82' lang='lat' dir='ltr'><strong>Tertio</strong></span> <span class='ocrx_word' id='word_1_721' title='bbox 1663 4875 1760 4942; x_wconf 81' lang='lat' dir='ltr'><strong>adoll.</strong></span> <span class='ocrx_word' id='word_1_722' title='bbox 1776 4872 1854 4936; x_wconf 85' lang='lat' dir='ltr'><strong>Dan.</strong></span> <span class='ocrx_word' id='word_1_723' title='bbox 1870 4887 1940 4948; x_wconf 85' lang='lat' dir='ltr'><strong>cap.</strong></span> <span class='ocrx_word' id='word_1_724' title='bbox 1956 4872 2010 4934; x_wconf 87' lang='lat' dir='ltr'><strong>tt.</strong></span> 
     </span>
     <span class='ocr_line' id='line_1_56' title="bbox 244 4951 2012 5038; baseline 0.004 -27"><span class='ocrx_word' id='word_1_725' title='bbox 244 4951 344 5023; x_wconf 88' lang='lat' dir='ltr'><strong>nicos,</strong></span> <span class='ocrx_word' id='word_1_726' title='bbox 370 4959 402 5013; x_wconf 91' lang='lat' dir='ltr'><strong>et</strong></span> <span class='ocrx_word' id='word_1_727' title='bbox 415 4955 552 5033; x_wconf 79' lang='lat' dir='ltr'><strong>quinque</strong></span> <span class='ocrx_word' id='word_1_728' title='bbox 576 4961 768 5018; x_wconf 87' lang='lat' dir='ltr'><strong>sacramenta</strong></span> <span class='ocrx_word' id='word_1_729' title='bbox 784 4955 893 5018; x_wconf 89' lang='lat' dir='ltr'><strong>tollunt</strong></span> <span class='ocrx_word' id='word_1_730' title='bbox 916 4956 956 5018; x_wconf 92' lang='lat' dir='ltr'><strong>dc</strong></span> <span class='ocrx_word' id='word_1_731' title='bbox 971 4973 1101 5023; x_wconf 88' lang='lat' dir='ltr'><strong>numero</strong></span> <span class='ocrx_word' id='word_1_732' title='bbox 1148 4958 1316 5038; x_wconf 78' lang='lat' dir='ltr'><strong>Sipnifiem</strong></span> <span class='ocrx_word' id='word_1_733' title='bbox 1329 4973 1431 5024; x_wconf 86' lang='lat' dir='ltr'><strong>nouos</strong></span> <span class='ocrx_word' id='word_1_734' title='bbox 1444 4960 1549 5022; x_wconf 78' lang='lat' dir='ltr'><strong>malins</strong></span> <span class='ocrx_word' id='word_1_735' title='bbox 1562 4956 1723 5020; x_wconf 81' lang='lat' dir='ltr'><strong>lncmonos</strong></span> <span class='ocrx_word' id='word_1_736' title='bbox 1733 4959 1842 5034; x_wconf 84' lang='lat' dir='ltr'><strong>ipaoan</strong></span> <span class='ocrx_word' id='word_1_737' title='bbox 1868 4955 2012 5032; x_wconf 74' lang='lat' dir='ltr'><strong>formem</strong></span> 
     </span>
     <span class='ocr_line' id='line_1_57' title="bbox 245 5037 2013 5120; baseline 0.003 -26"><span class='ocrx_word' id='word_1_738' title='bbox 245 5040 519 5098; x_wconf 87' lang='lat' dir='ltr'><strong>sacramentorum.</strong></span> <span class='ocrx_word' id='word_1_739' title='bbox 534 5037 619 5100; x_wconf 89' lang='lat' dir='ltr'><strong>ldcm</strong></span> <span class='ocrx_word' id='word_1_740' title='bbox 635 5038 774 5102; x_wconf 89' lang='lat' dir='ltr'><strong>ridemus</strong></span> <span class='ocrx_word' id='word_1_741' title='bbox 789 5037 820 5098; x_wconf 92' lang='lat' dir='ltr'><strong>iu</strong></span> <span class='ocrx_word' id='word_1_742' title='bbox 833 5047 1022 5102; x_wconf 88' lang='lat' dir='ltr'><strong>moncmrum</strong></span> <span class='ocrx_word' id='word_1_743' title='bbox 1036 5059 1101 5104; x_wconf 88' lang='lat' dir='ltr'><strong>cor·</strong></span> <span class='ocrx_word' id='word_1_744' title='bbox 1146 5040 1423 5118; x_wconf 73' lang='lat' dir='ltr'><strong>Antichristilore.</strong></span> <span class='ocrx_word' id='word_1_745' title='bbox 1441 5040 1592 5106; x_wconf 84' lang='lat' dir='ltr'><strong>stcannn</strong></span> <span class='ocrx_word' id='word_1_746' title='bbox 1606 5041 1725 5120; x_wconf 84' lang='lat' dir='ltr'><strong>inpnil,</strong></span> <span class='ocrx_word' id='word_1_747' title='bbox 1748 5037 1851 5102; x_wconf 82' lang='lat' dir='ltr'><strong>ileum</strong></span> <span class='ocrx_word' id='word_1_748' title='bbox 1871 5037 2013 5104; x_wconf 86' lang='lat' dir='ltr'><strong>dlocsim</strong></span> 
     </span>
     <span class='ocr_line' id='line_1_58' title="bbox 227 5117 2008 5204; baseline 0.002 -26"><span class='ocrx_word' id='word_1_749' title='bbox 227 5117 401 5196; x_wconf 84' lang='lat' dir='ltr'><strong>ruptione:</strong></span> <span class='ocrx_word' id='word_1_750' title='bbox 418 5118 464 5180; x_wconf 93' lang='lat' dir='ltr'><strong>itti</strong></span> <span class='ocrx_word' id='word_1_751' title='bbox 479 5120 563 5182; x_wconf 87' lang='lat' dir='ltr'><strong>enim</strong></span> <span class='ocrx_word' id='word_1_752' title='bbox 577 5122 721 5184; x_wconf 89' lang='lat' dir='ltr'><strong>dicontur</strong></span> <span class='ocrx_word' id='word_1_753' title='bbox 737 5120 862 5191; x_wconf 89' lang='lat' dir='ltr'><strong>laisarii,</strong></span> <span class='ocrx_word' id='word_1_754' title='bbox 879 5123 931 5200; x_wconf 82' lang='lat' dir='ltr'><strong>qui</strong></span> <span class='ocrx_word' id='word_1_755' title='bbox 957 5123 1004 5184; x_wconf 86' lang='lat' dir='ltr'><strong>aei</strong></span> <span class='ocrx_word' id='word_1_756' title='bbox 1019 5126 1103 5202; x_wconf 89' lang='lat' dir='ltr'><strong>ipsas</strong></span> <span class='ocrx_word' id='word_1_757' title='bbox 1144 5130 1182 5187; x_wconf 90' lang='lat' dir='ltr'><strong>in</strong></span> <span class='ocrx_word' id='word_1_758' title='bbox 1196 5127 1333 5188; x_wconf 89' lang='lat' dir='ltr'><strong>iocosno</strong></span> <span class='ocrx_word' id='word_1_759' title='bbox 1350 5123 1609 5196; x_wconf 65' lang='lat' dir='ltr'><strong>commemorem,</strong></span> <span class='ocrx_word' id='word_1_760' title='bbox 1626 5137 1724 5204; x_wconf 84' lang='lat' dir='ltr'><strong>quem</strong></span> <span class='ocrx_word' id='word_1_761' title='bbox 1743 5139 1813 5186; x_wconf 79' lang='lat' dir='ltr'><strong>aion</strong></span> <span class='ocrx_word' id='word_1_762' title='bbox 1838 5128 2008 5184; x_wconf 82' lang='lat' dir='ltr'><strong>nocerent</strong></span> 
     </span>
     <span class='ocr_line' id='line_1_59' title="bbox 246 5203 2011 5286; baseline 0.003 -27"><span class='ocrx_word' id='word_1_763' title='bbox 246 5205 387 5262; x_wconf 90' lang='lat' dir='ltr'><strong>monetas</strong></span> <span class='ocrx_word' id='word_1_764' title='bbox 412 5212 622 5281; x_wconf 85' lang='lat' dir='ltr'><strong>cornrmpout,</strong></span> <span class='ocrx_word' id='word_1_765' title='bbox 638 5203 780 5266; x_wconf 87' lang='lat' dir='ltr'><strong>addendo</strong></span> <span class='ocrx_word' id='word_1_766' title='bbox 804 5209 950 5265; x_wconf 88' lang='lat' dir='ltr'><strong>stannum</strong></span> <span class='ocrx_word' id='word_1_767' title='bbox 963 5216 1101 5286; x_wconf 86' lang='lat' dir='ltr'><strong>argento,</strong></span> <span class='ocrx_word' id='word_1_768' title='bbox 1146 5209 1392 5272; x_wconf 79' lang='lat' dir='ltr'><strong>Polrcsecrum.</strong></span> <span class='ocrx_word' id='word_1_769' title='bbox 1411 5207 1446 5268; x_wconf 79' lang='lat' dir='ltr'><strong>El</strong></span> <span class='ocrx_word' id='word_1_770' title='bbox 1461 5208 1520 5270; x_wconf 79' lang='lat' dir='ltr'><strong>lice</strong></span> <span class='ocrx_word' id='word_1_771' title='bbox 1544 5207 1736 5286; x_wconf 87' lang='lat' dir='ltr'><strong>praeclarum</strong></span> <span class='ocrx_word' id='word_1_772' title='bbox 1765 5211 1812 5268; x_wconf 88' lang='lat' dir='ltr'><strong>esi</strong></span> <span class='ocrx_word' id='word_1_773' title='bbox 1840 5219 2011 5284; x_wconf 88' lang='lat' dir='ltr'><strong>argomen-</strong></span> 
     </span>
    </p>
   </div>
   <div class='ocr_carea' id='block_1_3' title="bbox 244 5281 2011 5616">
    <p class='ocr_par' dir='ltr' id='par_1_4' title="bbox 244 5281 2011 5522">
     <span class='ocr_line' id='line_1_60' title="bbox 244 5281 2011 5369; baseline 0.003 -27"><span class='ocrx_word' id='word_1_774' title='bbox 244 5290 299 5343; x_wconf 91' lang='lat' dir='ltr'><strong>aot</strong></span> <span class='ocrx_word' id='word_1_775' title='bbox 314 5281 480 5345; x_wconf 86' lang='lat' dir='ltr'><strong>minuendo</strong></span> <span class='ocrx_word' id='word_1_776' title='bbox 493 5287 596 5362; x_wconf 89' lang='lat' dir='ltr'><strong>ipsum</strong></span> <span class='ocrx_word' id='word_1_777' title='bbox 611 5293 781 5366; x_wconf 80' lang='lat' dir='ltr'><strong>argentum3</strong></span> <span class='ocrx_word' id='word_1_778' title='bbox 804 5286 917 5364; x_wconf 80' lang='lat' dir='ltr'><strong>veloci</strong></span> <span class='ocrx_word' id='word_1_779' title='bbox 932 5295 1102 5352; x_wconf 65' lang='lat' dir='ltr'><strong>mosoma</strong></span> <span class='ocrx_word' id='word_1_780' title='bbox 1148 5297 1224 5364; x_wconf 88' lang='lat' dir='ltr'><strong>tum,</strong></span> <span class='ocrx_word' id='word_1_781' title='bbox 1254 5292 1341 5369; x_wconf 83' lang='lat' dir='ltr'><strong>quusi</strong></span> <span class='ocrx_word' id='word_1_782' title='bbox 1363 5289 1446 5352; x_wconf 87' lang='lat' dir='ltr'><strong>idern</strong></span> <span class='ocrx_word' id='word_1_783' title='bbox 1467 5290 1508 5352; x_wconf 88' lang='lat' dir='ltr'><strong>sil</strong></span> <span class='ocrx_word' id='word_1_784' title='bbox 1528 5289 1632 5353; x_wconf 88' lang='lat' dir='ltr'><strong>colere</strong></span> <span class='ocrx_word' id='word_1_785' title='bbox 1654 5287 1751 5352; x_wconf 86' lang='lat' dir='ltr'><strong>Deum</strong></span> <span class='ocrx_word' id='word_1_786' title='bbox 1785 5301 1890 5350; x_wconf 81' lang='lat' dir='ltr'><strong>lerum</strong></span> <span class='ocrx_word' id='word_1_787' title='bbox 1927 5303 2011 5348; x_wconf 80' lang='lat' dir='ltr'><strong>novo</strong></span> 
     </span>
     <span class='ocr_line' id='line_1_61' title="bbox 246 5366 2009 5448; baseline 0.002 -22"><span class='ocrx_word' id='word_1_788' title='bbox 246 5380 282 5426; x_wconf 89' lang='lat' dir='ltr'><strong>se</strong></span> <span class='ocrx_word' id='word_1_789' title='bbox 297 5380 387 5428; x_wconf 88' lang='lat' dir='ltr'><strong>cosas</strong></span> <span class='ocrx_word' id='word_1_790' title='bbox 402 5366 568 5430; x_wconf 87' lang='lat' dir='ltr'><strong>obtrudunt</strong></span> <span class='ocrx_word' id='word_1_791' title='bbox 579 5385 634 5447; x_wconf 92' lang='lat' dir='ltr'><strong>pro</strong></span> <span class='ocrx_word' id='word_1_792' title='bbox 649 5374 771 5432; x_wconf 87' lang='lat' dir='ltr'><strong>monela</strong></span> <span class='ocrx_word' id='word_1_793' title='bbox 785 5368 946 5447; x_wconf 85' lang='lat' dir='ltr'><strong>principis.</strong></span> <span class='ocrx_word' id='word_1_794' title='bbox 959 5370 1039 5434; x_wconf 81' lang='lat' dir='ltr'><strong>illinit</strong></span> <span class='ocrx_word' id='word_1_795' title='bbox 1050 5389 1102 5439; x_wconf 89' lang='lat' dir='ltr'><strong>au·</strong></span> <span class='ocrx_word' id='word_1_796' title='bbox 1148 5373 1244 5448; x_wconf 85' lang='lat' dir='ltr'><strong>cultu,</strong></span> <span class='ocrx_word' id='word_1_797' title='bbox 1260 5381 1292 5436; x_wconf 88' lang='lat' dir='ltr'><strong>ct</strong></span> <span class='ocrx_word' id='word_1_798' title='bbox 1306 5373 1407 5437; x_wconf 89' lang='lat' dir='ltr'><strong>colere</strong></span> <span class='ocrx_word' id='word_1_799' title='bbox 1423 5389 1536 5436; x_wconf 88' lang='lat' dir='ltr'><strong>norum</strong></span> <span class='ocrx_word' id='word_1_800' title='bbox 1550 5371 1660 5448; x_wconf 89' lang='lat' dir='ltr'><strong>ileum,</strong></span> <span class='ocrx_word' id='word_1_801' title='bbox 1677 5371 1769 5447; x_wconf 85' lang='lat' dir='ltr'><strong>idest,</strong></span> <span class='ocrx_word' id='word_1_802' title='bbox 1786 5371 1899 5434; x_wconf 89' lang='lat' dir='ltr'><strong>laisum</strong></span> <span class='ocrx_word' id='word_1_803' title='bbox 1923 5376 1953 5430; x_wconf 93' lang='lat' dir='ltr'><strong>el</strong></span> <span class='ocrx_word' id='word_1_804' title='bbox 1972 5369 2009 5430; x_wconf 83' lang='lat' dir='ltr'><strong>ir·</strong></span> 
     </span>
     <span class='ocr_line' id='line_1_62' title="bbox 246 5447 1388 5522; baseline 0.008 -12"><span class='ocrx_word' id='word_1_805' title='bbox 246 5452 306 5516; x_wconf 82' lang='lat' dir='ltr'><strong>iem</strong></span> <span class='ocrx_word' id='word_1_806' title='bbox 324 5447 432 5510; x_wconf 86' lang='lat' dir='ltr'><strong>horum</strong></span> <span class='ocrx_word' id='word_1_807' title='bbox 447 5449 606 5515; x_wconf 88' lang='lat' dir='ltr'><strong>inrcuieul</strong></span> <span class='ocrx_word' id='word_1_808' title='bbox 621 5453 652 5513; x_wconf 90' lang='lat' dir='ltr'><strong>in</strong></span> <span class='ocrx_word' id='word_1_809' title='bbox 667 5452 872 5514; x_wconf 88' lang='lat' dir='ltr'><strong>caeremoniis</strong></span> <span class='ocrx_word' id='word_1_810' title='bbox 887 5451 1059 5518; x_wconf 79' lang='lat' dir='ltr'><strong>Ecclesiae.</strong></span> <span class='ocrx_word' id='word_1_811' title='bbox 1147 5455 1263 5518; x_wconf 91' lang='lat' dir='ltr'><strong>ctilium</strong></span> <span class='ocrx_word' id='word_1_812' title='bbox 1278 5456 1388 5522; x_wconf 87' lang='lat' dir='ltr'><strong>Deum.</strong></span> 
     </span>
    </p>

    <p class='ocr_par' dir='ltr' id='par_1_5' title="bbox 287 5530 1100 5616">
     <span class='ocr_line' id='line_1_63' title="bbox 287 5530 1100 5616; baseline 0.01 -25"><span class='ocrx_word' id='word_1_813' title='bbox 287 5530 445 5596; x_wconf 86' lang='lat' dir='ltr'><strong>tleoimum</strong></span> <span class='ocrx_word' id='word_1_814' title='bbox 458 5542 672 5615; x_wconf 74' lang='lat' dir='ltr'><strong>argumentum</strong></span> <span class='ocrx_word' id='word_1_815' title='bbox 686 5581 694 5611; x_wconf 95' lang='lat'><strong>,</strong></span> <span class='ocrx_word' id='word_1_816' title='bbox 710 5533 794 5616; x_wconf 63' lang='lat' dir='ltr'><strong>§id</strong></span> <span class='ocrx_word' id='word_1_817' title='bbox 809 5534 904 5598; x_wconf 91' lang='lat' dir='ltr'><strong>sumit</strong></span> <span class='ocrx_word' id='word_1_818' title='bbox 921 5535 1063 5601; x_wconf 84' lang='lat' dir='ltr'><strong>Calamus</strong></span> <span class='ocrx_word' id='word_1_819' title='bbox 1082 5554 1100 5599; x_wconf 94' lang='lat' dir='ltr'><strong>a</strong></span> 
     </span>
    </p>
   </div>
   <div class='ocr_carea' id='block_1_4' title="bbox 741 5698 1514 5786">
    <p class='ocr_par' dir='ltr' id='par_1_6' title="bbox 741 5698 1514 5786">
     <span class='ocr_line' id='line_1_64' title="bbox 741 5698 1514 5786; baseline 0.01 -26"><span class='ocrx_word' id='word_1_820' title='bbox 741 5698 835 5764; x_wconf 74' lang='lat' dir='ltr'><strong>Finis</strong></span> <span class='ocrx_word' id='word_1_821' title='bbox 855 5699 1014 5767; x_wconf 76' lang='grc' dir='ltr'>ιιιιοιιιιιι</span> <span class='ocrx_word' id='word_1_822' title='bbox 1034 5704 1075 5768; x_wconf 83' lang='lat' dir='ltr'><strong>de</strong></span> <span class='ocrx_word' id='word_1_823' title='bbox 1094 5709 1306 5772; x_wconf 67' lang='lat' dir='ltr'><strong>tenementis</strong></span> <span class='ocrx_word' id='word_1_824' title='bbox 1327 5707 1365 5770; x_wconf 87' lang='lat' dir='ltr'><strong>in</strong></span> <span class='ocrx_word' id='word_1_825' title='bbox 1384 5719 1514 5786; x_wconf 78' lang='lat' dir='ltr'><strong>genere.</strong></span> 
     </span>
    </p>
   </div>
   <div class='ocr_carea' id='block_1_5' title="bbox 0 0 2051 6275">
    <p class='ocr_par' dir='ltr' id='par_1_7' title="bbox 0 0 2051 6275">
     <span class='ocr_line' id='line_1_65' title="bbox 0 0 2051 6275; baseline 0 0"><span class='ocrx_word' id='word_1_826' title='bbox 0 0 2051 6275; x_wconf 95' lang='lat' dir='ltr'><strong> </strong></span> 
     </span>
    </p>
   </div>
  </div>
 </body>
</html>
