4084 6275
294 316 352 378 212
849 314 896 372 bb·
913 309 1134 370 stehtssttto
1152 308 1395 375 etchthtstttti

222 455 255 511 et
265 464 328 513 noe
342 449 418 515 dant
430 464 515 523 vere,
528 449 584 514 sed
598 457 800 531 apparentem
814 446 965 516 domnus
977 451 1081 511 eutem
1126 448 1184 513 hoe
1199 448 1314 519 vinum,
1330 447 1395 511 sive
1408 444 1486 509 beeo
1499 459 1551 509 res
1562 442 1801 509 demonstrando
1815 446 1937 523 noum,
1951 456 2000 515 est

220 530 306 596 dedit
320 548 404 605 vere,
419 532 502 612 quod
516 531 638 597 dicebat
658 532 715 602 sed
727 532 812 610 dere,
827 532 974 597 linetnon
988 544 1081 611 eppe·
1126 530 1241 593 vinnm:
1255 532 1323 593 rtem
1339 528 1413 593 inlse
1439 526 1549 591 inisset
1569 526 1799 603 demonstratio,
1822 546 1883 595 non
1911 534 1999 596 enim

220 620 304 680 reret
317 614 358 678 ita
370 631 454 679 esse.
1127 614 1229 677 aderat
1243 616 1360 681 vinum.
1378 626 1448 675 cum
1462 610 1627 685 diceretur,
1643 610 1720 689 tloc;
1746 614 1802 675 sed
1830 614 1882 678 bie
1899 623 2000 689 ,esset

262 696 343 759 Illud
358 696 441 776 qood
452 695 655 777 objiciebatur
667 713 705 762 ex
720 696 930 761 verbisLucee
940 702 972 761 et
985 693 1081 772 Pauli,
1127 706 1251 769 sensus,
1266 694 1330 758 Hoc
1345 699 1393 759 est
1406 694 1522 768 vinum,
1536 692 1640 766 idest,
1656 694 1689 755 in
1716 694 1776 759 boe
1800 711 1873 761 vase
1888 703 1941 761 est
1956 700 1998 761 vi·

223 779 281 851 Hv‘c
292 780 396 856 calin,
412 795 468 859 pro
482 780 575 843 nobis
587 779 669 844 iecit.
685 779 759 843 Nam
774 782 902 844 nomine
916 778 1083 855 calicis,in·
1128 795 1213 841 num.

223 862 371 943 telligitur
385 878 422 925 ex
432 861 587 925 communi
602 880 659 926 usn
672 864 889 943 loquendinon
901 863 1001 943 ipsum
1015 877 1081 936 vas,
1168 861 1275 923 Petrus
1291 859 1444 939 martyrio
1460 857 1515 921 lib.
1530 864 1633 921 contre
1649 858 1850 923 Gardinerum
1865 870 1949 941 pert.
1968 864 1996 927 l.

223 944 279 1007 sed
292 943 374 1023 quod
387 944 417 1005 in
429 960 501 1007 vase
513 944 1081 1025 contineturoecrtsstmcigiturerpo·
1127 943 1261 1022 objectio
1278 944 1327 1007 te.
1350 950 1385 1013 et
1404 942 1454 1007 ll.
1470 940 1550 1004 ridet
1565 940 1643 1003 hene
1664 942 1862 1022 solutionem3
1879 949 1998 1025 etquis

223 1026 318 1101 nitur,
334 1024 391 1091 Hie
405 1027 509 1098 colim,
524 1026 701 1105 idestouod
715 1029 746 1089 in
761 1029 822 1090 boc
836 1029 933 1093 celice
944 1028 1084 1089 contine·
1127 1026 1258 1089 dicimus
1286 1027 1486 1089 demonstrari
1512 1022 1712 1087 substantiam
1740 1029 1799 1088 sub
1827 1029 2000 1108 speciebus

222 1114 284 1171 tar.
299 1109 404 1186 neque
416 1115 464 1172 est
476 1109 583 1173 eedem
596 1110 672 1172 vetio
687 1110 788 1189 penis,
805 1116 837 1173 et
861 1111 966 1174 calicis
979 1128 988 1186 3
1012 1126 1082 1173 nom
1127 1117 1399 1189 contentam,quee
1415 1107 1533 1170 videtur
1547 1122 1617 1170 esse
1630 1108 1783 1187 quoddam
1799 1109 1996 1175 individuum

223 1192 312 1271 penis
326 1208 389 1254 non
405 1197 507 1272 potest
520 1190 696 1272 signillcere
717 1193 778 1255 nisi
793 1210 916 1271 panem,
938 1193 1081 1256 calixen-
1127 1205 1248 1271 vegum3
1265 1194 1306 1255 ait
1325 1194 1393 1271 ipso
1416 1190 1604 1254 individuam
1633 1207 1741 1269 regum
1770 1200 1873 1257 mente
1902 1210 1998 1274 posse

221 1281 284 1337 tem
299 1272 453 1353 signillcet
466 1276 645 1354 generatim,
661 1274 810 1355 quidquid
836 1276 868 1339 in
879 1275 975 1339 calice
986 1275 1083 1338 conti·
1127 1274 1260 1353 concipi,
1277 1274 1479 1339 demonstrari
1495 1279 1596 1335 eutem
1612 1274 1703 1351 piune
1719 1291 1782 1339 non
1803 1291 1912 1354 posses
1940 1280 1998 1341 llo-

222 1361 326 1432 netov,
340 1356 404 1419 sive
420 1355 462 1419 sit
473 1356 660 1429 vinum,sive
675 1358 882 1436 sanguissivc
899 1359 973 1439 quid
987 1358 1083 1421 eliud.
1127 1359 1242 1421 minum
1259 1365 1358 1421 eutem
1372 1359 1601 1421 demonstrasse
1616 1357 1697 1432 oovvd
1722 1356 1754 1419 in
1784 1360 1932 1421 menibus
1947 1362 1999 1423 ba·

263 1438 308 1500 td
322 1445 534 1519 argumentum
549 1440 673 1503 botheri
684 1442 857 1517 respondeo
869 1441 981 1505 Prinro:
998 1440 1084 1505 Sicut
1127 1441 1229 1516 bebai,
1251 1442 1343 1511 idest,
1366 1456 1432 1503 rem
1447 1445 1561 1503 ceriam
1587 1443 1617 1501 et
1631 1439 1874 1503 determinatam.
1908 1442 1947 1503 Et
1969 1449 2000 1507 ot

223 1518 357 1589 Hebraei
379 1538 441 1583 non
464 1521 578 1585 babent
592 1538 693 1603 genus
711 1531 851 1586 neutrum
866 1523 899 1587 in
927 1524 1083 1604 pronomi-
1126 1540 1160 1588 se
1177 1524 1206 1586 in
1229 1524 1428 1587 Scholasticis
1441 1530 1590 1585 versatum
1605 1524 1793 1599 ostenderes
1821 1525 1907 1585 addit
1924 1526 1996 1588 Sco

222 1619 276 1680 ne,
288 1604 328 1666 ita
344 1620 403 1667 nec
417 1605 533 1668 bebere
559 1607 592 1668 in
604 1605 793 1669 nominibus:
822 1606 965 1686 quocirca
990 1609 1083 1671 etiem
1125 1612 1189 1671 tum
1204 1607 1300 1669 luisse
1315 1612 1472 1684 parentem
1488 1604 1581 1681 liujus
1607 1604 1755 1680 individui
1770 1605 1837 1687 regi
1853 1606 1886 1669 in
1902 1610 1999 1689 expli·

223 1703 337 1766 corpus
351 1686 496 1751 hebraice
511 1694 559 1751 est
572 1688 696 1768 generis
710 1690 883 1761 masculini,
906 1697 937 1753 et
958 1690 1083 1755 demon·
1127 1692 1245 1754 catione
1260 1690 1369 1752 bovum
1384 1689 1558 1750 verborum.

224 1772 312 1832 strevi
328 1769 426 1849 potuit
436 1782 496 1849 per
515 1787 687 1849 pronomen
707 1773 923 1836 masculinum.
939 1773 1082 1840 Secundo
1168 1772 1229 1835 Sed
1243 1772 1274 1833 in
1297 1779 1427 1850 utroque
1438 1771 1561 1847 tollitur.
1578 1766 1650 1831 Nem
1667 1768 1697 1831 in
1714 1770 1822 1849 primis
1838 1772 1953 1836 scotus
1969 1775 1998 1837 in

223 1851 316 1914 verbe
328 1852 452 1915 Domini
464 1853 608 1916 hebreice
619 1855 690 1916 dico
702 1856 816 1917 rectius
828 1858 964 1935 exposita
976 1874 993 1917 e
1007 1856 1084 1921 bler-
1125 1855 1157 1919 ι.
1179 1856 1250 1917 dist.
1265 1855 1297 1917 8.
1314 1859 1433 1933 praeest.
1456 1854 1488 1915 2.
1504 1853 1557 1915 ubi
1573 1853 1693 1915 insede
1709 1852 1765 1915 hec
1788 1870 1821 1916 re
1836 1858 1911 1935 egit.
1943 1872 1997 1918 ne·

226 1950 263 1995 co
278 1939 309 1997 et
324 1934 414 2007 buce,
432 1940 462 1997 et
476 1936 516 1998 ab
531 1936 635 2014 eboni
652 1937 835 2001 llettbeeum
850 1956 995 2015 graecum
1011 1939 1083 2004 iecit
1126 1956 1186 2016 pue
1202 1938 1339 2001 nominat
1352 1936 1543 2001 individuum
1559 1950 1679 2009 vetrum,
1696 1951 1798 2016 oeque
1813 1938 1853 1999 ite
1871 1940 1998 2016 exponit

223 2016 359 2095 quisine
374 2016 470 2081 dubio
484 2018 716 2097 antiquissimus
730 2020 913 2091 auctoriuit,
930 2038 1021 2102 quam
1043 2024 1083 2087 ab
1125 2020 1209 2085 hunc
1220 2022 1332 2096 ionum,
1350 2028 1384 2083 ut
1394 2034 1575 2100 pronomen,
1585 2016 1661 2094 Hoc,
1678 2018 1868 2082 demonstret
1882 2022 1998 2097 aliquid

223 2100 287 2164 ullo
297 2100 359 2162 elio
370 2099 482 2178 erponi
498 2101 629 2179 possint:
642 2117 733 2180 porro
748 2103 779 2163 hi
792 2108 933 2166 auctores
947 2121 1018 2167 cam
1030 2122 1083 2185 pa·
1125 2104 1276 2168 incertum
1291 2120 1346 2167 seu
1362 2118 1483 2183 vagum,
1499 2103 1554 2163 sed
1568 2101 1651 2175 dicit,
1667 2100 1921 2183 ilocsipnihcere
1935 2104 1997 2167 lloc

224 2198 295 2243 nem
312 2182 523 2245 nominassent
537 2178 627 2265 dorsu
642 2185 766 2263 generis
781 2186 954 2263 masculini,
970 2204 1081 2266 prono·
1125 2202 1195 2265 ons3
1211 2185 1286 2249 illud
1308 2193 1421 2261 autem,
1436 2184 1503 2247 Hoc
1519 2200 1586 2255 eno,
1602 2199 1780 2261 supponere
1810 2201 1866 2263 pro
1884 2185 1997 2249 Christi

224 2278 298 2327 men
309 2270 481 2343 posuerunt
495 2265 526 2325 in
542 2282 657 2345 genere
674 2274 782 2331 neutro
795 2267 896 2331 reiro.
1126 2286 1273 2349 eorpove;
1288 2270 1417 2349 proinde
1432 2284 1503 2331 esse
1519 2266 1757 2347 propositionem
1782 2267 1867 2330 illem
1892 2269 1998 2349 singu·

264 2346 307 2407 lid
322 2347 463 2409 ultimum
478 2346 676 2426 llespondeoz
691 2350 854 2421 llominum
875 2352 1084 2432 accepissem
1126 2355 1234 2427 larem,
1248 2358 1278 2415 et
1293 2352 1628 2427 determinetem3ouam
1643 2349 1824 2412 sententiam
1841 2368 1936 2431 sopra
1952 2369 1998 2414 re·

222 2427 422 2493 benedixisse
434 2427 624 2506 Panem3scd
640 2431 765 2496 dedisse
777 2450 888 2513 penem
904 2451 966 2497 non
980 2436 1084 2514 vulpe·
1127 2438 1300 2499 interimas.
1317 2436 1409 2497 Porro
1423 2430 1570 2495 individui
1583 2430 1649 2509 vagi
1665 2432 1803 2495 meminit
1817 2432 1997 2499 Dominicus

224 2527 302 2585 rem,
318 2518 352 2573 ui
367 2518 539 2591 acceperet,
555 2514 610 2575 sed
625 2514 835 2592 benedictum,
853 2516 1083 2581 etbenediotio-
1127 2537 1142 2581 a
1159 2520 1230 2581 Soto
1246 2520 1278 2581 in
1293 2516 1495 2596 explicatione
1518 2514 1689 2578 sententiae
1714 2530 1741 2577 s.
1758 2516 1895 2578 Thomae
1918 2518 1950 2579 in
1965 2517 1994 2579 t.

223 2608 264 2655 ne
279 2598 438 2658 mutatum.
454 2594 621 2658 lntercedit
634 2599 716 2659 enim
730 2596 823 2672 inter,
837 2602 970 2680 occepit,
986 2606 1017 2663 et
1030 2602 1083 2663 de·
1127 2602 1263 2665 distinct.
1281 2601 1331 2662 ll.
1349 2605 1468 2679 quaest.
1493 2598 1523 2661 l.
1539 2604 1594 2661 ort.
1611 2595 1641 2657 5.
1671 2596 1815 2670 Quemvis
1841 2605 1944 2661 autern
1957 2603 1997 2663 si·

227 2675 287 2750 dtr,
303 2675 443 2751 verbum,
459 2676 637 2752 benedicit,
653 2682 735 2759 qaod
752 2681 832 2756 iecit,
849 2699 889 2745 ne
903 2682 1006 2746 omnia
1018 2698 1084 2745 ver·
1127 2686 1201 2746 mite
1216 2685 1256 2747 sit
1270 2683 1299 2745 in
1315 2682 1472 2745 individuo
1484 2696 1559 2760 vago
1574 2678 1744 2741 substantio
1755 2680 1814 2743 sub
1830 2683 1998 2761 speciebus

223 2756 264 2821 ba
276 2765 383 2839 regent
394 2760 526 2821 eundem
539 2764 746 2825 accusativum
758 2766 868 2828 eodem
879 2767 970 2829 modo
982 2782 1017 2831 se
1033 2766 1084 2827 he·
1129 2766 1217 2845 panis
1232 2771 1386 2841 eontente3
1400 2770 1430 2825 et
1444 2780 1481 2825 ex
1493 2778 1527 2825 se
1540 2779 1600 2823 non
1617 2762 1714 2838 napis
1729 2766 1828 2841 possit
1839 2781 1997 2844 suppone-

221 2838 360 2904 bentem.
375 2840 481 2921 Neque
496 2844 617 2905 esthon
641 2845 843 2910 inusitatum:
869 2864 940 2910 nem
962 2850 989 2912 sl
1013 2848 1084 2927 quis
1128 2866 1161 2911 re
1175 2865 1229 2926 pro
1244 2864 1334 2929 pene,
1351 2862 1442 2927 quom
1458 2862 1512 2925 pro
1525 2861 1653 2925 corpore
1671 2844 1794 2919 Christi,
1811 2852 1842 2909 et
1856 2864 1913 2925 pro
1926 2866 1998 2929 que·

221 2921 314 2985 dicat:
331 2923 486 2987 Percussit
500 2924 626 3002 quidam
638 2926 775 3000 Petram,
798 2928 922 3005 occidit,
938 2937 970 2993 et
994 2946 1084 3010 sepe·
1129 2932 1206 2996 libet
1220 2933 1278 2995 elie
1303 2948 1348 3003 re,
1366 2946 1444 3006 quac
1465 2928 1523 2991 sub
1538 2927 1649 2990 iisdem
1666 2929 1833 3005 speciebus
1850 2937 1972 2992 maneat
1984 2949 1995 2993 .:

221 3003 299 3080 livit;
316 3021 377 3068 non
389 3005 547 3085 intelliget
560 3007 785 3074 Petrumiuisse
799 3013 899 3075 vivum
915 3014 1083 3091 sepultum,
1129 3022 1231 3079 tamen
1253 3016 1282 3075 in
1306 3016 1364 3075 hac
1377 3013 1596 3091 propositione:
1612 3011 1677 3073 Hoc
1691 3017 1735 3073 est
1749 3027 1864 3089 corpote
1875 3028 1995 3085 meunt,

223 3087 345 3152 temetsi
360 3086 446 3152 vivus
461 3088 745 3171 lueritperoussns.
773 3095 857 3157 idda
885 3098 966 3175 quod
992 3100 1084 3160 etiam
1131 3097 1300 3163 substantia
1323 3097 1373 3158 ille
1390 3095 1607 3158 determinatur
1622 3092 1649 3154 vi
1661 3092 1757 3164 verbi,
1781 3094 1847 3171 det,
1871 3098 1910 3179 ed
1927 3112 1997 3174 sup·

221 3169 267 3231 illl
282 3171 343 3234 hoc
354 3172 445 3237 modo
462 3180 611 3250 coguntur
625 3175 746 3237 solvere
766 3177 826 3240 boo
845 3187 1059 3258 argumentum
1077 3198 1085 3241 ι
1132 3181 1310 3260 ponendum
1325 3195 1380 3258 pro
1396 3193 1524 3255 corpore
1546 3176 1670 3254 Christi3
1697 3183 1789 3257 etque
1804 3179 1843 3240 ita
1854 3182 1995 3259 proposi·

222 3268 292 3314 nem
308 3253 413 3316 volunt
426 3255 588 3319 bominum
603 3261 762 3336 accepisse
777 3277 888 3338 panem
916 3263 1084 3344 vulgarem,
1130 3266 1171 3326 lio
1188 3271 1234 3326 est
1246 3261 1410 3342 singularis
1421 3266 1452 3322 et
1465 3261 1679 3322 determinate.

228 3341 372 3399 ettamen
388 3337 514 3400 dedisse
528 3355 642 3417 penem
656 3346 921 3407 sacramentalem.
1170 3347 1214 3408 hd
1232 3345 1260 3408 id
1276 3361 1359 3417 vero,
1376 3342 1457 3420 cuod
1473 3342 1525 3404 ilie
1541 3343 1591 3414 eit,
1608 3339 1798 3405 individuum
1814 3359 1924 3423 vagum
1938 3360 1996 3407 non

271 3416 429 3490 obiiciunt
443 3425 548 3482 contre
565 3421 644 3484 benc
659 3423 859 3489 solutionem
885 3426 1088 3502 calvinus,et
1130 3444 1223 3509 posse
1245 3425 1461 3502 demonstrari;
1478 3424 1661 3502 despondeo
1683 3424 1850 3488 formaliter
1877 3426 1910 3488 in
1940 3428 1994 3488 bac

223 3499 329 3563 Petms
343 3508 466 3579 martyr.
483 3500 626 3567 Calvinus
641 3503 695 3568 tib.
711 3506 742 3569 l.
754 3506 886 3572 institut.
909 3527 978 3590 cap.
995 3511 1046 3574 ti.
1069 3511 1086 3590 i
1131 3510 1341 3592 propositione
1356 3509 1555 3571 demonstravi
1571 3506 1705 3585 species,
1728 3523 1808 3585 quae
1836 3514 1911 3570 sunt
1935 3525 1996 3571 cer·

226 3581 280 3645 ²0·
297 3583 383 3646 Nihil
396 3583 585 3656 absurdior,
602 3585 724 3666 inquil.
755 3607 855 3670 quom
876 3594 923 3657 od
944 3595 1086 3672 speciem
1130 3601 1189 3664 tae,
1203 3600 1234 3654 et
1247 3591 1477 3664 determinatae,
1490 3590 1640 3671 quemvis.
1664 3596 1697 3650 ut
1711 3589 1784 3664 dixi,
1801 3589 1833 3652 in
1855 3591 1991 3672 obliquo,

224 3666 412 3743 transferre,
428 3668 519 3747 qood
529 3669 668 3748 depone
687 3674 911 3750 praedicetur.
942 3677 1088 3755 Respexit
1132 3693 1193 3740 non
1209 3677 1240 3737 in
1262 3683 1359 3738 recto.
1376 3673 1522 3748 Quocirca
1538 3689 1598 3736 non
1616 3670 1759 3746 dicimus,
1789 3673 1993 3748 lloc.·idest,

223 3747 518 3813 nimiremiielvinus
530 3751 670 3815 edverbe
683 3755 1084 3837 s.'l'bomeeii.per.queest.
1130 3759 1208 3822 heco
1223 3755 1403 3830 substantie,
1416 3756 1463 3818 rel
1479 3757 1538 3818 troo
1560 3770 1697 3818 enscunv
1714 3753 1817 3828 Sento,
1830 3755 1900 3828 sed,
1922 3755 1993 3828 lior,

230 3828 280 3906 iil.
294 3839 351 3894 ert.
367 3831 398 3894 2.
416 3831 470 3894 ubi
485 3832 561 3895 dicit
573 3850 757 3913 pronomen,
774 3837 852 3913 Hoc,
875 3840 1087 3906 demonstrare
1130 3841 1222 3908 idest,
1238 3839 1409 3903 substantia
1424 3837 1483 3901 sub
1499 3836 1548 3900 bis
1566 3837 1746 3917 speciebus,
1777 3844 1809 3900 ot
1825 3853 1993 3916 pronomen

226 3914 351 3992 species
366 3913 534 3977 sensibiles
549 3916 651 3999 penis,
665 3934 743 3998 qaae
754 3920 839 3985 solae
853 3930 979 3986 manent
992 3922 1023 3987 in
1035 3925 1087 3987 iilo
1130 3923 1400 3986 demonstrativum
1411 3925 1513 3982 teneat
1527 3936 1562 3982 se
1578 3937 1615 3983 en
1629 3926 1714 3996 perte
1731 3921 1919 3998 specierum,
1936 3935 1993 3984 non

229 3995 397 4060 mutatione
413 3997 503 4073 parvis
518 4000 549 4059 ln
566 4015 680 4077 corpas
695 3999 822 4066 Christi.
1129 4022 1166 4067 ex
1181 4010 1267 4085 porte
1282 4004 1481 4068 substantiae:
1500 4006 1628 4066 interest
1642 4008 1743 4063 autem
1760 4004 1839 4064 inter
1861 4003 1914 4065 illa
1937 4004 1994 4068 duo

206 4128 215 4139 .,
268 4077 329 4141 Sed
347 4095 375 4141 s.
391 4078 524 4152 Thomas
539 4081 687 4160 explicuit
708 4098 743 4146 se
754 4085 787 4146 in
801 4091 858 4149 ert.
875 4084 906 4148 5.
922 4086 960 4150 ed
984 4087 1017 4150 2.
1033 4088 1086 4151 ubi
1130 4087 1206 4163 Hoc,
1223 4086 1315 4160 ldcst,
1331 4087 1408 4149 haec
1422 4085 1602 4156 substantia,
1616 4088 1647 4146 et
1661 4083 1736 4156 linc,
1748 4083 1839 4159 idest,
1857 4087 1997 4148 substan·

227 4159 302 4221 dicit
316 4175 500 4238 pronomen,
515 4161 592 4235 Hoc,
606 4179 668 4226 non
680 4163 892 4230 demonstrare
904 4169 1086 4246 accidentis,
1131 4171 1169 4232 tio
1186 4170 1244 4232 sab
1260 4171 1308 4232 his
1323 4169 1500 4248 speciebus.
1524 4166 1650 4246 Quodsi
1668 4167 1752 4228 dices
1769 4213 1777 4241 ,
1799 4167 1875 4234 Hoc.
1895 4171 1992 4237 idest,

226 4243 314 4320 quasi
329 4248 414 4306 esset
427 4243 630 4319 sensuslloc,
647 4245 821 4320 idest,beec
834 4251 1003 4314 accidentia
1015 4261 1088 4316 sunt
1131 4251 1209 4316 haee
1224 4253 1540 4327 substeolin,neoesse
1555 4255 1614 4322 est,
1628 4255 1661 4312 ut
1675 4249 1844 4314 substantia
1861 4251 1912 4314 ille
1927 4258 1994 4312 tunc

227 4340 341 4400 eorpus
356 4323 466 4388 Christi
481 4325 525 4399 (id
541 4328 624 4388 enim
637 4343 709 4392 vere
720 4329 975 4397 absurdissimum
991 4344 1086 4408 esset,
1130 4335 1171 4398 sit
1185 4350 1343 4415 praesens,
1360 4335 1482 4414 quondo
1493 4332 1615 4404 dicitur,
1636 4333 1713 4404 Hoc,
1744 4336 1775 4393 et
1796 4337 1898 4395 tamen
1928 4340 1995 4394 tuno

229 4413 263 4468 ut
276 4405 418 4469 Calvinus
430 4406 572 4485 disibodi
587 4409 752 4474 videturin
764 4414 823 4476 boc
837 4431 932 4478 sensu
948 4417 1088 4498 accepis·
1130 4433 1192 4482 non
1207 4424 1254 4480 est
1265 4434 1412 4496 praesens
1427 4417 1595 4480 substantia
1611 4415 1749 4492 corporis
1761 4413 1886 4488 Christi,
1902 4423 1931 4479 ot
1942 4415 1992 4477 iel·

227 4503 262 4551 se
276 4488 368 4553 verba
390 4506 418 4554 s.
440 4489 598 4570 thomae)
624 4491 681 4556 sed
704 4494 916 4561 demonstrare
944 4502 1087 4565 substan·
1130 4517 1162 4564 sa
1180 4501 1316 4563 redditur
1330 4499 1559 4562 demonstratio.
1577 4497 1612 4558 tt
1625 4496 1653 4560 si
1668 4497 1764 4570 dicas,
1795 4497 1872 4574 lloc,
1891 4499 1992 4562 idest.

229 4571 301 4634 tiam
328 4571 388 4635 sub
423 4571 735 4667 illisuaccidentibus
769 4586 969 4657 contentam,
1007 4600 1087 4665 quae
1131 4583 1299 4646 substantie
1313 4581 1372 4646 sub
1394 4582 1442 4644 his
1454 4580 1631 4661 speciebus,
1648 4595 1709 4641 oon
1732 4587 1780 4642 ast
1806 4595 1947 4652 neccsse,
1963 4585 1992 4641 ot

225 4657 316 4747 enies
347 4659 412 4748 erat
439 4671 551 4734 paors,
582 4662 613 4719 et
640 4675 724 4722 nunc
749 4667 925 4743 esteorpns
950 4665 1086 4742 Christl3
1131 4665 1183 4728 ille
1198 4665 1366 4730 substantie
1381 4669 1455 4728 tuno
1470 4665 1509 4726 sit
1524 4678 1684 4744 praesens,
1711 4662 1768 4725 sed
1784 4662 1857 4725 satis
1887 4670 1944 4740 est,
1966 4663 1991 4723 si

232 4743 272 4796 vta
304 4742 337 4799 ut
365 4736 417 4800 bre
445 4736 484 4798 sit
512 4753 650 4801 sensus:
671 4741 750 4815 tino,
779 4743 884 4822 idest,
917 4749 1085 4812 substantia
1133 4755 1314 4827 praesentes
1328 4750 1390 4811 sint
1404 4747 1538 4826 species,
1561 4763 1641 4826 quae
1663 4746 1914 4818 demonstrantur
1928 4759 1991 4824 pro

225 4820 285 4881 sub
308 4819 357 4880 his
380 4819 590 4883 accidentibus
612 4830 776 4899 contente,
799 4834 848 4889 est
866 4844 980 4907 corpus
1002 4832 1085 4894 Chri·
1132 4829 1389 4892 nominellocld
1403 4830 1484 4904 nuod
1501 4831 1613 4891 clarius
1626 4829 1694 4900 erit,
1707 4829 1734 4890 si
1750 4828 1837 4890 tacite
1855 4830 1991 4906 substen-

225 4902 277 4964 sti.
306 4901 345 4966 lit
365 4902 417 4963 bic
431 4917 543 4966 sensus
558 4919 619 4966 non
640 4906 732 4968 modo
747 4925 809 4972 non
834 4917 882 4972 est
906 4913 1060 4976 absurdus
1077 4961 1084 4982 ,
1133 4915 1173 4974 tia
1188 4913 1285 4976 dices:
1302 4911 1366 4974 lion
1380 4918 1425 4974 est
1440 4928 1555 4992 conpos
1569 4910 1850 4986 menor,idest,sub
1865 4913 1914 4974 his
1929 4923 1993 4990 spe·

228 4985 284 5046 sed
298 4991 344 5046 est
354 4985 971 5073 necessarius3qaeudoquidem(utsupra
984 5004 1088 5059 osten·
1134 4995 1242 5059 oiebus
1257 5001 1305 5058 est
1315 5011 1428 5074 corpus
1444 5011 1558 5056 meum:
1576 4994 1636 5058 Sed
1652 4994 1692 5056 de
1708 4994 1756 5055 his
1768 4993 1853 5056 satis.

224 5064 339 5147 dimus)
353 5066 440 5136 illud,
456 5066 532 5142 Hoc,
548 5083 610 5130 non
622 5077 724 5148 potest
738 5073 948 5139 demonstrare
964 5095 1086 5156 panem,
1176 5077 1352 5142 Secundum
1379 5083 1590 5158 argumentum
1620 5075 1749 5138 sumitur
1775 5091 1812 5138 es
1836 5076 1989 5155 particule.

223 5163 327 5226 neone
348 5147 438 5210 etiam
454 5165 565 5228 corpus
587 5150 697 5215 Christi
718 5155 880 5235 praecis03
910 5166 942 5221 ut
963 5169 1045 5224 esset
1059 5179 1086 5222 a·
1134 5159 1200 5226 Est.
1213 5160 1308 5222 Docet
1319 5159 1425 5222 Petrus
1441 5167 1552 5238 martyr
1563 5160 1593 5220 in
1608 5160 1769 5222 libcontra
1786 5157 1990 5232 Gordinernm,

223 5233 309 5324 ptum
322 5231 536 5326 exemplumsi
543 5230 692 5296 Dominus
706 5237 829 5316 quando
840 5242 966 5304 mutavit
979 5261 1089 5326 equam
1135 5259 1201 5322 per.
1218 5242 1248 5304 3.
1265 5261 1334 5320 pag.
1347 5239 1418 5304 658.
1435 5241 1501 5320 copi
1514 5245 1698 5322 papistes,ut
1712 5242 1848 5314 verbum,
1865 5243 1931 5314 brt,
1947 5256 1991 5302 ac·

224 5327 258 5374 ro
272 5329 387 5406 venam.
404 5316 591 5376 ostendisset
604 5317 728 5397 bydries
742 5336 851 5400 equae,
878 5341 915 5388 ac
935 5326 1083 5390 dixisset:
1132 5324 1247 5403 cipiunt
1258 5324 1373 5403 tropice
1390 5341 1444 5404 pro
1455 5325 1511 5399 tiit,
1527 5326 1575 5388 vel
1600 5324 1902 5388 transubstantiatur.
1924 5323 1991 5387 Nem

225 5393 475 5467 llocestvrnam,
492 5397 599 5460 stillis
619 5401 722 5463 verbis
749 5411 897 5469 mutasset
923 5425 1033 5489 aquam
1055 5410 1085 5471 in
1131 5408 1245 5489 alioqui
1258 5406 1867 5488 assetiatseprnpositio:ttoceetcorpos
1879 5420 1990 5475 menno

225 5477 342 5542 vinum.
354 5476 458 5554 Neque
471 5478 554 5541 enim
581 5496 744 5559 possemus
772 5487 812 5550 ite
834 5504 989 5569 exponere
1003 5491 1086 5554 iliam
1133 5489 1219 5568 prius
1234 5489 1317 5554 enim
1332 5489 1425 5554 debet
1438 5507 1509 5554 esse
1523 5507 1679 5571 respuam
1695 5490 1914 5574 pronuncietur
1928 5503 1989 5550 eam

225 5561 423 5654 sententiam,
438 5558 503 5623 llcc
513 5561 686 5640 estvinum,
701 5566 792 5642 idest,
804 5569 882 5634 haec
895 5590 972 5653 acue
988 5580 1037 5638 est
1048 5575 1088 5637 vi·
1134 5589 1218 5651 esse3
1234 5588 1301 5636 rere
1314 5573 1396 5637 enim
1408 5580 1456 5636 est
1470 5573 1679 5653 propositiu,si
1695 5588 1747 5637 res
1761 5571 1801 5635 ita
1812 5587 1848 5636 se
1860 5573 1989 5638 hebeat,

224 5657 311 5722 uum3
327 5642 359 5707 id
374 5643 576 5740 enimtoleum
591 5654 686 5726 esset3
702 5665 804 5732 neque
818 5651 870 5726 ite,
893 5654 967 5732 lloc,
985 5657 1086 5733 idest,
1134 5671 1195 5718 non
1211 5661 1327 5728 contra,
1341 5673 1377 5718 ac
1392 5657 1569 5734 praesertim
1581 5656 1752 5720 secundum
1764 5651 1990 5732 catholicosqoi
