4084 6275
315 412 366 469 eti

240 547 476 611 monstravimus
491 560 604 627 eorpus
614 541 735 609 Domini
748 540 786 603 ab
799 540 901 621 impiis
911 542 1002 605 etiam
1015 554 1097 601 man·

238 629 356 693 doceri.
439 693 443 703 ,

280 714 373 776 Sexto
387 708 632 792 ttroteruntillud
649 715 735 773 tract.
757 706 807 770 th.
834 707 865 768 in
892 707 983 783 epist.
1006 704 1096 767 ioan.

237 796 291 855 ribi
307 797 494 875 Augustinus
508 794 583 855 dicit
597 809 712 872 corpus
737 788 847 853 Christi
874 790 1010 851 naturale
1026 804 1097 851 esse

238 880 271 939 in
287 880 451 958 coeloque
465 878 618 939 sublatum
634 883 683 937 est
694 891 748 953 per
762 872 1026 935 escensionem:in
1040 878 1099 933 ter·

237 977 270 1022 m
285 968 386 1022 autem
403 961 541 1029 relietum
558 974 627 1021 esso
642 974 756 1037 eorpus
785 954 894 1017 Christi
922 954 1095 1031 mysticum,

237 1044 330 1117 idest,
345 1042 529 1105 Ecclesiam.
545 1043 579 1103 At
594 1041 660 1118 ipse
675 1056 711 1103 se
739 1039 870 1115 explieat
894 1037 1096 1114 Augustinus

237 1124 311 1187 Nam
326 1126 372 1186 sie
386 1127 438 1189 ait:
453 1125 530 1187 tom
541 1140 610 1198 nou
622 1123 750 1185 iuuenis
765 1122 855 1199 toqui
874 1119 1040 1181 'Christum
1059 1120 1098 1181 in

236 1214 336 1279 terro,
352 1213 382 1269 ει
397 1208 524 1271 ibidem:
540 1206 738 1269 escensurus
753 1203 839 1265 dieii
851 1202 950 1265 uerbo
962 1202 1097 1263 novissi·

236 1306 305 1363 mo;
318 1296 390 1368 post
401 1292 476 1368 ipso
488 1289 586 1351 uerbo
598 1306 668 1351 reon
682 1295 728 1349 εει
737 1287 889 1364 loquutus
903 1287 1053 1347 letteren.
1071 1283 1097 1343 t·

238 1379 331 1450 taque
345 1374 481 1451 loquitur
495 1374 534 1433 de
549 1371 721 1450 praesentia
737 1368 846 1431 Christi
864 1368 1022 1441 risibili,et
1035 1384 1095 1429 mo·

236 1471 271 1517 ro
294 1458 428 1521 humano
450 1472 521 1517 eum
540 1453 718 1517 hominibus
739 1451 960 1513 conversantis:
984 1449 1044 1511 hoe
1065 1465 1096 1511 e·

237 1538 302 1597 nim
318 1540 408 1601 modo
424 1555 485 1600 non
510 1544 559 1601 εει
584 1538 615 1599 iu
643 1542 734 1609 terra,
760 1533 819 1595 nisi
841 1536 874 1595 ln
895 1548 1025 1610 corpore
1040 1548 1097 1593 suo

237 1636 267 1679 ιιι
280 1620 376 1681 sileo.

270 1644 323 1763 ³lix
338 1702 459 1764 decimo
474 1708 566 1775 tomo,
583 1700 684 1765 Primo
697 1698 811 1777 protort
840 1697 946 1759 Petrus
970 1703 1095 1775 martyr,

237 1789 269 1845 ει
280 1787 371 1847 etiam
387 1784 530 1847 Caluinus
545 1802 583 1845 ox
597 1798 740 1845 sermone
756 1783 795 1841 de
819 1779 920 1839 rcrbts
947 1779 1096 1856 Apostoli,

236 1866 318 1945 quod
334 1867 419 1946 impii
436 1883 496 1929 non
513 1883 584 1929 vero
598 1870 720 1931 sumunt
734 1880 846 1941 eorpus
874 1861 1008 1923 Domini.
1035 1861 1096 1923 Sed

236 1950 274 2009 ad
291 1951 349 2011 hoc
364 1951 581 2030 respondimus
596 1963 773 2024 supremum
788 1959 1014 2022 exponeremus
1026 1960 1095 2021 eap.

237 2032 288 2092 tl.
305 2031 415 2108 prioris
430 2032 468 2094 od
484 2030 670 2103 Corinthios,
687 2028 738 2091 obi
755 2030 901 2099 elixiruus,
922 2026 1036 2105 impios
1051 2028 1095 2087 di·

236 2114 265 2175 ei
281 2130 341 2175 oon
357 2115 554 2186 manducare,
570 2113 640 2191 quia
656 2129 717 2173 non
734 2112 908 2171 nutriuntur
929 2110 1094 2188 spirituili-

235 2202 293 2259 ter:
311 2214 381 2258 ream
397 2198 511 2259 ibidem
527 2200 569 2258 eit
582 2195 780 2275 Augustinus:
796 2192 1096 2255 tliudmundueure

233 2277 397 2354 reficiesl,
408 2280 494 2342 illud
505 2278 624 2357 bibere,
640 2278 722 2359 quid
743 2282 799 2343 εει,
825 2275 891 2337 uisi
912 2275 1037 2338 uiuere?
1052 2276 1095 2337 iix

234 2362 344 2423 eodem
360 2362 560 2423 tuueamcnro
572 2362 699 2423 soluitur
713 2359 795 2437 quod
813 2357 920 2419 Petrus
932 2365 1040 2427 martyr
1054 2359 1095 2419 ci-

233 2450 277 2505 ιει
292 2460 330 2506 ex
343 2444 511 2523 Augustino
527 2444 558 2505 in
572 2442 735 2505 sententiis
761 2440 914 2517 Prosperi,
941 2440 994 2501 ubi
1019 2441 1095 2517 legi-

234 2543 304 2589 mus
320 2542 380 2589 non
397 2528 583 2589 munducare
608 2542 718 2603 penem
744 2522 877 2589 borniui,
902 2538 960 2583 nee
984 2521 1094 2585 bibere

233 2612 304 2687 ejus
318 2611 514 2687 sanguinem,
530 2610 582 2687 qui
597 2610 635 2670 ab
651 2608 704 2670 illo
719 2606 884 2677 discordet,
901 2604 973 2667 lieet
991 2621 1094 2667 saera·

234 2691 456 2770 mentumejus
471 2690 632 2771 aeeeipial.
1004 2720 1010 2731 ·

276 2772 421 2837 Secundo
436 2775 603 2853 profertor
628 2772 681 2835 lib.
709 2768 760 2831 50.
787 2768 894 2830 homil.
924 2783 1018 2829 serm.
1042 2769 1093 2831 26.

233 2857 315 2930 quod
331 2857 519 2935 Augustinus
534 2857 626 2930 dicet,
643 2852 772 2931 aequate
788 2866 859 2913 esse
879 2860 1052 2925 peecatum,
1068 2854 1095 2915 si

232 2938 562 3019 quiseorpusliomini
578 2939 609 2999 in
633 2943 743 2999 terram
769 2935 880 2995 eadere
904 2931 995 2997 sinet.
1024 2936 1096 2997 etsi

232 3021 305 3097 quis
319 3025 447 3083 verbum
463 3022 517 3083 Dei
532 3020 591 3083 sibi
607 3034 644 3081 ex
659 3018 753 3080 eorde
777 3014 931 3095 permittat
954 3016 1093 3079 etlluere.

232 3103 315 3174 Quae
330 3104 517 3183 comparatio
533 3118 594 3164 non
609 3101 728 3165 videtur
741 3114 823 3172 reru,
850 3096 877 3160 si
903 3114 1015 3177 eorpus
1036 3100 1095 3162 llo·

230 3185 307 3247 mini
324 3203 428 3248 rerum
459 3194 489 3250 ει
504 3185 638 3248 natumle
654 3186 694 3246 sit
708 3184 740 3246 in
766 3181 968 3242 Eucharistia:
994 3185 1093 3262 majus

230 3273 314 3328 euim
330 3276 489 3346 peecatum
504 3275 590 3332 esset
603 3268 706 3330 sinere
722 3281 836 3346 eorpus
852 3263 970 3326 bomini
988 3265 1019 3326 iu
1035 3274 1093 3329 ler-

185 3415 188 3419 ἶ
229 3367 295 3412 ram
317 3351 449 3426 eadere,
472 3369 563 3431 uuam
584 3351 711 3415 uerbum
733 3347 845 3413 Christi
868 3365 905 3408 ex
925 3347 1019 3410 eorde
1040 3365 1093 3428 pe·

229 3449 302 3495 rire.
1001 3479 1006 3488 ,

270 3515 467 3592 Respondco:
486 3516 551 3579 Non
577 3519 733 3592 comparat
757 3511 947 3592 Augustinus
968 3513 1095 3598 uerbum

229 3595 339 3659 Christi
353 3598 470 3662 ratione
485 3600 567 3671 soni,
583 3607 635 3663 aot
646 3599 855 3660 characterem
867 3611 939 3658 com
965 3612 1094 3675 corpore

231 3679 417 3752 Christi,sed
429 3681 547 3744 ratione
558 3681 692 3743 veritatis
702 3677 996 3758 divinaequaeiltis
1011 3681 1098 3744 sonis

231 3769 260 3823 ει
274 3763 503 3826 olrnraeteribus
518 3764 719 3843 significetur.
735 3759 822 3823 Unde
844 3779 904 3822 non
932 3762 1007 3822 dieii
1030 3778 1095 3824 rer·

229 3845 305 3906 bura
320 3844 374 3906 Dei
387 3862 425 3906 ex
439 3846 565 3908 auribus
587 3845 725 3920 ethuoro,
742 3846 798 3904 sod
822 3859 858 3904 cx
874 3845 980 3906 cordo:
994 3859 1096 3922 reoque
1119 3859 1121 3866 ’

230 3927 305 3988 dicit
317 3927 399 3990 idem
411 3944 484 3992 esse
495 3928 696 4007 peceatum,si
710 3924 780 4004 ouis
792 3925 1096 3999 nuclearisttamctsi

229 4009 300 4088 quis
313 4010 408 4071 biblia
424 4011 454 4072 in
468 4017 578 4073 terram
590 4013 700 4073 eadere
711 4011 802 4071 sinat.
816 4007 846 4068 Si
862 4009 944 4070 enirn
957 4010 1016 4070 hoc
1039 4011 1095 4070 Au·

228 4095 370 4170 gostinus
386 4092 591 4166 dixisset,tum
602 4109 673 4156 rere
687 4090 767 4153 Petri
782 4091 921 4168 martyris
934 4109 1096 4170 argumen-

231 4182 292 4235 tum
310 4175 424 4252 aliuuid
441 4177 566 4238 ualeret.
582 4176 674 4242 Porro
702 4173 811 4238 veihos
839 4175 933 4234 divini
963 4174 1095 4235 verbim

228 4258 333 4318 multis
348 4257 459 4318 similis
472 4265 503 4320 et
516 4259 654 4333 aequalis
667 4264 715 4320 εει
735 4256 855 4332 corpori
884 4255 1007 4318 Christi.
1023 4255 1096 4318 Nem

229 4345 262 4399 ut
277 4340 352 4400 illud
368 4345 416 4401 est
430 4343 610 4412 immortale,
627 4337 831 4418 impassibilem
859 4337 923 4400 Deo
950 4338 1068 4400 unitum
1087 4359 1095 4400 ι

229 4423 269 4481 ita
285 4422 396 4484 veritas
409 4424 491 4484 uerbi
507 4423 616 4486 Christi
637 4431 685 4485 εει
706 4430 840 4494 aeterno,
870 4420 1094 4498 iromutahilis,

229 4503 343 4565 diuina.
358 4503 395 4565 Ει
406 4505 487 4566 sient
500 4506 575 4568 illud
592 4522 704 4583 eorpus
719 4507 806 4566 detur
827 4503 918 4566 nohis
944 4507 974 4564 in
990 4507 1096 4582 speeie

228 4600 332 4648 rerum
348 4586 513 4650 visibilium
540 4606 575 4650 oe
592 4597 790 4652 terrenorum:
814 4586 853 4648 ita
881 4585 960 4650 haee
985 4590 1096 4650 ueritas

229 4668 318 4730 ‹ielrrr
341 4669 430 4731 nobis
455 4671 486 4732 in
502 4671 600 4750 signis
615 4672 749 4734 externis
777 4667 932 4738 literarum
960 4674 991 4730 ει
1005 4685 1096 4731 εοιιο-

229 4752 425 4823 reordinare
447 4753 502 4814 istu
515 4754 637 4816 collatio
659 4751 820 4833 Augustini
843 4750 934 4814 nobis
963 4752 1094 4814 maxime

228 4833 320 4896 taret.
336 4832 408 4896 Nam
424 4833 497 4898 hine
518 4839 667 4914 sequitur.
691 4853 762 4899 rere
784 4849 854 4900 osse
870 4840 1043 4912 peceatum,
1067 4842 1097 4897 et

228 4932 322 4994 grove
333 4924 504 4995 peceatum,
521 4919 624 4982 sinere
639 4920 859 4982 Eucharistiam
875 4917 906 4978 in
923 4923 1033 4979 terram
1046 4934 1094 4978 oe·

229 4997 315 5072 dere,
339 4999 420 5061 sieut
432 5006 482 5063 est
493 5010 664 5079 peceatum,
681 5008 712 5064 ct
730 5018 821 5078 greve
837 5006 1007 5076 peecatum,
1020 5017 1093 5061 eon·

229 5087 351 5156 ceptam
364 5080 397 5142 iu
413 5082 505 5150 corde
520 5085 673 5146 ueritatem
690 5085 825 5160 extingui
841 5081 1027 5143 sinereznon
1042 5098 1095 5143 eu·

230 5169 291 5223 tem
306 5170 355 5226 est
368 5172 539 5242 peceatum,
554 5183 665 5243 nquam
679 5167 821 5246 baptismi
834 5163 864 5224 in
878 5169 987 5226 terrum
1003 5163 1095 5242 proji-

229 5260 314 5320 cere,
326 5260 405 5322 quoe
420 5253 521 5310 tamen
533 5251 613 5329 apud
628 5249 818 5312 aduersarios
833 5261 894 5309 nou
909 5246 1012 5308 minus
1026 5263 1095 5308 san·

229 5336 277 5390 eto
291 5335 349 5401 est,
362 5347 452 5409 qnam
469 5330 671 5394 hercharistia.

271 5409 382 5472 Ultimo
399 5413 743 5490 proteruntscrmonem
770 5413 807 5474 ad
838 5410 980 5479 intentes,
1004 5410 1094 5490 eujus

227 5489 430 5569 fragmentum
446 5497 550 5558 recitat
563 5497 643 5560 beda
659 5498 689 5558 in
702 5515 770 5576 cap.
789 5495 838 5558 te.
861 5492 971 5573 prioris
983 5495 1019 5554 ad
1037 5497 1091 5555 Co·

227 5573 371 5637 riuthios:
391 5577 480 5652 Quod
493 5581 742 5660 uidistisinquit,
758 5581 971 5656 perdiscendi
987 5575 1089 5650 cotiae,

228 5659 317 5735 quod
327 5658 420 5721 uobis
434 5662 532 5722 ctiam
546 5663 647 5725 oculis
661 5663 871 5726 renunciant:
880 5660 968 5738 quod
982 5663 1093 5721 autem

227 5745 307 5826 tides
321 5749 428 5807 uestro
439 5746 581 5821 postulet
595 5743 902 5820 instruendupouis
918 5747 962 5804 εει
976 5758 1092 5820 eorpus

863 406 907 466 DE
926 402 1147 463 stult-thelim
1167 402 1410 465 edcththisrttu

1145 536 1270 616 Christi,
1286 546 1315 603 ct
1325 538 1418 605 eoliae
1431 542 1477 601 est
1489 538 1636 619 sormuis.
1650 538 1687 603 tu
1701 540 1864 615 initurum
1878 540 2006 609 dixisset

1144 619 1295 685 Christum
1311 638 1382 687 esso
1397 623 1428 683 in
1444 624 1543 695 noeto,
1559 625 1688 702 nouerit:
1709 623 1871 699 Quomodo
1883 631 1928 689 εει
1945 645 2005 706 pu-

1142 706 1195 767 nis
1210 722 1327 787 cerpus
1340 704 1429 784 eires?
1450 712 1479 767 ει
1494 706 1594 773 eoliae.
1610 706 1661 769 uel
1682 708 1770 787 proed
1783 708 1878 771 ltobct
1892 710 2005 785 euim,

1143 792 1304 867 petoneodo
1320 795 1365 851 εει
1378 790 1515 865 sanguia
1530 789 1619 868 ejus?
1633 790 1745 853 deinde
1761 792 2009 869 respondentem

1141 870 1344 948 lintresideo
1360 872 1749 949 decoreturoocroeeeero,
1773 874 1854 953 quin
1877 874 1915 937 iu
1941 876 2007 939 illis

1143 954 1237 1016 uliud
1250 955 1388 1025 uidetur,
1413 954 1507 1017 olittd
1522 954 1726 1033 intelligitur:
1749 957 1838 1039 quood
1856 957 2006 1033 uidetur,

1141 1038 1280 1113 speciem
1295 1036 1391 1099 hehet
1405 1038 1622 1115 corporalem:
1632 1039 1721 1117 quod
1731 1038 1954 1117 irruet-eguus
1995 1073 2007 1087 ·

1142 1126 1229 1181 etum
1243 1118 1560 1197 teobetspe'ritnotem.
1579 1119 1699 1197 Corprn
1721 1138 1796 1199 erpo
1827 1121 1953 1196 Christi,
1974 1124 2008 1185 si

1141 1203 1189 1263 eis
1203 1202 1393 1279 meroingum,
1407 1203 1490 1265 aredi
1514 1202 1702 1283 Apostolum
1716 1206 1888 1267 dicentem:
1905 1206 1958 1269 ton
1972 1222 2007 1269 ε-

1141 1286 1197 1345 stis
1214 1300 1331 1363 eorpus
1347 1284 1464 1347 Christi
1478 1289 1537 1347 elo.

1184 1366 1379 1446 Respondeo:
1393 1368 1465 1429 tota
1487 1370 1533 1429 ris
1550 1367 1643 1446 hujus
1658 1367 1823 1430 testimonii
1839 1368 1870 1431 in
1885 1369 2007 1433 duobus

1142 1448 1240 1528 posita
1256 1457 1313 1513 εει.
1329 1448 1429 1517 Primo
1446 1452 1475 1511 in
1490 1466 1538 1524 eo,
1552 1451 1633 1529 qood
1646 1450 1833 1529 Augustinus
1847 1452 1939 1527 dieat,
1952 1470 2007 1533 pa·

1143 1548 1213 1595 uern
1229 1549 1298 1595 esse
1313 1532 1442 1611 id,quod
1457 1539 1504 1595 est
1519 1533 1549 1593 in
1565 1534 1660 1603 altari,
1679 1539 1711 1594 ιιι
1725 1534 1805 1595 oeuli
1818 1534 1877 1613 ipsi
1891 1551 2006 1599 renuu-

1144 1617 1236 1677 oiant.
1250 1616 1393 1678 Secundo
1405 1617 1485 1691 ouon
1503 1616 1539 1677 ad
1551 1616 1937 1693 quaestionanduonodo
1953 1636 2006 1696 po·

1142 1696 1189 1758 uis
1206 1706 1252 1761 est
1274 1714 1386 1777 corpus
1402 1697 1524 1772 Christi,
1549 1700 1574 1759 si
1591 1696 1731 1761 Christus
1760 1705 1808 1761 εει
1832 1700 1863 1761 in
1886 1700 2007 1763 coelo?

1142 1797 1203 1841 non
1217 1780 1411 1859 responderit
1426 1781 1613 1859 Augustinus
1626 1797 1681 1858 per
1696 1783 1976 1847 transmutationem
1994 1801 2005 1860 ς

1141 1870 1193 1925 εει
1208 1864 1321 1944 aliquid
1339 1862 1504 1941 ejusmodi,
1521 1864 1576 1925 sed
1592 1862 1712 1938 dixerit,
1729 1870 1918 1927 sacramente
1933 1882 2006 1929 esse

1142 1946 1229 2023 signe
1246 1946 1396 2025 quaedam
1413 1944 1543 2007 risibilia
1568 1951 1598 2007 et
1612 1947 1782 2025 corporalia
1797 1963 1899 2011 rerum
1915 1948 2006 2027 spiri·

1142 2030 1269 2089 tunlinm
1283 2036 1313 2088 et
1329 2027 1581 2105 intelligibilium.

1181 2112 1226 2173 hd
1251 2110 1382 2171 trimum
1399 2110 1486 2173 terite
1517 2117 1563 2173 εει
1586 2110 1787 2187 respondere.
1817 2110 2007 2191 Augustinus

1141 2197 1222 2255 enim
1238 2194 1382 2267 declaret,
1399 2192 1471 2273 quid
1487 2196 1536 2265 sit,
1547 2193 1629 2271 quod
1646 2200 1693 2255 est
1709 2196 1737 2253 in
1754 2194 1850 2268 altori,
1866 2212 1902 2257 ae
1917 2195 2004 2273 dicit,

1143 2292 1253 2353 penem
1269 2290 1353 2347 esse,
1371 2276 1470 2355 quoad
1494 2277 1632 2353 speeiem
1658 2274 1851 2349 exteriorem,
1875 2283 1908 2339 ut
1923 2282 2007 2343 oculi

1142 2366 1224 2419 recte
1238 2358 1390 2437 judicunh
1404 2358 1503 2436 quoad
1517 2359 1693 2421 interiorem
1706 2358 1917 2435 substantium,
1932 2376 2006 2425 esso

1141 2458 1253 2518 eorpus
1276 2440 1398 2515 Christi,
1426 2447 1457 2501 ut
1475 2438 1551 2502 tides
1567 2447 1649 2501 recte
1662 2439 1792 2517 judicat.
1815 2441 1886 2505 Nam
1903 2444 1929 2506 si
1946 2444 2007 2507 Au·

1140 2525 1282 2601 gostinus
1298 2524 1390 2584 uellet
1405 2523 1508 2584 dicero
1526 2524 1555 2585 in
1572 2524 1656 2583 ellari
1673 2539 1743 2585 csse
1772 2540 1883 2601 penem
1913 2527 2007 2589 etiem

1141 2608 1239 2681 quoad
1253 2604 1466 2667 substantiam.
1482 2612 1511 2665 ct
1525 2606 1553 2667 id
1577 2604 1719 2684 preberet
1732 2606 1906 2671 testimonio
1931 2624 2007 2671 ocu·

1140 2689 1250 2761 lorum,
1261 2695 1293 2750 ut
1308 2688 1399 2750 rerba
1415 2687 1485 2767 ejus
1503 2689 1600 2767 prime
1614 2687 1710 2759 trente
1722 2704 1836 2753 sonere
1851 2689 2006 2765 ridentur,

1140 2778 1327 2849 repugnaret
1347 2772 1541 2849 apertissime
1558 2770 1679 2842 Cerillo.
1704 2769 1876 2842 Ambrosio,
1893 2773 2006 2852 hysse-

1139 2870 1191 2928 no,
1210 2853 1390 2931 Cpiphenio,
1404 2850 1585 2917 Gerxrdontio.
1600 2850 1827 2933 chrysostomo,
1841 2856 1892 2933 qrri
1908 2857 2008 2920 diser·

1141 2938 1179 2997 tis
1195 2938 1296 2997 uerbis
1311 2936 1417 2996 dieunt
1429 2952 1542 2997 sensus
1555 2932 1632 3008 lulli,
1650 2943 1680 2997 ot
1695 2950 1757 2997 non
1779 2952 1850 3001 esse
1864 2938 2008 3017 iudican-

1140 3020 1213 3079 dum
1230 3034 1267 3080 cx
1283 3024 1386 3096 gustu,
1410 3024 1441 3079 et
1458 3018 1594 3095 denique
1616 3033 1678 3079 non
1694 3033 1765 3080 esse
1778 3036 1901 3097 penem.
1932 3020 2009 3095 Quis

1140 3109 1241 3164 autern
1256 3100 1360 3164 eredat
1374 3099 1578 3180 Augustinum
1594 3100 1625 3162 in
1637 3115 1671 3165 re
1695 3106 1753 3164 tatu
1770 3118 1878 3183 megae
1894 3107 1937 3166 tot
1953 3104 2009 3170 Pu·

1142 3185 1239 3246 tribus
1253 3183 1465 3263 repugnasset
1495 3189 1526 3246 ει
1540 3190 1700 3262 praetereo
1723 3185 1748 3246 si
1775 3195 2008 3266 repugnasset,

1139 3267 1292 3346 utromodo
1304 3281 1362 3329 uec
1377 3266 1444 3345 ipse
1460 3283 1592 3344 unquam
1609 3282 1664 3328 εοε
1678 3269 2009 3345 reprehendisset,ueo

1139 3349 1206 3427 ipse
1223 3349 1261 3410 ah
1277 3350 1346 3410 aliis
1361 3348 1570 3428 reprehensus
1586 3349 1812 3424 luissetlQuere
1828 3368 1897 3414 cour
1912 3352 2007 3416 uerbo

1145 3433 1214 3511 ejus
1229 3431 1392 3508 «tripliciter
1408 3433 1517 3510 exponi
1533 3434 1664 3510 possint,
1689 3439 1720 3494 ει
1731 3448 1792 3494 unu
1807 3435 1899 3496 modo
1915 3450 2008 3514 repu-

1141 3522 1237 3593 gnent
1251 3513 1390 3576 l‘etribus
1405 3515 1545 3588 caeteris,
1568 3512 1628 3576 olio
1654 3516 1745 3577 mode
1770 3531 1841 3578 eum
1869 3515 1916 3578 eis
1930 3535 2006 3580 con·

1140 3604 1261 3676 gruunt,
1279 3598 1349 3676 qrris
1365 3614 1427 3668 non
1443 3596 1529 3658 ridet
1554 3601 1623 3661 uter
1644 3611 1757 3660 sensus
1786 3597 2008 3678 praeferendus

1140 3679 1196 3744 sit?
1211 3679 1390 3757 hddequod
1414 3695 1475 3740 non
1497 3679 1598 3742 solum
1623 3679 1693 3742 aliis
1721 3679 1871 3758 Patribus,
1889 3683 1945 3744 sed
1962 3689 2006 3746 ει-

1142 3763 1201 3824 iam
1217 3763 1275 3824 sibi
1293 3763 1360 3840 ipse
1381 3768 1578 3840 repugnaret,
1602 3761 1628 3822 si
1656 3777 1804 3826 sensuum
1832 3763 1951 3838 iudicio
1974 3765 2006 3830 in

1141 3845 1200 3906 troo
1216 3845 1360 3924 mysterio
1376 3844 1478 3906 loeom
1493 3843 1566 3906 dore
1581 3840 1684 3919 vellet,
1709 3853 1738 3908 ol
1755 3853 1837 3924 petet
1851 3861 1890 3910 ειι
1905 3851 1948 3910 ιοι
1961 3849 2006 3911 lo·

1141 3927 1186 3990 eis
1202 3945 1216 3988 a
1235 3927 1324 3988 rrrtbis
1339 3927 1450 3988 citatis.

1182 4011 1223 4071 Ad
1240 4007 1414 4072 Secundum
1431 4007 1605 4086 respondeo
1631 4007 1834 4088 Augustinum
1855 4010 1893 4074 ad
1910 4027 2006 4090 quae·

1142 4091 1285 4164 stionem,
1304 4091 1463 4166 Quomodo
1480 4090 1570 4169 penis
1598 4089 1638 4152 sit
1665 4101 1778 4171 eorpus
1807 4093 1936 4156 Christi?
1951 4113 2008 4159 no·

1140 4175 1237 4238 luisse
1249 4175 1365 4236 directe
1381 4173 1581 4252 respondere,
1598 4173 1668 4250 quia
1699 4189 1759 4235 nen
1776 4182 1862 4237 erant
1887 4177 2008 4242 eudilo-

1142 4275 1192 4320 res
1208 4257 1476 4338 capeces3homitia
1489 4255 1571 4317 enim
1586 4255 1638 4316 illa
1654 4255 1822 4320 hebebatur
1836 4258 1874 4319 ad
1890 4275 2008 4336 pueros

1141 4357 1251 4402 reeens
1267 4339 1445 4418 baptizatos:
1462 4337 1532 4400 ideo
1549 4337 1705 4400 monuisse
1722 4385 1731 4412 ,
1762 4346 1794 4401 ut
1822 4342 2009 4418 simpliciter

1141 4424 1313 4492 crederent,
1331 4437 1440 4501 penem
1466 4421 1550 4481 illum
1568 4435 1637 4482 esso
1653 4439 1765 4500 corpus
1787 4419 1909 4495 Christi,
1927 4431 1959 4486 ει
1975 4441 2008 4486 o·

1141 4523 1244 4584 pernen
1262 4506 1379 4576 durent,
1394 4511 1426 4566 ut
1441 4510 1546 4565 essent
1561 4504 1618 4580 ipsi
1636 4517 1747 4581 eorpus
1774 4503 1884 4568 Christi
1899 4523 1955 4584 per
1971 4507 2007 4568 h-

1141 4589 1210 4650 dem
1227 4595 1256 4648 et
1270 4603 1362 4666 opera
1379 4587 1457 4648 bone
1477 4632 1483 4650 .
1514 4583 1582 4662 quie
1599 4591 1704 4664 postea
1721 4586 1772 4650 ubi
1788 4589 1960 4651 crevissent
1976 4597 2008 4652 ει

1141 4670 1345 4749 prolecissent
1365 4669 1396 4730 in
1411 4670 1457 4730 ria
1472 4666 1538 4740 Dei,
1557 4667 1697 4746 mysteria
1713 4669 1769 4731 ista
1785 4670 1831 4732 eis
1846 4673 2006 4748 aperiren-

1142 4762 1200 4816 tur.
1214 4753 1248 4814 td
1264 4753 1302 4814 ite
1318 4769 1389 4814 esse
1402 4757 1494 4830 petet,
1511 4749 1580 4826 quie
1607 4766 1676 4810 oum
1700 4760 1783 4814 esset
1811 4755 2007 4832 propositum

1141 4837 1179 4898 do
1195 4851 1323 4914 corpore
1336 4834 1444 4896 Christi
1462 4833 1686 4909 naturali,quod
1702 4838 1793 4899 estin
1810 4836 1909 4916 coelo,
1926 4851 2007 4914 quo·

1140 4919 1232 4982 modo
1244 4919 1284 4980 sit
1299 4919 1333 4978 in
1346 4909 1545 4989 Eucharistim
1559 4913 1625 4992 ipse
1639 4915 1755 4978 omisso
1770 4933 1899 4994 corpore
1916 4919 2007 4980 Chri·

1140 5003 1177 5062 sti
1196 5001 1335 5072 ueuurali,
1353 4999 1470 5061 transiit
1485 4997 1522 5058 ud
1539 5012 1651 5076 eorpus
1666 5000 1839 5078 mysticum,
1857 5016 1893 5062 oe
1913 5001 2005 5074 dixit,

1141 5083 1445 5144 Euelraristiemesse
1467 5081 1588 5158 signum
1614 5080 1769 5142 societatis
1797 5081 1949 5154 fidelium,
1975 5091 2009 5145 ει

1142 5183 1198 5229 nos
1213 5182 1283 5228 esse
1299 5181 1412 5243 eorpus
1426 5161 1548 5236 Christi,
1579 5168 1609 5224 ει
1623 5179 1680 5224 nos
1708 5165 1892 5228 manducare
1917 5169 2007 5244 quod

1141 5265 1260 5322 sumus,
1278 5253 1308 5308 et
1322 5247 1501 5327 mysterium
1525 5251 1662 5307 nostrum
1678 5262 1748 5310 esso
1771 5247 1802 5308 in
1828 5263 1949 5320 mensa,
1975 5255 2009 5312 ει

1141 5333 1197 5393 elie
1216 5331 1244 5390 id
1260 5347 1371 5410 genus3
1387 5343 1551 5405 numquam
1567 5333 1668 5390 eutem
1690 5329 1773 5402 dixit,
1803 5345 1914 5406 panem
1930 5345 2008 5392 esse

1141 5415 1261 5490 signum
1279 5415 1418 5492 eorporis
1431 5411 1540 5474 Christi
1554 5412 1709 5485 naturalis,
1723 5419 1774 5474 aot
1789 5429 1903 5490 eorpus
1917 5420 2009 5474 nato·

1140 5499 1202 5558 rete
1220 5513 1280 5558 non
1296 5511 1366 5558 esse
1382 5494 1523 5563 inuitari,
1548 5497 1598 5552 aut
1612 5507 1682 5556 osso
1712 5494 1891 5570 symbolice,
1923 5514 2009 5574 quae

1138 5585 1221 5640 certe
1233 5579 1336 5640 dicere
1352 5578 1468 5650 debuit,
1491 5575 1516 5635 si
1533 5573 1648 5636 directe
1663 5576 1700 5638 ad
1716 5579 1929 5655 quaestionem
1957 5595 2007 5640 re·

1138 5663 1292 5740 spondere
1315 5661 1481 5726 voluisset,
1509 5664 1538 5718 ει
1568 5655 1597 5716 in
1622 5657 1742 5720 haeresi
1767 5659 2009 5724 Caluinislarum

1139 5745 1256 5808 luisset.
1275 5743 1359 5806 Siout
1371 5758 1444 5822 ergo
1460 5739 1504 5801 ilii
1519 5757 1535 5802 a
1552 5737 1641 5803 nobis
1653 5749 1815 5822 quaerunt,
1832 5759 1927 5823 quare
1945 5745 2009 5808 Au·
