4084 6275
829 386 924 444 crlrcu
943 380 1067 444 cernes
1693 394 1749 451 aaa
1781 360 1786 374 '

56 530 144 609 hrrjus
165 526 331 607 appellant,
345 527 376 587 in
392 523 512 588 actione
528 524 716 604 poenitentis
727 522 911 586 consistere.
959 519 1069 582 Christi
1086 522 1216 599 accipiat
1229 524 1287 584 uirn
1299 542 1387 587 suom
1410 526 1447 588 ah
1475 532 1543 589 actu
1570 526 1725 606 heminis3
1742 546 1821 609 quae

5 629 6 660 ι
55 611 138 692 Quod
155 610 280 689 quidem
292 626 397 671 rerum
421 626 503 683 esse,
519 626 610 671 rrerrro
623 608 748 668 sobrius
765 607 887 681 aregahit
904 626 912 667 :
960 611 1008 664 est
1025 605 1175 667 horrenda
1194 606 1397 685 blasphemia.
1424 613 1458 671 ιιι
1480 610 1631 672 luorrcnda
1647 612 1749 690 potius
1766 613 1820 673 im·

56 701 143 775 cujus
154 696 237 755 euim
249 693 330 753 actio
344 708 415 754 esse
427 701 529 773 potest
544 693 670 761 dolere,
687 690 828 751 coobtcri
843 737 851 759 ,
867 708 915 749 sa·
960 686 1104 763 pudentia
1123 690 1298 752 ruenticntis
1315 693 1473 767 lleshusli,
1488 710 1578 771 quam
1596 694 1656 755 ulla
1672 696 1822 758 catechis-

5 805 6 812 ι
55 782 204 849 tistacere,
223 776 283 837 nisi
298 776 366 843 eius
381 779 433 852 qui
449 777 544 845 dolel,
561 773 733 836 cantitetur.
751 772 915 833 satisfacit?
960 770 999 828 mi
1014 770 1204 848 blasphemia
1219 775 1277 835 hoe
1294 775 1362 836 loco
1378 777 1560 854 reperietur.
1577 775 1611 838 ld
1624 776 1704 839 enim
1721 780 1821 840 solum

4 887 6 900 .
55 865 179 925 Sestum
194 874 409 921 errorcmesse
421 858 592 938 dicitquod
606 857 914 917 Paenitentiasccun-
959 854 1167 917 catechismus
1182 856 1283 926 docet,
1296 858 1324 918 ui
1340 853 1523 921 sacramenti
1539 905 1546 930 ,
1564 866 1596 921 ul
1610 859 1704 921 diuini
1720 860 1822 937 cujus·

5 975 6 990 ι
54 948 123 1008 dum
147 942 409 1003 hahitumdcheut
424 958 494 1003 esse
520 946 679 1018 perpetua,
696 939 868 999 secundum
885 956 914 997 a·
959 936 1253 1008 damulustrumeuli
1271 939 1381 1001 Christi
1406 944 1587 1019 sanguinem
1610 944 1646 1001 ed
1670 958 1726 1005 nos
1742 946 1821 1005 deri·

4 1049 6 1078 ι
53 1036 131 1089 ctum
150 1042 211 1085 uun
228 1026 313 1086 item
330 1024 416 1086 Hanc
431 1040 502 1084 vem
518 1023 701 1084 sententiam
715 1022 784 1098 quis
801 1031 912 1097 crepet,
963 1020 1037 1089 uari,
1055 1036 1116 1095 quo
1132 1028 1255 1096 peccata
1273 1030 1451 1101 purgentur:
1470 1040 1530 1085 non
1554 1024 1654 1086 butem
1676 1024 1723 1105 (ιιι
1738 1042 1821 1088 mea·

51 1114 76 1174 si
92 1124 158 1170 eam
175 1107 341 1185 intelligat?
353 1122 411 1167 uec
426 1108 508 1167 enim
524 1105 744 1167 Paenitentiam
761 1116 828 1163 actu
844 1121 915 1181 nge·
960 1102 1032 1161 titur
1049 1100 1232 1175 lleshusius)
1249 1103 1359 1167 Gluristi
1375 1108 1556 1186 sauguinem
1569 1110 1730 1169 ulmenam
1747 1126 1822 1171 asa·

51 1211 84 1256 rc
98 1194 171 1252 dum
186 1191 356 1252 dormimus
371 1205 535 1267 possumus
550 1188 686 1263 (uinaria
700 1187 915 1266 negotiaquae
960 1186 1126 1245 crementis
1142 1187 1339 1265 acciperem
1356 1190 1437 1249 enim
1455 1190 1557 1249 nullus
1571 1206 1702 1267 uuquam
1721 1208 1822 1270 neque

52 1272 261 1337 Paenitentiam
272 1274 425 1333 actionem
447 1271 629 1348 impediunt,
654 1287 737 1331 nunc
752 1270 915 1348 omittam)
960 1267 1098 1344 scripsit,
1119 1284 1221 1347 neque
1235 1270 1395 1331 samalach
1410 1272 1642 1333 catholicorum.
1668 1271 1750 1335 Haec
1771 1291 1823 1337 au-

51 1359 183 1436 proiadc
199 1360 349 1433 perpetuo
366 1356 446 1415 illam
464 1370 554 1433 agere
567 1354 694 1414 minime
721 1368 913 1429 possumus:
962 1357 1021 1409 lem
1038 1356 1110 1409 sunl
1126 1352 1215 1412 verba
1239 1354 1442 1425 catechismi,
1467 1368 1546 1429 quac
1569 1354 1699 1415 citantur
1727 1356 1821 1420 etiam

48 1442 153 1505 habitu
172 1446 274 1499 autem
290 1446 450 1516 promptos
474 1454 510 1496 ac
536 1441 656 1513 paratus
685 1438 723 1496 ad
751 1435 914 1496 Pocrritca-
960 1434 999 1491 eh
1015 1434 1203 1494 aduersario:
1220 1433 1403 1499 dumnemo
1417 1439 1556 1498 saliatem
1575 1437 1642 1497 nisi
1659 1452 1718 1514 per
1735 1438 1822 1500 chri·

50 1529 119 1586 tium
132 1522 285 1600 agendam
302 1524 328 1582 sl
344 1536 395 1581 res
411 1520 547 1598 postulet
561 1535 631 1580 esse
662 1535 723 1580 rrun
753 1518 918 1581 dehereec
959 1522 1065 1581 stam.
1090 1516 1223 1596 cjaasquc
1252 1518 1414 1593 passionis
1442 1518 1636 1595 bestesiacum
1664 1522 1821 1599 consequi

49 1622 153 1687 posse,
172 1608 244 1679 quis
259 1618 393 1680 unquam
410 1601 564 1663 inlicietus
579 1602 642 1663 est?
956 1600 1068 1675 possit,
1092 1600 1357 1674 cerasuntensium,
1372 1602 1528 1680 nobisque
1540 1602 1751 1665 utilissimum
1760 1604 1825 1681 scil

92 1689 235 1748 llrrorem
253 1686 302 1747 13.
320 1700 391 1747 esse
406 1686 587 1764 dicitquod
603 1684 681 1745 lldes
698 1698 760 1743 nun
784 1681 824 1744 sil
840 1700 912 1761 pars
960 1682 1122 1756 ejusmodi
1142 1691 1386 1746 sacramentnm
1404 1686 1545 1749 institui.
1567 1686 1661 1760 cajeta
1683 1686 1717 1746 oi
1737 1693 1765 1748 el
1781 1686 1824 1763 er·

5 1785 6 1826 l
50 1770 261 1851 poeniteutiae
276 1816 284 1837 .
302 1770 357 1829 sed
373 1786 439 1828 eam
455 1770 628 1829 antecedat.
646 1766 682 1827 lh
698 1767 777 1827 hauc
789 1776 915 1827 senten·
957 1765 1106 1840 ficientia
1120 1764 1381 1842 directissimam
1393 1768 1438 1830 od
1451 1782 1511 1828 nos
1525 1766 1825 1845 depraearpeccctc

51 1859 134 1924 tiam,
151 1854 176 1913 si
195 1868 249 1930 per
262 1851 354 1912 tidem
371 1852 558 1928 intedigatur
572 1851 602 1911 id
615 1849 697 1929 quod
712 1850 855 1910 catholici
869 1852 915 1910 in·
958 1856 1031 1924 post
1053 1848 1255 1926 baptismam
1278 1851 1422 1912 admisso
1443 1850 1573 1912 cineret.
1598 1850 1663 1923 Quo
1678 1850 1747 1912 luco
1764 1868 1825 1912 uon

5 1983 6 1990 ,
52 1939 205 2015 telligunt,
222 1933 329 1995 ilrmos
344 1933 489 1996 videlicet
503 1948 652 1994 assensus
678 1933 716 1991 ad
732 1947 767 1993 eu
784 1933 885 1994 omnia
905 1980 914 2006 ,
959 1930 1114 2009 signillcat
1128 1932 1347 2004 catechismus,
1360 1935 1387 1994 ni
1404 1937 1435 1995 cl
1448 1930 1615 1995 ellicicntin
1627 1932 1824 2001 sacramenti,

50 2038 128 2098 queo
144 2018 229 2079 Deos
245 2018 338 2077 uerbo
354 2016 563 2077 saorerelare
592 2016 736 2094 dignatos
762 2023 831 2092 est;
856 2032 916 2077 nec
960 2013 1072 2074 Christi
1109 2016 1291 2093 sauguinem
1321 2021 1445 2094 peccata
1472 2016 1603 2076 eluere:
1628 2015 1683 2077 sed
1710 2012 1824 2077 Christi

50 2101 229 2171 humerosi,
245 2116 304 2161 nec
318 2099 373 2160 ulli
389 2100 516 2161 omnino
531 2099 674 2160 homines
696 2112 808 2176 negare
831 2104 916 2174 pole·
960 2096 1212 2174 sanguinemqui
1230 2099 1316 2159 sulas
1334 2104 1457 2175 peccata
1474 2104 1574 2159 nostru
1592 2099 1697 2159 eluere
1711 2104 1825 2177 potest,
1918 2147 1923 2156 .

52 2195 131 2247 runt.
146 2183 212 2245 ilasi
225 2183 307 2243 cuim
321 2184 390 2258 uuis
401 2181 511 2256 licum,
529 2187 702 2258 peccatum,
729 2180 886 2258 judicium
906 2228 914 2252 ,
961 2183 987 2239 ιι
1010 2188 1042 2241 et
1055 2178 1217 2241 ellicicntiu
1233 2182 1415 2243 sacrementi
1428 2183 1464 2242 ad
1477 2196 1535 2241 nus
1547 2178 1697 2241 defluere.
1711 2180 1752 2241 Ex
1764 2198 1825 2259 quo

53 2278 83 2331 et
97 2272 156 2329 ulia
173 2268 203 2326 id
220 2281 320 2339 cenos
335 2282 407 2327 esse
422 2272 507 2325 certo
522 2263 709 2332 credal,ireri
726 2279 787 2323 non
802 2268 915 2341 potest.
960 2278 1022 2323 non
1040 2265 1137 2339 magis
1153 2263 1292 2341 sequitur
1309 2311 1316 2331 ,
1340 2262 1459 2326 dhristi
1488 2263 1669 2341 sanguinem
1692 2280 1824 2325 usuum·
1852 2312 1856 2323 .

52 2360 84 2413 ut
99 2351 134 2410 ad
156 2348 378 2409 Paenitentiam
405 2346 591 2408 adducatur:
619 2361 716 2423 quare
745 2346 803 2405 nisi
832 2344 916 2409 lldes
961 2353 1066 2406 mento
1081 2350 1139 2405 ιιιιι
1157 2348 1282 2407 eluendi
1299 2353 1421 2423 peccalo
1438 2348 1590 2423 accipere,
1608 2360 1697 2421 quam
1715 2362 1825 2425 sequa·

5 2451 6 2476 ι
53 2433 226 2513 praecedat,
244 2432 434 2492 Paenitentia
450 2446 615 2508 numquam
631 2429 851 2505 subsequetur.
962 2437 1021 2499 tur,
1039 2444 1148 2506 aquam
1163 2431 1220 2488 aira
1239 2430 1433 2491 humectandi
1450 2448 1465 2489 a
1482 2428 1579 2494 canali
1596 2429 1825 2507 acciperc,qoia

92 2517 235 2577 Errorcm
250 2511 299 2574 tl.
317 2512 565 2591 numerat,quod
581 2511 695 2589 duplex
721 2515 761 2572 sit
782 2512 870 2572 ‹lulor
885 2514 915 2573 in
960 2528 1017 2590 per
1039 2511 1177 2571 carnalem
1198 2512 1380 2574 descendit:
1407 2511 1456 2572 vel
1482 2518 1566 2572 certe
1592 2510 1748 2572 lucernum
1779 2512 1825 2573 lu·

5 2617 6 2622 ¹
51 2595 916 2671 contritione,onarssationalls,sliersensualis.quod·
958 2594 1051 2655 cendi
1068 2593 1127 2654 vim
1144 2594 1520 2667 marcuartauuudelaluu,
1546 2596 1616 2672 quia
1641 2608 1698 2671 pet·
1712 2596 1824 2657 cunde-

52 2699 111 2758 quc
128 2683 212 2758 prior·
228 2680 405 2741 necessario
421 2681 458 2738 ad
474 2677 690 2738 contritionem
714 2678 887 2754 acquiratur
907 2725 915 2749 ,
962 2677 1086 2738 labrum
1100 2678 1235 2739 delectur
1250 2678 1285 2737 ad
1303 2678 1415 2739 aulam.

50 2764 207 2843 posterior
222 2777 282 2821 aron
299 2762 384 2823 item.
402 2761 437 2821 hl
451 2761 502 2822 hic
516 2776 594 2840 quac
610 2760 759 2821 dubitatio
775 2758 846 2838 [lagi
865 2777 916 2839 pu·
1001 2759 1035 2819 ln
1053 2774 1157 2821 errore
1175 2760 1223 2823 ttt.
1238 2765 1321 2821 notul
1335 2776 1372 2821 ex
1391 2758 1530 2823 Gratiano
1553 2762 1583 2817 et
1598 2756 1822 2835 megnhardo,

49 2848 127 2907 test?
142 2843 465 2923 Neguhitlilaaannus
488 2846 669 2914 homiuem,
698 2850 729 2903 el
755 2849 918 2910 manicat
961 2841 1190 2905 seraelteatum
1215 2843 1435 2904 Paenitentiam
1459 2840 1624 2918 agipossc.
1655 2840 1714 2902 Sed
1742 2857 1827 2904 more

49 2945 146 2990 carne
162 2929 304 2987 delorem
319 2942 413 3006 posse
427 2926 610 3003 concipere?
631 2932 661 2986 at
683 2926 709 2986 si
736 2927 765 2985 id
797 2935 915 3003 oeqct,
961 2927 1232 3001 suoimpostorem
1255 2924 1416 3005 egitham
1443 2924 1603 2984 Gratianus
1632 2921 1768 2985 distinct.
1793 2925 1824 2985 ².

49 3014 210 3088 angelum,
227 3010 274 3068 cel
290 3008 437 3081 belluam,
456 3024 516 3070 nolu
533 3009 688 3069 huminem
714 3008 810 3070 dahit.
823 3010 917 3086 llcpa-
962 3017 993 3071 et
1008 3009 1038 3070 3.
1056 3010 1095 3067 dc
1107 3007 1344 3076 Paenitentie,et
1357 3004 1578 3084 Lorlgohardus
1593 3004 1826 3069 linteamen.

49 3096 96 3157 hit
111 3094 252 3155 dolorem
269 3092 354 3153 illum
370 3093 422 3170 qui
435 3098 537 3153 mente
551 3092 734 3170 concipitur.
749 3091 817 3153 sine
833 3093 919 3154 dola·
963 3093 1102 3154 dlstlact.
1121 3092 1170 3156 tl.
1189 3092 1347 3170 proterunt
1369 3090 1449 3152 veria
1478 3088 1601 3149 Patruus
1629 3087 1827 3161 testimonis,

49 3195 84 3238 ro
100 3174 260 3244 seusitnti,
276 3181 367 3253 atquc
383 3181 509 3236 esterno
524 3189 596 3236 esse
625 3176 747 3253 posse?
775 3179 811 3236 dt
826 3193 916 3252 quam
963 3191 1044 3255 quae
1060 3175 1090 3235 in
1101 3179 1209 3252 specie
1226 3175 1377 3237 concerta
1404 3169 1475 3234 esse
1492 3172 1655 3242 ridentur,
1685 3171 1830 3234 cremella

50 3276 148 3338 saepe
161 3259 339 3334 experimur
354 3259 414 3336 ipsi
441 3259 472 3318 ia
499 3257 600 3327 nohis,
617 3274 688 3319 cum
703 3273 769 3320 rem
784 3258 918 3333 aliquam
962 3258 1061 3320 semel
1086 3263 1200 3319 tantum
1217 3256 1439 3320 Paenitentiam
1454 3254 1514 3332 agi,
1537 3251 1594 3312 alia
1624 3254 1751 3332 saepius
1777 3255 1831 3316 ite·

53 3343 237 3421 gravissime
253 3344 356 3403 animo
372 3356 572 3403 aversemur.
601 3340 733 3419 ejusque
758 3357 816 3402 nos
831 3343 919 3403 valde
962 3341 1022 3403 rari
1039 3357 1132 3419 posse
1148 3343 1331 3402 concedant:
1348 3337 1404 3399 sed
1419 3338 1513 3398 iidem
1539 3340 1680 3398 auctores
1707 3336 1827 3406 Petrum

49 3426 229 3503 poeniteat,
254 3429 356 3485 tamen
373 3425 559 3502 lachrymam
589 3437 680 3484 unam
709 3440 768 3486 nos
796 3424 913 3500 ipsese
965 3424 1047 3485 dicta
1065 3423 1233 3484 conciliant
1247 3439 1282 3484 ac
1295 3423 1408 3486 docent
1423 3417 1643 3480 Paenitentiam
1661 3419 1835 3482 solemnem

53 3510 145 3570 ruarhis
162 3510 329 3582 impetrare
345 3523 405 3567 non
422 3507 533 3585 posset
546 3506 617 3584 quis
641 3521 713 3567 uero
730 3506 920 3569 Christianus
965 3523 1027 3566 non
1044 3506 1102 3566 nisi
1118 3504 1228 3572 semcl'.
1244 3505 1389 3584 privatam
1405 3501 1529 3578 saepius
1544 3500 1671 3562 concedi
1695 3502 1829 3564 solitam.

53 3592 191 3668 ambigat
204 3589 244 3649 ad
261 3591 385 3667 peccati·
395 3589 629 3650 detestationem
648 3635 656 3655 .
687 3605 741 3650 cor
756 3591 919 3651 contritum
964 3588 1139 3651 lleshusius
1155 3594 1256 3649 aulem
1271 3593 1303 3648 ut
1314 3583 1507 3663 simplicibus
1520 3583 1667 3659 imponat,
1684 3599 1762 3660 quae
1779 3601 1831 3646 au·

54 3682 85 3735 et
99 3675 245 3751 spiritum
261 3671 510 3735 contribulatum.
524 3669 614 3733 etiam
628 3673 696 3734 sine
707 3672 920 3751 corporalibus
964 3679 1067 3733 clercs
1082 3671 1126 3732 illi
1142 3687 1197 3748 pro
1214 3687 1272 3732 una
1286 3675 1371 3748 parte
1387 3663 1578 3743 quaestionis
1605 3666 1771 3740 adducunt,
1790 3665 1830 3730 itu

54 3755 224 3835 lachrymis
239 3769 334 3831 posse
348 3753 519 3817 subiceret
965 3756 1049 3827 citat,
1063 3771 1098 3816 ac
1110 3753 1136 3815 si
1148 3771 1183 3815 ea
1198 3752 1351 3815 scatentia
1368 3748 1588 3812 catholicorum
1604 3753 1699 3809 esset.

94 3838 241 3900 Errccem
256 3836 308 3898 25.
324 3838 405 3909 lucit,
422 3837 504 3916 quod
527 3835 692 3914 perlectam
705 3835 921 3899 contritionem
1007 3836 1043 3898 ln
1060 3853 1163 3899 errore
1179 3837 1231 3898 et.
1248 3831 1468 3898 catechismum
1484 3845 1643 3890 rothanum
1660 3836 1691 3890 et
1711 3829 1833 3910 Tappo·

56 3936 127 3982 esse
141 3928 290 3998 oportere
305 3921 454 3994 dicamus,
472 3924 503 3981 et
518 3925 632 3979 tuntum
645 3920 782 3981 dolorem
796 3936 832 3982 ca
850 3937 921 3996 pec·
967 3937 1035 3982 rum
1051 3919 1266 3996 reprehendit,
1285 3917 1366 3996 quod
1383 3912 1758 3983 asserunt,contrltionem
1775 3929 1837 3974 oon

53 4005 131 4064 calis
146 4003 438 4081 concipiendorum
453 4003 552 4080 major
566 4009 699 4078 nequeat
713 4005 852 4081 eogitari:
869 4019 921 4064 cu·
965 4019 1037 4065 esse
1053 4019 1132 4082 opus
1145 4002 1278 4080 Spiritus
1294 3996 1405 4068 sancti,
1420 3996 1478 4066 ,scd
1495 4001 1596 4055 actum
1612 3995 1790 4066 rolualalis,
1809 3997 1837 4057 vi

52 4087 103 4166 jus
119 4088 238 4147 errrrris
254 4092 409 4148 auctorem
425 4085 496 4148 iacit
507 4085 728 4146 catechismum
744 4101 917 4146 romanrun.
966 4087 1056 4147 tiberi
1069 4085 1184 4149 arbitrii
1203 4084 1350 4146 elicitum.
1369 4079 1423 4141 llic
1439 4094 1510 4139 uero
1523 4077 1763 4138 audacissimum
1779 4077 1836 4139 im·
1902 4119 1906 4128 ·

55 4171 113 4230 Sed
130 4170 249 4230 lallltut·
263 4167 448 4230 lleshusias:
466 4167 622 4229 nonenim
638 4170 809 4230 sententiae
838 4169 922 4230 illius
968 4175 1122 4248 pastorem
1139 4169 1211 4246 agit:
1230 4165 1281 4227 ruhi
1297 4166 1391 4234 enim,
1408 4175 1535 4234 quaeso,
1559 4160 1589 4220 in
1607 4164 1669 4221 totu
1685 4159 1836 4222 catechis-

54 4254 268 4313 catechismus
282 4267 439 4322 romanus,
455 4252 511 4312 sed
528 4250 659 4322 Spiritus
670 4258 796 4312 sanctos
809 4259 856 4312 cst
871 4269 925 4312 aar·
969 4268 1032 4321 ano,
1056 4259 1106 4313 aut
1121 4249 1152 4312 in
1169 4251 1314 4312 omnihus
1329 4245 1458 4324 ‘lappcri
1476 4242 1562 4303 libris
1591 4241 1764 4304 invenietur
1783 4243 1836 4304 illu

61 4344 136 4400 ctor.
155 4335 210 4414 qui
227 4349 299 4398 cum
316 4343 346 4396 et
360 4333 485 4414 liapsis,
501 4338 532 4394 et
547 4332 659 4394 Christi
676 4333 777 4413 ipsius
792 4350 845 4396 urc
862 4341 923 4394 tam
971 4335 1105 4408 necatio,
1123 4351 1183 4394 aon
1197 4349 1268 4394 esse
1285 4327 1498 4392 contritionem
1524 4339 1604 4402 opus
1619 4323 1750 4401 Spiritus
1766 4339 1836 4386 sen·
1900 4341 1901 4344 ¹

56 4433 150 4495 saepe
167 4425 301 4479 testatus
316 4420 367 4493 sitr
384 4419 480 4478 licum
496 4421 557 4476 tola
572 4423 697 4487 mente,
716 4424 778 4478 tuto
806 4419 898 4477 corde
917 4464 925 4491 ,
972 4417 1149 4478 ctitllieunt
1164 4417 1288 4494 quidem
1305 4418 1410 4474 auctor
1424 4407 1604 4472 catechismi
1621 4413 1651 4468 et
1665 4407 1836 4484 Tepperus:

56 4508 147 4577 atque
163 4501 315 4562 omnihus
330 4501 458 4569 uiribus.
475 4500 568 4569 idest,
584 4514 707 4560 summo
736 4507 767 4560 cl
782 4499 928 4561 sinceris·
974 4500 1194 4562 contritionem
1210 4513 1282 4560 esse
1298 4501 1398 4556 actum
1412 4490 1588 4562 uoluntatis,
1605 4504 1664 4550 seu
1688 4488 1776 4550 liberi
1793 4504 1840 4550 ar-

57 4583 135 4644 simo
149 4600 260 4645 aurore
272 4583 463 4656 diligendum
479 4597 562 4653 esse,
581 4588 613 4641 ut
629 4581 705 4642 nihil
735 4583 763 4643 ei
779 4583 825 4643 rel
843 4590 926 4642 ante·
974 4583 1055 4645 bitril
1072 4581 1169 4660 (quod
1182 4582 1282 4642 solum
1299 4575 1474 4639 lleshusius
1489 4573 1571 4642 citat,
1596 4578 1625 4632 ct
1640 4572 1838 4634 verissimum

58 4682 223 4741 placamus,
242 4667 293 4728 rel
307 4668 539 4742 adaequemus:
556 4668 640 4725 certe
657 4664 750 4726 simul
765 4667 856 4725 ettam
872 4681 930 4726 nos
974 4665 1036 4743 est)
1052 4668 1106 4726 sed
1124 4672 1224 4726 actum
1241 4677 1311 4724 esse
1326 4659 1423 4721 solius
1439 4655 1526 4717 liberi
1541 4653 1667 4726 arbitrii,
1697 4659 1749 4714 aut
1776 4668 1839 4715 nen

5 4778 6 4793 ι
59 4751 265 4810 ardunonulsse
280 4750 459 4811 censendus
470 4753 529 4818 est,
543 4752 575 4807 ut
590 4745 629 4807 de
642 4749 777 4826 peccatis
790 4748 820 4808 iu
834 4749 928 4809 heum
976 4763 1047 4812 esse
1064 4749 1154 4810 simul
1172 4747 1304 4823 Spiritus
1320 4741 1417 4803 sancti
1439 4741 1575 4809 donum,
1594 4751 1655 4798 noo
1672 4735 1789 4798 dicuat.
1803 4733 1841 4796 lit

5 4864 6 4901 ;
58 4833 216 4903 admissis,
234 4839 300 4894 totu
315 4832 420 4903 corde,
438 4837 497 4892 lota
514 4835 641 4906 meutc3
668 4835 759 4909 utque
785 4831 931 4891 omnibus
975 4833 1106 4910 puerilis
1123 4836 1170 4896 cst
1185 4830 1235 4890 illa
1252 4823 1399 4889 ilcshusii
1425 4820 1595 4884 dialectica:
1623 4817 1771 4880 contritio
1793 4823 1842 4879 est

5 4962 6 4983 ,
59 4915 177 4974 airihus
193 4916 375 4977 doleamus:
393 4931 495 4993 neque
510 4914 552 4975 oh
567 4913 661 4973 ullius
684 4913 757 4973 honi
780 4914 872 4973 creati
887 4918 932 4986 ja·
977 4921 1064 4976 actus
1076 4914 1252 4983 voluntatis,
1271 4926 1330 4971 nou
1348 4907 1503 4983 igiturest
1524 4919 1603 4981 opus
1623 4900 1757 4980 Spiritus
1772 4915 1841 4962 san·

4 5026 7 5067 ι
57 5003 176 5056 ctorem
193 4999 317 5069 maiori,
331 5003 382 5060 aot
397 4993 817 5074 aequulldolcreaffictaruur
831 4993 931 5074 (amur
977 4997 1031 5071 cli3
1047 4999 1209 5076 quasioon
1223 4993 1322 5070 possit
1337 4992 1417 5052 idem
1434 5003 1544 5067 opusc
1567 4984 1839 5080 ileo·simul,ele

5 5110 6 5151 ι
59 5081 143 5140 caim
158 5081 280 5142 doloris
295 5097 440 5142 mensura
456 5079 517 5156 est)
534 5079 593 5140 nisi
617 5077 695 5140 iorte
718 5078 873 5140 lleshusie
890 5079 931 5139 ri·
977 5085 1080 5141 nostra
1096 5081 1250 5141 uoluntate
1272 5073 1350 5136 lieri.
1375 5071 1407 5133 S.
1425 5070 1612 5148 Augustinus
1628 5067 1684 5129 hh.
1700 5068 1739 5128 de
1754 5081 1841 5145 pree·

4 5191 8 5239 t
60 5163 334 5242 deatur‘majnrem
357 5179 428 5224 esse
442 5163 578 5226 calorem
605 5177 642 5222 ex
668 5163 818 5239 pecuniae
839 5160 933 5222 'amis-
977 5165 1246 5224 cest.suuctorum
1262 5150 1610 5246 masciacensis
1632 5149 1753 5211 ectihos
1776 5163 1842 5210 cro·

5 5247 6 5250 ’
61 5245 931 5322 ιιοιιι,ιιιιιιιιιιιι[ιοί(ιιιιιιειοιιιιιοιοιρίιιιιιιιιιι..8ιιι
977 5245 1072 5308 dendi
1089 5239 1264 5306 clamandi:
1284 5239 1468 5314 durumque,
1484 5238 1595 5312 mqurl.
1610 5239 1758 5294 ttostrttnt
1772 5235 1843 5302 esi,

4 5360 10 5407 ,
61 5329 149 5388 renio
162 5331 201 5388 ud
216 5330 359 5408 exempla
375 5329 472 5389 ultimi
489 5326 625 5407 generis,
641 5328 745 5402 idest,
761 5329 799 5390 ad
815 5329 930 5389 calum·
976 5332 1110 5408 propter
1123 5319 1529 5390 arbttmnmmluatattccl
1541 5321 1717 5396 ulnamque
1729 5315 1846 5376 dolum

4 5445 10 5491 ,
64 5411 131 5470 nias
144 5420 176 5471 et
194 5413 370 5474 mendacia.
976 5418 1023 5474 esl
1044 5415 1175 5489 propter
1195 5406 1349 5484 opimium
1362 5401 1444 5480 fidei
1458 5406 1489 5461 el
1500 5398 1681 5463 charitatis.

4 5528 9 5577 ,
103 5491 930 5558 luerrarem.aolatexcatechtsmoramauohabe·
1021 5493 1054 5555 ln
1072 5507 1175 5555 errore
1188 5488 1334 5566 &Seuius
1349 5490 1505 5546 auctorem
1521 5477 1845 5542 lleshusiusinreaire

4 5604 11 5659 p
63 5573 99 5642 ri,
115 5577 198 5651 quod
216 5579 243 5637 ιι
272 5587 303 5639 et
320 5578 455 5639 efficacia
482 5577 666 5638 sacmmcnti
693 5576 929 5642 Paenitentiae.
978 5594 1041 5639 non
1058 5577 1166 5654 potuit,
1184 5575 1260 5634 haec
1277 5569 1370 5631 verbe
1387 5565 1551 5628 hahentur:
1575 5562 1695 5626 Doceat
1717 5560 1847 5623 ubsola·

4 5688 11 5742 q
64 5660 145 5728 cuod
161 5662 310 5720 consistit
325 5662 357 5722 in
372 5667 442 5722 actu
464 5664 592 5720 externo
616 5659 774 5733 hominis,
801 5659 931 5735 sanguis
978 5662 1100 5722 tionem
1112 5659 1323 5737 peccalorum
1335 5665 1405 5712 non
1418 5653 1546 5711 tanturn
1562 5646 1600 5708 in
1614 5646 1749 5710 nominc
1772 5643 1849 5705 Jesn

4 5776 12 5828 ,
66 5737 176 5802 Christi
193 5752 300 5805 nostru
322 5750 446 5822 peccatu
472 5742 586 5818 abluat,
616 5742 678 5804 huc
702 5749 775 5817 est,
805 5742 934 5820 sanguis
989 5743 1106 5807 clar-isli
1119 5739 1233 5804 debere
1246 5736 1332 5815 ficri,
1347 5733 1405 5798 scd
1419 5737 1450 5796 et
1463 5731 1493 5794 h.
1507 5729 1646 5803 danne,
1660 5729 1849 5790 etcmniern

138 5842 313 5897 ceccanum.
332 5843 389 5900 Vul.
411 5844 458 5900 ltt·
1582 5831 1616 5885 ltl
