4084 6275
252 324 305 383 395

925 322 971 380 DE
991 322 1220 382 poentientia

185 460 245 518 beo
265 457 413 535 paulitas,
432 462 462 517 et
485 453 665 518 academiae
693 458 874 534 catholicae,
902 465 933 522 et
954 474 1053 536 nuper
1099 457 1213 537 quitur,
1230 457 1403 535 intelligere
1426 462 1495 536 post
1518 457 1641 529 iactum,
1668 454 1752 517 undo
1779 462 1809 517 el
1839 456 1979 517 Graccis

189 543 293 602 Patres
310 545 340 603 in
357 537 523 601 tridentino
540 540 672 603 conuitio
688 542 921 623 damnauerunt.
949 543 992 603 lta
1009 543 1050 602 vi·

191 626 305 685 delicat
320 624 453 687 fideliter
470 623 575 683 recitat
589 621 762 685 sententias
784 633 904 687 nostras
929 625 1054 687 Kamai·

194 709 382 852 ῑοίἰτὲῗιᾼιοοο
398 707 474 767 baec
487 704 526 767 de
548 706 710 768 calumniis
733 714 763 771 et
783 708 956 773 mendaciis
970 706 1054 770 suffi-

522 1028 641 1118 clauu
663 1053 726 1115 vn.

401 1308 445 1373 Dc
459 1310 592 1373 nominc
613 1307 846 1371 Paenitentiae.

238 1530 406 1610 Explicatis
423 1531 647 1595 baereticorum
666 1535 836 1596 mendaciis
853 1541 885 1597 et
906 1534 1055 1596 calumni-

199 1616 238 1686 is,
255 1630 339 1675 uuna
354 1615 390 1673 ad
408 1629 519 1675 nornen
536 1615 744 1679 poenitentiae
761 1618 929 1679 veniamus.
946 1617 1056 1680 Adver-

198 1698 271 1760 sarii
286 1696 324 1756 ab
340 1698 408 1775 ipsu
424 1698 631 1759 Paenitentiae
649 1703 772 1761 numine
788 1700 983 1761 fundamenta
1007 1702 1054 1781 ju·

199 1794 270 1841 cera
286 1779 438 1855 incipiunt
452 1796 590 1841 errorum
606 1798 743 1844 suorum:
762 1790 792 1844 el
807 1784 877 1861 quia
894 1783 1058 1844 Paeniten-

199 1864 238 1923 tia
254 1878 269 1921 a
286 1878 384 1938 poena
402 1862 481 1922 dicta
499 1865 628 1936 ridetur,
646 1872 675 1925 et
693 1882 791 1944 poena
817 1867 932 1927 reterre
955 1873 1056 1944 potest

203 1953 267 2006 tum
283 1945 319 2004 ad
336 1944 473 2006 dolorem
490 1946 528 2007 de
545 1949 678 2025 peccatis
695 1949 879 2027 praeteritis,
896 1966 987 2028 quam
1001 1966 1058 2011 aas

201 2028 417 2088 contritionem
433 2043 590 2100 vaearmus,
608 2039 669 2091 tum
686 2034 722 2091 aa
738 2049 805 2092 eam
819 2033 1058 2108 mantuanense

202 2109 348 2171 indiciam
364 2110 608 2184 Paenitentibus,
625 2131 766 2191 quaeque
782 2114 948 2174 satisfactio
964 2130 980 2173 a
1006 2128 1062 2174 eea-¹

200 2193 324 2254 tbolicis
340 2195 525 2268 nominatum
541 2204 702 2274 propterea
720 2198 762 2257 illi
780 2213 840 2257 non
858 2198 990 2258 libenter
1002 2198 1058 2257 bac

200 2291 275 2336 uoce
292 2281 429 2340 utuntur.
446 2284 476 2336 et
492 2275 546 2354 p'ro
562 2294 596 2339 ea
614 2280 643 2338 in
660 2280 825 2359 Scripturis
851 2280 914 2341 iere
942 2279 1057 2359 ubique

200 2357 393 2421 substituunt
408 2359 674 2434 desipiscentiam.
1045 2364 1047 2375 '

246 2442 429 2504 Laurentius
444 2442 538 2517 t'alta,
555 2445 605 2521 quii
622 2445 713 2506 ueluti
731 2460 914 2521 praecursor
936 2445 1059 2521 quidam

201 2523 393 2585 Lutberouae
409 2526 550 2587 factionis
566 2527 687 2587 ridetur
701 2528 811 2600 tuisse,
828 2530 862 2588 iu
886 2526 1060 2589 annotatiu-

201 2622 241 2668 ne
253 2606 290 2666 ad
306 2623 374 2681 cap.
392 2607 421 2667 i.
439 2609 618 2684 posterioris
633 2614 671 2671 ad
687 2608 825 2672 Corinth.
849 2611 966 2681 scribit,
995 2612 1057 2670 ele·

201 2690 355 2767 gantiores
371 2705 462 2750 uoces
477 2707 547 2751 esse
563 2690 751 2770 petiverant
765 2690 961 2772 μεταμέλειαν
973 2708 1059 2770 grae·

201 2788 375 2849 cusanam
392 2771 623 2843 Paenitentiam,
641 2777 777 2847 latinam,
801 2794 871 2854 quru
898 2776 1059 2836 Paeniten-

202 2855 242 2914 tia
258 2854 412 2931 significet
428 2849 581 2930 tristitiam¹
604 2859 774 2924 conimissi.
803 2859 873 2920 ittae
900 2856 1012 2918 mentis
1028 2873 1059 2919 e·

202 2938 442 2998 mandationem:
459 2946 551 3016 atque
566 2940 638 3000 inde
654 2942 782 3020 colligit,
796 2941 872 3001 nibil
884 2955 976 3016 agere
990 2957 1057 3014 eos,

201 3023 253 3097 qui
270 3034 307 3079 cx
323 3036 360 3079 eo
376 3019 456 3080 Parati
475 3024 542 3081 locu
558 3024 709 3100 triplicem
723 3025 869 3083 inducant
890 3022 1052 3083 Paeniten-

1098 541 1179 603 dicta
1195 546 1242 603 est
1264 542 1431 603 ttctanuea.
1802 590 1810 611 ,

1138 624 1318 686 ‘ibeodorus
1334 623 1409 685 Besa
1424 627 1529 683 annul.
1546 622 1583 682 ad
1600 620 1629 681 3.
1653 638 1722 699 οοο.
1736 621 1841 684 birlttlr.
1873 621 1979 682 inter-

1097 708 1297 784 pretationem
1328 723 1433 768 eurum
1468 703 1727 783 reprebendens,
1757 707 1810 784 qui
1851 705 1936 765 illud
1964 750 1972 771 ,

1098 785 1267 867 μετανοεῖτε
1284 806 1345 852 οοο
1361 796 1530 859 verterunt,
1547 788 1740 863 tlesipiscite.
1768 788 1825 849 sed
1855 789 1978 865 paeni·

1100 874 1329 950 leutiamagile:
1353 872 1392 933 ita
1421 873 1566 949 loquitur:
1598 868 1701 945 acela
1725 872 1981 949 interpretatio·

1098 970 1175 1017 ncne
1184 956 1307 1037 ‘manitas
1323 954 1360 1017 ob
1376 953 1796 1031 consummacionem
1818 970 1896 1015 eam
1908 970 1977 1033 po·

1101 1038 1271 1111 tissimum,
1299 1042 1387 1117 qnod
1410 1037 1508 1099 multi
1531 1038 1676 1113 irrtpcriti
1701 1040 1904 1101 occasionem
1927 1054 1978 1099 co:

1101 1120 1158 1186 icoc
1170 1118 1300 1184 dicendi
1313 1136 1429 1199 genere
1442 1121 1644 1191 antennam
1662 1118 1823 1196 tanarum
1837 1120 1974 1198 opiam·

1101 1218 1184 1263 nam
1198 1204 1238 1265 dc
1251 1204 1482 1281 satisfactione,
1499 1202 1615 1283 unibus
1630 1202 1724 1265 indie
1738 1204 1886 1281 agitatur
1907 1204 1973 1264 Ec·

1100 1286 1209 1347 etesia.
1226 1285 1307 1347 Haec
1321 1288 1383 1349 ille.
1401 1288 1526 1348 Scilicet
1538 1286 1684 1361 imperiti,
1701 1292 1731 1346 et
1745 1284 1791 1363 (ut
1814 1286 1972 1347 Erasmus

1100 1368 1297 1445 innitebatur)
1314 1372 1423 1447 uulgus
1441 1369 1608 1447 deputandi
1626 1375 1697 1428 sunt
1712 1384 1836 1433 omnes.
1853 1370 1909 1445 qui
1934 1368 1971 1428 a·

1100 1450 1149 1512 dei
1166 1453 1392 1531 simplicitatem
1409 1470 1479 1513 curu
1496 1456 1612 1513 sanastis
1630 1451 1779 1521 Patribus,
1797 1458 1827 1511 et
1842 1453 1970 1511 univcr-

1100 1550 1132 1594 sa
1150 1534 1285 1595 Ecclesia
1304 1542 1419 1596 tenent.
1438 1536 1487 1595 Sic
1499 1534 1572 1595 otim
1587 1534 1790 1607 Boreugarius
1802 1534 1971 1609 (bantren-

1101 1632 1137 1677 cu
1154 1623 1231 1679 teste
1246 1619 1274 1677 in
1290 1618 1348 1678 lib.
1366 1618 1405 1678 de
1430 1632 1560 1695 corpure
1589 1616 1714 1688 Ctr'risti)
1733 1617 1974 1678 ,cattuulicurum

1101 1701 1295 1775 sententiam,
1313 1700 1393 1778 uulgi
1409 1700 1591 1761 seutentiam
1607 1698 1792 1777 appellabat.

1144 1783 1233 1843 eona
1249 1782 1409 1861 distinguit
1434 1782 1509 1843 Besa
1536 1798 1643 1843 uocem
1670 1779 1821 1859 μετανοεῖν
1849 1799 1865 1840 a
1890 1796 1968 1842 voce

1102 1862 1309 1950 μεταμέλοθαι
1323 1882 1359 1927 ac
1375 1872 1539 1943 petacsato,
1564 1882 1641 1943 quare
1657 1880 1714 1926 vox
1740 1867 1770 1924 in
1797 1865 1971 1941 scripturis

1103 1951 1217 2024 passim
1235 1947 1379 2020 occurrit,
1397 1948 1519 2025 proprie
1535 1946 1710 2023 siguificare
1725 1946 1810 2019 dicit,
1839 1955 1915 2024 pust
1930 1947 1972 2005 ia·
2037 1972 2038 1977 ¹

1103 2036 1183 2089 otum
1197 2046 1322 2108 sapere,
1337 2034 1427 2105 eique
1443 2032 1633 2107 respondere
1651 2030 1774 2090 latinam
1788 2046 1971 2092 racemis·

1102 2112 1264 2187 sipiscerc.
1283 2116 1365 2175 unde
1382 2120 1430 2175 est
1444 2113 1704 2189 resipiscentiam
1719 2128 1824 2173 uocem
1842 2112 1970 2172 bebrai-
2037 2124 2038 2197 ζ

1102 2212 1167 2257 carn
1182 2204 1262 2273 :lm
1286 2197 1444 2265 conteuti,
1470 2196 1552 2256 unde
1568 2202 1616 2256 est
1642 2196 1773 2272 naamis
1789 2197 1971 2256 conversio:
2037 2200 2038 2215 ¹

1104 2278 1185 2353 arrad
1199 2277 1279 2338 idem
1295 2278 1466 2339 observarit
1479 2276 1566 2339 Jaan.
1584 2276 1726 2341 Caluinus
1743 2277 1797 2337 tib.
1814 2277 1844 2338 3.
1862 2278 1970 2339 instit.

1104 2376 1171 2436 cap.
1189 2358 1219 2420 3.
1233 2356 1250 2436 §
1266 2359 1296 2423 5.
1314 2360 1438 2423 Vocem
1452 2362 1553 2422 autem
1581 2356 1814 2438 μεταμέλεσθαι,
1843 2364 1972 2439 proprie

1104 2441 1279 2520 significare
1294 2444 1378 2516 dicit,
1396 2452 1464 2523 past
1481 2460 1543 2505 rein
1558 2444 1690 2522 atrqamm
1714 2443 1822 2502 tactam
1850 2446 1971 2505 sullici-

1106 2534 1168 2586 turn
1186 2527 1456 2599 assectantium
1487 2535 1578 2604 atque
1594 2526 1665 2587 balio
1688 2524 1764 2594 ruet,
1793 2542 1873 2603 quae
1898 2543 1974 2587 ntis·

1105 2624 1200 2685 quiam
1219 2607 1283 2670 iere
1298 2607 1329 2669 in
1346 2609 1512 2687 Scripturis
1527 2610 1670 2675 cuccurrit.
1687 2625 1756 2667 cum
1779 2608 1817 2669 de
1841 2626 1973 2669 canuer-

1103 2692 1191 2751 sione
1208 2694 1378 2767 peccatoris
1403 2693 1513 2770 agitur,
1543 2690 1736 2763 respondere
1757 2693 1819 2752 vult
1841 2692 1970 2753 latinam

1104 2789 1222 2841 vocem,
1240 2775 1411 2850 poenitere,
1429 2776 1510 2836 unde
1526 2782 1573 2837 ost
1589 2771 1793 2849 Paenitentiam
1810 2782 1840 2835 et
1855 2774 1971 2835 bebra-

1103 2856 1180 2917 icam
1200 2862 1279 2930 Cili]
1296 2857 1467 2935 poenitere,
1481 2872 1536 2919 seu
1552 2855 1717 2919 consolari,

1147 2938 1292 3001 biarlinus
1308 2940 1461 3002 bulliacus
1478 2940 1616 3018 inepist
1633 2939 1669 3000 ad
1687 2936 1833 3000 ricarium
1850 2938 1907 2999 sui
1924 2954 1976 2999 or·

1104 3019 1196 3092 dinis,
1214 3038 1304 3099 quarn
1320 3024 1443 3099 scripsit
1458 3040 1537 3084 anno
1555 3021 1646 3085 ists.
1664 3028 1695 3084 et
1712 3028 1810 3083 exstat
1824 3022 1854 3082 in
1869 3021 1974 3099 primo

201 3108 284 3173 tram,
302 3118 392 3163 unam
408 3120 485 3180 qliae
501 3106 541 3165 sit
564 3106 717 3178 cumrato,
745 3106 883 3177 alteram,
913 3122 991 3183 guae
1018 3104 1061 3167 sit
1105 3110 1187 3166 tomo
1202 3120 1329 3181 operum
1346 3106 1426 3184 ejus.
1445 3104 1685 3181 Wirtembergae
1710 3122 1909 3172 excusorum,
1927 3106 1973 3163 di·

201 3186 369 3259 cantessi03
388 3187 505 3246 tertiam
522 3205 600 3261 auare
616 3191 655 3248 sit
679 3189 858 3258 satisfactio,
885 3207 954 3250 cuin
977 3189 1059 3263 apud
1106 3191 1146 3246 cit
1162 3205 1196 3248 se
1209 3188 1312 3252 studio
1326 3189 1603 3251 eruditissimarum
1618 3189 1750 3250 virorum
1766 3171 1887 3250 tamdem
1898 3188 1978 3247 didi·

203 3267 330 3328 Paulum
347 3269 425 3328 duae
441 3270 511 3330 iliae
528 3286 619 3332 uoces
644 3269 798 3350 μετάνοια,
826 3280 857 3334 et
881 3270 1063 3351 μεταμέλεια
1107 3269 1203 3343 cisse,
1220 3287 1326 3334 vacem
1344 3271 1552 3333 Poeirtteuttae
1565 3287 1625 3332 aun
1652 3269 1826 3348 signiticarc
1851 3271 1974 3334 odium.

201 3358 318 3411 tantum
334 3351 538 3414 inueniuntur.
1109 3353 1159 3426 ,iret
1176 3353 1313 3416 dolorem
1330 3356 1369 3417 de
1385 3357 1442 3416 vila
1459 3355 1631 3432 praeterita,
1646 3361 1678 3415 ot
1703 3354 1775 3414 oiim
1798 3353 1974 3417 dicebatur.

241 3433 409 3501 ‘Erasmus
426 3437 477 3509 aui
494 3437 571 3497 alter
585 3452 767 3514 praecursor
788 3437 911 3499 bulberi
933 3436 992 3498 dici
1015 3452 1069 3514 po·
1111 3435 1166 3496 sed
1183 3436 1357 3513 significare
1373 3453 1508 3498 umorem
1522 3436 1706 3514 justitiue‘et
1722 3453 1817 3497 nume
1834 3437 1926 3502 ritae,
1944 3445 1976 3494 et
2037 3439 2038 3474 i

204 3522 283 3577 test.
302 3517 602 3580 insimulationibus
627 3526 695 3579 noni
721 3521 907 3581 Testamenti
933 3522 971 3582 ad
996 3536 1066 3597 cap.
1112 3517 1170 3578 lmc
1184 3534 1295 3582 nomeu
1314 3521 1389 3581 nibil
1406 3519 1668 3582 babereanrarum
1683 3519 1900 3583 uel-acerbum.
1919 3521 1976 3579 sed

205 3597 237 3659 3.
255 3599 358 3659 birittb.
381 3608 413 3659 et
427 3602 498 3661 alibi
515 3602 776 3681 trequentissirnc,
805 3603 930 3672 mavult,
957 3601 1067 3681 resipi·
1111 3601 1212 3662 arnoia
1229 3609 1310 3680 grata
1335 3609 1366 3665 et
1390 3601 1582 3664 dulcissimo.
1611 3601 1730 3664 Similia
1754 3603 1870 3682 indicat
1891 3601 1975 3661 idem

202 3697 291 3742 scere
307 3689 337 3740 et
351 3684 703 3763 resipiscentiaiur,quom
719 3687 897 3750 Paeniterc.
908 3693 937 3746 et
950 3684 1065 3747 Paeni-
1112 3683 1263 3746 briltterus
1279 3686 1309 3746 in
1326 3701 1420 3748 serm.
1437 3685 1476 3747 de
1492 3685 1693 3758 Paenitentia,
1710 3691 1740 3746 ct
1755 3684 1786 3748 in
1802 3684 1976 3746 [desolatio-

205 3765 435 3831 tentiamesse
452 3769 640 3828 uertendum.
658 3767 710 3828 ubi
723 3771 856 3846 tegimus
870 3767 1070 3848 permoneat
1111 3767 1205 3828 nibus
1220 3783 1343 3834 suarum
1360 3767 1619 3846 propositionum.

202 3844 377 3923 μετάνοιαν.
409 3848 559 3912 Nostram
584 3851 712 3929 culpus,
741 3851 850 3928 iurauit,
878 3857 974 3929 partae
1001 3867 1067 3912 esse
1153 3850 1213 3911 Sed
1231 3849 1261 3913 in
1278 3867 1314 3912 eo
1331 3853 1458 3913 multum
1475 3857 1576 3912 errant
1591 3853 1733 3912 doctores
1749 3849 1797 3910 isti
1825 3865 1976 3924 gramma·

206 3929 443 3992 Paenitentiam
458 3949 568 4010 opere·
588 3935 793 4012 praeescripto
816 3935 926 4011 poeria
951 3935 1066 4011 accpi·
1109 3931 1160 3992 tici
1179 3933 1382 4011 potiusquam
1400 3935 1615 4012 theologiam
1643 3949 1749 3994 νοοοτο
1775 3931 1975 4010 significatio·

205 4026 273 4072 ant:
289 4013 375 4074 incre
391 4018 585 4077 cunemine:
616 4018 704 4094 qnod
733 4020 825 4094 opali
855 4015 1064 4084 Christianos,

207 4095 266 4171 qni
278 4095 406 4171 publice
419 4107 615 4174 peccassent,
633 4099 724 4178 ejecti
739 4117 755 4159 e
771 4101 930 4160 consertio
944 4115 1065 4177 propa·

203 4175 270 4236 tam
284 4177 506 4257 affligerentur
520 4197 624 4261 eaquae
644 4181 822 4256 satisfactio
846 4184 913 4243 siue
940 4197 1061 4259 paena,

199 4259 404 4335 paenitentia
427 4266 539 4326 uacari
563 4269 687 4340 coepta.
719 4262 789 4339 Qua
813 4266 948 4342 quidem
969 4281 1013 4326 cc
1028 4280 1064 4326 re

201 4357 271 4402 non
283 4345 457 4408 mediocris
472 4363 564 4408 error
578 4347 731 4424 theologis
747 4346 946 4426 quibusdam
971 4346 1061 4409 obre·

201 4427 277 4502 psit,
295 4427 353 4502 qui
367 4431 456 4507 qaod
470 4429 669 4506 Augustinus
694 4431 734 4490 de
762 4429 974 4499 Paenitentia,
1004 4430 1064 4491 boc

202 4513 259 4580 est,
274 4508 408 4584 publico
421 4513 643 4588 satisfactione
657 4513 795 4589 scripsit,
813 4513 859 4574 aci
872 4514 980 4574 artiori
1005 4514 1066 4574 do·

202 4591 314 4659 tarem.
331 4609 433 4670 quam
451 4596 677 4657 contritionem
700 4600 829 4659 aucant,
859 4593 1065 4674 detorquent.

204 4670 336 4752 dtiopni
350 4674 495 4753 μετάνοια
520 4679 609 4739 dicta
633 4683 678 4740 cst
694 4694 716 4738 a
731 4676 884 4756 μετανοεῖν
897 4676 905 4749 ,’
933 4678 993 4740 boe
1007 4685 1064 4752 cst,

202 4770 225 4816 a
237 4759 398 4832 posterius
408 4761 635 4838 intelligenda,
648 4760 706 4822 abi
720 4764 792 4839 qun
808 4761 930 4838 lapsas,
945 4776 981 4823 rc
994 4777 1068 4839 pel·-

204 4845 281 4899 acta
293 4844 363 4902 tnnc
377 4843 510 4905 damiam
524 4844 757 4906 animaduertit
786 4850 933 4906 errattam
956 4860 1066 4907 satem.

202 4921 239 4981 lit
255 4923 344 4995 irltra,
362 4940 422 4986 non
440 4927 539 4987 sotum
552 4941 661 4987 uocem
677 4943 817 5002 graecam
834 4925 994 5005 μετάνοιαν
1016 4943 1063 4988 re·

203 5004 414 5082 sipisccnliam
430 5025 541 5070 sonare
556 5012 727 5084 contendit,
744 5010 826 5088 quod
844 5011 928 5070 multi
952 5010 1002 5070 atii
1019 5009 1061 5070 ie·

1112 4031 1167 4074 nes
1184 4031 1219 4075 ex
1237 4018 1419 4096 etymologia
1438 4017 1539 4094 potius
1562 4019 1688 4082 ducunt,
1716 4031 1807 4090 quam
1832 4029 1870 4074 ex
1892 4031 1977 4074 conr·

1111 4098 1195 4158 urunt
1214 4097 1403 4176 Scripturas,
1422 4109 1452 4160 et
1469 4099 1619 4160 bannorum
1634 4104 1794 4158 auctorum
1811 4113 1885 4158 usn.
1904 4095 1976 4157 Nara

1111 4181 1137 4240 si
1159 4195 1218 4240 uon
1235 4182 1388 4261 originem
1404 4199 1439 4244 ac
1456 4182 1690 4255 derivationem,
1715 4182 1771 4240 sed
1787 4195 1879 4241 usum
1906 4196 1977 4252 spe-

1110 4269 1229 4324 ctemus
1245 4266 1349 4325 barium
1367 4270 1487 4338 uocum,
1506 4265 1678 4324 videbimus
1693 4279 1753 4324 nun
1780 4261 1881 4322 sulum
1906 4269 1977 4332 ort]

1110 4354 1141 4406 et
1153 4345 1378 4429 μεταμέλοὲαι,
1405 4349 1459 4408 sed
1476 4348 1568 4409 etiam
1593 4354 1682 4417 :ltin
1706 4349 1872 4422 μετανοεῖν.
1888 4353 1921 4404 et
1936 4345 1982 4419 ip·

1111 4447 1179 4493 sum
1197 4431 1364 4508 praecipue
1381 4432 1533 4508 penitere,
1552 4427 1623 4490 uelit
1636 4430 1716 4489 notit
1729 4428 1900 4497 Erasmus,
1930 4443 1980 4484 ei·

1110 4522 1230 4578 ternum
1247 4515 1398 4586 dotorem,
1416 4531 1451 4574 ac
1471 4527 1601 4589 poenam
1617 4526 1653 4570 ex
1672 4513 1788 4574 interna
1802 4509 1977 4571 consensio

1115 4615 1155 4660 ne
1171 4597 1340 4675 protectam
1358 4595 1549 4677 significare,
1567 4599 1596 4656 et
1611 4593 1726 4655 idcirco
1741 4593 1868 4654 latinum
1886 4596 1982 4658 inter·

1113 4688 1232 4760 pretam
1250 4679 1360 4742 melius
1375 4696 1449 4742 uoce
1465 4677 1674 4740 Paenitentiaa
1692 4693 1780 4739 usum
1796 4690 1978 4751 essequam

1113 4764 1251 4834 iecisset,
1268 4763 1294 4824 si
1310 4779 1384 4825 auca
1398 4762 1635 4838 resipiscentiae
1648 4761 1690 4820 uti
1708 4760 1869 4820 uoluisset.

1156 4847 1372 4908 Percurremus
1387 4845 1526 4924 singulas
1542 4857 1644 4904 vaces.
1662 4840 1718 4904 Ubi
1735 4843 1868 4920 tegimus
1895 4839 1928 4898 in
1946 4838 1981 4898 ti·

1113 4928 1170 4991 bra
1185 4929 1255 4992 tob.
1273 4947 1340 5007 cap.
1358 4929 1412 4990 ult.
1431 4929 1496 5006 Apo
1512 4925 1752 4989 Paenitentiam
1765 4925 1802 4985 in
1815 4921 1938 5000 sautia
1952 4927 1981 4982 et

1111 5013 1232 5085 cincre,
1249 5018 1373 5086 ’nuru
1390 5019 1438 5072 est
1455 5013 1485 5072 in
1499 5011 1655 5072 nemaeo.
1681 5007 1724 5068 Er
1749 5022 1810 5086 quo
1834 5003 1980 5082 irnettigi·

203 5095 323 5156 cerunt,
341 5090 466 5152 etiuter
491 5094 568 5154 alios
593 5092 745 5153 botherus
772 5093 873 5170 ipsum
902 5093 1062 5153 Erasmum

203 5177 359 5234 arreturem
375 5174 472 5235 citans
488 5177 519 5235 in
535 5176 799 5237 desolationibus:
813 5177 868 5236 sed
882 5176 1064 5247 etiamt’oe·

1112 5111 1193 5168 mua,
1220 5097 1345 5154 uerbum
1362 5100 1439 5169 aaa]
1456 5109 1517 5156 non
1540 5091 1656 5168 aliquid
1678 5089 1782 5160 dulce,
1806 5096 1842 5152 ut
1865 5087 1981 5148 bulbe-

204 5336 588 5401 scentiamtranslormare
604 5349 742 5402 concitur.
758 5338 829 5401 Vult
854 5342 936 5401 enim
959 5348 989 5400 et
1005 5342 1064 5401 troc
1111 5343 1391 5421 curupretienderc:
1409 5342 1439 5404 id
1457 5343 1540 5422 quod
1558 5355 1596 5402 na
1609 5339 1684 5400 beau
1710 5338 1837 5416 quidem
1865 5353 1980 5414 negare

202 5417 272 5476 lacu
289 5421 318 5478 ia
336 5437 405 5499 cap.
422 5422 453 5483 3.
470 5423 574 5484 itattb.
591 5431 622 5484 et
634 5425 709 5485 inira
726 5425 756 5483 in
773 5441 841 5502 cap.
859 5423 889 5484 i.
914 5424 1064 5500 posterla·
1114 5441 1208 5487 ausus
1221 5432 1279 5485 est.
1619 5448 1623 5454 ¹

202 5498 246 5557 ris
261 5501 297 5556 ad
313 5502 383 5564 cor.
400 5521 461 5565 non
477 5522 492 5565 a
510 5519 620 5583 poena,
638 5508 693 5567 sed
709 5525 725 5567 a
742 5523 822 5583 pone
839 5506 1063 5578 tenendo,Poe·
1154 5508 1239 5584 apud
1255 5505 1373 5568 totitem
1391 5524 1459 5584 cap.
1475 5506 1507 5568 2.
1525 5505 1576 5568 ubi
1599 5501 1981 5565 babemuszdanncrtinul·

202 5582 359 5674 nitentium
375 5589 509 5664 ductam3
526 5589 614 5666 quasi
630 5590 707 5649 nituit
723 5593 762 5650 sit
777 5589 860 5651 aliud
888 5590 1061 5660 poenitere,
1109 5588 1147 5652 ni
1162 5592 1206 5652 od
1219 5607 1269 5650 mc
1283 5590 1322 5651 in
1337 5594 1399 5650 tota
1416 5591 1512 5652 corde
1532 5591 1648 5659 uestro,
1663 5588 1702 5648 in
1706 5586 1840 5666 jejumo
1851 5591 1883 5646 ct
1892 5583 1983 5663 lietu.

201 5678 261 5724 arsi
277 5668 432 5741 posterius
447 5671 611 5733 consilium
628 5678 746 5748 tenore3
762 5672 839 5747 site,
869 5678 901 5732 ut
925 5671 994 5750 ipse
1018 5671 1062 5732 lo·
1110 5678 1139 5736 et
1153 5673 1299 5751 plancta,
1318 5687 1373 5734 roa
1395 5679 1486 5745 'lxliv
1501 5687 1562 5737 nan
1579 5676 1680 5751 potest
1694 5670 1731 5732 ud
1758 5670 1857 5736 satam
1885 5670 1981 5730 aniani

1111 5194 1164 5239 rus
1182 5177 1324 5246 somniat,
1343 5177 1399 5238 sed
1425 5191 1562 5238 amarum
1590 5174 1741 5242 dolorem,
1767 5177 1798 5234 et
1820 5187 1894 5232 eum
1918 5187 1978 5231 nou
2037 5217 2038 5238 ,

203 5253 375 5327 nitentium,
393 5258 474 5332 quud
492 5258 567 5319 torte
584 5260 871 5337 nullusestausus,
899 5258 930 5318 in
953 5257 1061 5336 resipi·
1112 5262 1212 5321 solium
1242 5260 1407 5333 internam,
1435 5261 1491 5321 sed
1522 5259 1613 5319 etium
1641 5262 1796 5316 cateruam
1827 5257 1980 5315 actionem
2037 5249 2038 5274 ¹
