4084 6275
826 394 920 451 ttltlttt
939 393 1062 453 lhlhbs
1688 401 1743 457 eto

4 537 5 546 ’
64 530 240 595 sacramenti
256 533 314 593 cst.
328 535 359 590 et
370 526 597 592 contessionem
608 526 798 607 siugnlemm
811 545 917 607 pecca·
962 546 1021 591 nec
1036 530 1075 591 ila
1092 531 1540 611 magna‚cenllterenlur.lnde
1555 535 1654 610 autem
1671 534 1815 615 caepisse

4 615 6 640 '
64 628 171 684 taram,
193 632 230 675 ae
244 627 336 692 opera
352 613 500 687 quaedam
515 612 666 675 laboriosa
688 612 792 688 erigit:
810 614 891 688 prior
908 660 916 681 .
961 614 1098 690 regulam
1115 620 1145 675 et
1159 616 1326 677 doctrinam
1342 618 1518 695 generalem
1543 615 1620 685 llari,
1646 618 1683 677 ad
1706 618 1814 680 Poeni·

63 696 373 761 necestsaeramenli
396 695 538 767 materia,
567 709 669 773 neque
694 693 867 756 distinctam
885 697 919 755 il·
961 696 1098 770 lentiam,
1116 715 1173 776 qua
1190 699 1267 777 lapsi
1284 701 1314 760 in
1341 703 1573 779 qualiacumque
1600 708 1720 776 paeonia
1744 705 1814 777 post

64 786 119 844 lam
149 798 184 841 ac
206 779 417 857 particularem
445 782 638 855 peecatorum
664 777 916 841 contessionem.
962 778 1161 856 Baptismum,
1180 783 1241 842 lleo
1257 785 1505 852 reconcilientur,
1525 784 1677 859 pertinere
1694 793 1814 861 praeter

61 880 160 943 neque
172 863 323 939 laboriosa
335 861 385 920 illa
398 876 489 939 opera
503 858 677 921 necessario
688 860 918 936 postulalocae
962 863 1065 923 cerdis
1080 864 1294 926 contritionem
1323 872 1353 927 et
1365 866 1456 926 tidem
1473 867 1706 942 amplectentem
1729 866 1814 927 Chri·

4 949 5 972 ¹
61 949 158 1011 omnin
174 946 376 1005 accidentaria
390 944 448 1021 ipsi
462 942 671 1003 Paenitentiac
682 950 829 1016 sunt‚nen
846 945 917 1006 sub·
962 946 1147 1010 alumniam
1160 946 1456 1009 orisnonlessienem
1468 950 1618 1009 sacerdoti
1632 949 1814 1023 taciendam,

4 1017 6 1056 ²
61 1030 220 1094 stantialis:
236 1026 346 1088 accidit
361 1027 442 1086 enim
457 1023 558 1086 virtuti
584 1024 802 1099 Paenitentiac,
818 1034 852 1087 ut
866 1029 918 1093 tell
962 1032 993 1087 et
1006 1028 1110 1102 aperis
1125 1030 1375 1091 satisfactionem.
1627 1072 1630 1077 Δ

59 1114 103 1176 rel
117 1112 168 1173 lali
184 1113 276 1171 modo
292 1110 424 1169 exterius
440 1110 577 1185 prodeat,
594 1114 683 1183 atque
699 1115 731 1165 ut
746 1107 832 1185 signa
849 1111 918 1188 ejus
1004 1107 1123 1171 Deinde
1140 1113 1254 1172 attexit:
1273 1114 1373 1173 llarias
1389 1126 1460 1173 esse
1475 1113 1637 1191 opiniones
1653 1113 1816 1177 oatltelieo·

59 1202 181 1263 externa
194 1210 263 1255 eum
280 1192 372 1253 rerba
386 1190 601 1262 absolutionis,
616 1200 839 1252 sacramentum
855 1192 919 1254 elil·
961 1206 1028 1251 rum
1045 1192 1083 1251 de
1100 1196 1283 1255 necessitate
1299 1195 1515 1273 confessionis:
1533 1197 1625 1272 idque
1652 1197 1758 1273 prebat
1779 1213 1815 1259 ex

59 1284 151 1343 etant.
670 1333 675 1344 ,
963 1272 1115 1347 Gratiano,
1133 1282 1162 1335 et
1177 1276 1245 1353 aJus
1260 1279 1374 1354 glossa,
1391 1294 1426 1338 ac
1442 1278 1663 1355 Beneventora3
1687 1280 1719 1340 bi
1744 1286 1817 1340 sunt

96 1360 209 1422 Ultima
224 1357 310 1418 addit
322 1354 647 1417 ltemnitiuszllmstont
659 1355 779 1417 ocrein
792 1357 919 1433 seriptis
963 1357 1044 1416 enim
1061 1372 1168 1419 omnes
1182 1358 1470 1437 Patras,emnesque
1485 1361 1715 1440 historici,ques
1726 1361 1817 1423 Kent-

56 1442 292 1523 dpestolorum,
309 1438 460 1516 exempla
475 1436 689 1498 conversionis
716 1453 838 1509 eornm,
861 1442 920 1519 qui
962 1438 1057 1502 nitius
1072 1441 1152 1513 citat,
1170 1442 1308 1518 quamvis
1321 1442 1551 1506 bonaventurae
1568 1444 1668 1505 locum
1686 1461 1756 1523 prae
1772 1446 1815 1506 le·

55 1532 124 1607 post
144 1524 345 1601 Bucolicorum
366 1522 451 1599 lapsi
469 1520 627 1597 suerent,
650 1524 686 1579 nt
715 1520 916 1583 Galatarum.
962 1521 1408 1587 stipationenonannetaaerit.
1591 1530 1594 1537 ’
1776 1520 1779 1527 '

58 1611 131 1672 litos
150 1622 229 1669 uero
250 1604 373 1667 Pontus
393 1619 462 1665 non
482 1603 528 1663 ed
547 1602 650 1662 oliam
669 1616 800 1672 nouom,
824 1609 854 1666 et
870 1605 918 1666 di·
1002 1603 1081 1667 ilinc
1096 1624 1153 1684 eqo
1168 1607 1298 1668 Primum
1315 1606 1491 1670 eltemnitio
1507 1608 1813 1687 quaero,undeillem

57 1708 183 1754 uersam
204 1689 365 1750 rationem
383 1685 657 1749 reconciliationis
677 1700 752 1745 eure
778 1686 841 1747 lieo
863 1688 917 1748 ee·
961 1683 1118 1750 historiam
1134 1689 1172 1751 dc
1188 1690 1304 1768 origine
1319 1690 1528 1753 Paenitentiac
1555 1692 1701 1755 hauserit:
1729 1692 1816 1753 nulle

59 1768 615 1847 decit,sedeebementiesimeceatro
626 1768 870 1843 paroecianum
881 1772 921 1831 da
961 1770 1043 1831 enlm
1060 1780 1137 1834 teste
1152 1774 1228 1835 hacc
1244 1774 1369 1850 probata
1385 1773 1517 1851 reliquit.
1540 1774 1679 1853 Legerat.
1708 1774 1813 1845 erede,

4 1863 5 1886 ³
53 1856 287 1935 iustificatione
307 1868 442 1931 eperunt
456 1852 670 1914 concionatur
694 1856 753 1913 ete.
779 1853 840 1913 Sed
863 1852 919 1915 Ga·
962 1854 1020 1914 tale
1035 1856 1149 1933 aliquid
1166 1856 1195 1915 ln
1213 1853 1397 1929 Calcinmid
1414 1857 1531 1918 alsatis
1548 1857 1613 1925 luit,
1641 1857 1815 1919 sedechia

58 1942 186 2002 latarum
203 1954 276 2014 erge
292 1936 372 2013 apud
389 1935 513 1994 Paulam
525 1936 756 2019 conversionem
769 1950 919 2011 nosquam
963 1951 1024 1996 nou
1038 1944 1085 1997 est
1099 1940 1184 2007 satis,
1202 1938 1253 2017 qui
1270 1941 1362 2000 multa
1378 1939 1476 2016 ipsius
1490 1941 1582 2001 etiem
1598 1938 1710 2002 Caluini
1727 1954 1814 2001 mou·

4 2041 5 2050 ¹
62 2024 134 2099 lapi.
152 2019 314 2081 lielecisse
336 2032 428 2079 cosa
453 2017 515 2078 lide
538 2015 636 2076 semel
660 2023 785 2093 accepta
811 2017 921 2080 Paulas
962 2017 1049 2081 dacia
1064 2020 1338 2099 deprehendimus.
1358 2021 1485 2093 Deinde,
1502 2024 1574 2099 quid
1591 2023 1649 2083 hoc
1664 2023 1701 2083 ad
1723 2037 1816 2100 quee-

62 2110 173 2174 narrat,
192 2102 358 2177 eosquead
383 2100 458 2159 riam
484 2099 618 2160 veritatis
642 2098 752 2159 lterum
777 2116 920 2162 revocare
962 2104 1106 2175 stienem,
1124 2104 1162 2164 de
1178 2122 1236 2181 qua
1251 2104 1387 2184 agimesl
1402 2104 1471 2164 lislo
1486 2106 1580 2178 enim,
1598 2105 1692 2181 prime
1715 2106 1817 2183 lapso·
1849 2156 1853 2163 .

4 2203 5 2218 ¹
62 2194 202 2249 conatur:
218 2186 273 2246 sed
289 2199 362 2245 nem
376 2182 420 2243 illi
435 2182 593 2254 redierint,
610 2189 640 2240 ct
654 2198 714 2258 quo
729 2180 786 2242 rito
812 2198 920 2244 reeoe·
963 2199 1031 2245 rum
1047 2187 1267 2259 reconciliatio,
1292 2188 1323 2249 in
1350 2187 1472 2263 publica
1499 2188 1685 2249 Paenitentia
1713 2187 1816 2251 luerit:

61 2270 154 2333 cillati
169 2269 294 2330 luerim.
311 2282 369 2327 nec
385 2265 506 2332 Paulus,
520 2263 667 2325 accolius
692 2262 786 2341 (qnod
811 2266 920 2342 sciam)
964 2284 1019 2330 cur
1034 2284 1069 2329 oa
1085 2277 1309 2331 sacramentum
1326 2286 1398 2331 esse
1414 2286 1473 2330 eon
1487 2271 1656 2349 petuillaur
1668 2270 1754 2345 signa
1768 2270 1817 2329 illa

61 2368 214 2431 nusquam
230 2350 344 2410 retulit.
360 2348 453 2409 Porro
468 2362 537 2406 cum
553 2347 687 2406 nondum
711 2347 755 2406 illi
781 2349 921 2409 conversi
964 2357 1088 2413 externa
1105 2352 1298 2415 contritionis
1327 2359 1356 2413 et
1384 2352 1544 2414 eriminum
1572 2352 1820 2415 confessiorem

60 2439 168 2497 essent
183 2436 220 2494 ab
235 2448 350 2505 errore,
363 2431 395 2491 in
407 2446 498 2511 qoem
512 2430 583 2489 dolo
595 2429 920 2506 pseudoapostolorum
964 2435 1058 2494 carbo
1073 2434 1287 2508 absolutionis,
1304 2442 1531 2499 sacramentum
1546 2452 1606 2497 nen
1620 2434 1819 2497 luerunt‘llla-

61 2518 200 2593 prolapsi
218 2517 345 2579 inerant.
360 2517 423 2574 'nen
440 2528 517 2587 opus
533 2518 597 2572 erat
611 2518 643 2570 ut
658 2511 767 2574 Paulus
788 2513 833 2574 eis
848 2514 921 2574 Poe·
964 2516 1058 2591 nique
1074 2524 1152 2585 este,
1171 2532 1231 2579 non
1248 2522 1288 2580 sit
1312 2518 1468 2581 aoeiessie
1491 2519 1571 2598 juris
1595 2518 1700 2591 divini,
1728 2525 1761 2579 et
1782 2534 1819 2579 ex

61 2601 209 2661 nitentiae
225 2601 348 2659 modeim
365 2595 599 2674 praescriberet.
616 2594 670 2655 sed
687 2600 719 2654 ut
733 2596 769 2655 ad
795 2612 920 2655 caneer-
963 2599 1066 2674 qlossa
1089 2600 1231 2676 quadam,
1259 2616 1349 2680 quatu
1372 2602 1464 2663 ,eliam
1489 2601 1629 2663 catholici
1652 2601 1819 2679 repreben-

57 2684 180 2744 sionem
197 2688 227 2743 et
241 2680 461 2741 Paenitentiam
477 2676 657 2754 simpliciter
685 2678 864 2749 hertaretur,
885 2696 921 2741 ac
964 2683 1053 2751 dunt,
1071 2682 1242 2745 llcmnitios
1258 2684 1388 2761 probare
1403 2684 1518 2745 nititur:
1536 2702 1591 2745 eur
1606 2686 1671 2769 ipsa
1683 2683 1820 2749 absolo-

55 2766 151 2827 simul
169 2780 304 2826 errorem
325 2763 426 2839 ipsum
453 2778 513 2837 quo
538 2760 730 2830 tenebantur,
753 2761 917 2833 reielleret,
964 2762 1005 2824 tio
1018 2772 1242 2826 sacramentum
1259 2782 1320 2827 nen
1337 2768 1404 2837 crit,
1421 2784 1489 2827 cem
1506 2767 1677 2845 symbolum
1707 2768 1745 2829 sit
1767 2782 1817 2827 ex·

53 2849 138 2926 qnod
167 2848 293 2924 quidem
320 2844 484 2923 Apostolus
508 2841 670 2921 diligenter
695 2842 853 2918 praestitit.
876 2843 918 2903 td
962 2847 1486 2921 ternumdivinitus.institutum,ol
1501 2848 1819 2929 gratiaech'estillco·

52 2946 150 3009 quem
170 2929 294 2990 medum
310 2925 450 2989 catholici
466 2927 618 2993 docteres,
636 2940 705 2985 eum
730 2941 784 2985 ves
809 2926 920 2987 bullie-
963 2928 1059 2989 tieuls
1076 2931 1312 3004 promissionem
1329 2932 1568 3010 babeat3etipse
1583 2933 1672 2993 etiam
1694 2930 1817 2993 homiri-

51 3028 149 3074 ranes
166 3012 206 3071 ad
219 3009 449 3073 conversionem
464 3009 697 3075 hortanturmou
714 3015 783 3068 ante
798 3009 834 3069 ad
847 3025 919 3069 een·
962 3012 1023 3071 lius
1038 3011 1215 3073 condietur?

52 3095 229 3158 sessionem
244 3091 434 3173 singulorum
451 3096 644 3168 peccaterum
659 3089 697 3151 ad
712 3091 808 3168 peiles
819 3103 919 3154 saeer-
986 3094 1179 3168 ‘Sapientius
1193 3096 1285 3172 igitur
1299 3096 1469 3158 llemnitlus
1495 3095 1632 3167 lecisset,
1648 3096 1674 3158 si
1701 3112 1771 3159 cuin
1786 3112 1816 3158 a·

53 3179 139 3240 dotis
156 3177 374 3256 deponendam
388 3190 442 3234 ros
458 3180 632 3250 provocant.
649 3190 738 3248 quam
765 3176 801 3234 ad
824 3173 915 3236 fidem
963 3178 1084 3253 pelagia
1101 3179 1308 3240 concessionis
1323 3179 1531 3257 Augustanae,
1554 3181 1586 3242 in
1612 3180 1701 3259 enjus
1727 3179 1817 3240 uerba

50 3261 240 3322 catholicam
257 3261 364 3319 iterum
382 3255 628 3334 profitendamet
643 3255 810 3318 Ecclesium
826 3275 919 3332 agno-
961 3257 1124 3335 juraverat,
1142 3259 1350 3324 Paenitentiac
1365 3271 1569 3324 sacamentum
1593 3279 1663 3324 aare
1689 3279 1724 3322 aa
1750 3277 1818 3338 pro·

50 3345 217 3419 scandam,
235 3341 431 3418 disputando,
448 3344 538 3416 atque
553 3353 673 3399 errores
688 3347 805 3400 rastros
831 3339 918 3401 telel-
965 3344 1030 3418 prie
1046 3343 1172 3418 dietum,
1189 3343 1339 3406 adversos
1355 3345 1558 3420 calvinianos,
1575 3362 1636 3408 aen
1653 3345 1816 3407 catholico·

50 3428 145 3488 lende
163 3424 377 3504 perduxerint.
395 3421 545 3498 Quorsum
572 3420 653 3481 enim
680 3422 717 3482 ad
744 3437 918 3483 sacramen·
962 3439 1028 3484 rum
1047 3425 1163 3490 modo.
1190 3427 1245 3487 sed
1272 3427 1364 3488 etlam
1390 3427 1630 3490 Letheranoram
1650 3427 1766 3508 iudicio
1782 3444 1822 3488 ae.

50 3516 113 3570 lum
131 3506 346 3570 Paenitentiac
360 3505 571 3578 incitaremus,
586 3519 665 3580 quos
678 3504 795 3566 scimus
818 3521 918 3568 saera·
962 3521 1106 3582 censura,
1123 3507 1306 3584 haereticos,
1320 3509 1522 3572 defendisset.

52 3598 197 3653 mentum
214 3591 317 3670 ipsum
333 3587 421 3648 nihili
436 3587 553 3648 lacere?

90 3673 171 3746 Quis
198 3673 294 3750 igitur
318 3670 408 3732 luerit
432 3671 638 3746 apostolerum
665 3674 803 3748 tempere
828 3672 917 3745 ritus,

52 3773 172 3835 quaere
189 3757 266 3816 ratio
281 3752 500 3816 reconciliandi
516 3754 635 3828 eosqui
652 3760 721 3830 post
732 3754 916 3831 baptismum
1504 3829 1505 3832 Ἴ

51 3841 129 3918 lapsi
147 3841 296 3907 lucrant,
324 3852 385 3897 non
401 3841 503 3912 petest
525 3852 561 3896 ex
575 3839 667 3911 epist.
684 3835 747 3896 sole
773 3838 810 3898 ad
834 3839 919 3899 Gala·
1289 3823 1407 3890 CAPUT
1422 3827 1489 3890 llll.

50 3929 95 3983 tas
111 3923 209 4000 plane
225 3918 386 4000 cognosci.
400 3916 553 3978 illustrius
568 3918 731 3995 aliquando
744 3927 790 3979 est
814 3935 918 3983 exem·

48 4004 133 4083 plum
151 4001 306 4068 corinthii
322 3999 491 4063 incestuosi
509 4001 538 4061 l.
555 3999 624 4061 Cor.
641 3999 672 4061 b.
688 4004 719 4061 et
739 3992 770 4061 2.
796 4000 866 4064 Coc.
883 4003 914 4063 2.

47 4095 78 4148 et
93 4088 125 4149 l.
143 4094 175 4148 et
193 4083 335 4164 quamvis
358 4101 417 4144 nec
443 4083 482 4144 de
507 4083 591 4145 illius
616 4083 866 4146 reconciliatione
881 4085 912 4146 in
995 4066 1047 4132 An
1060 4070 1281 4136 Paenitentiac
1294 4081 1535 4140 decrementum
1547 4083 1780 4144 escaemeato

47 4170 230 4247 particulari
247 4171 287 4231 sit
301 4167 466 4246 proditum,
483 4181 544 4242 qao
568 4165 627 4228 ritu
653 4181 689 4227 ea
717 4174 836 4243 peracta
860 4169 911 4228 sit:
1183 4176 1342 4256 baptisma
1355 4181 1520 4243 dieucum
1540 4181 1592 4243 sqq,

47 4261 147 4315 tamen
165 4253 247 4314 satis
273 4253 392 4313 constat
416 4247 513 4310 multe
537 4248 645 4311 durius
669 4265 737 4310 eum
753 4265 790 4311 eo
813 4257 913 4311 aetum

45 4351 128 4408 esse,
145 4345 244 4417 quam
262 4335 288 4396 si
304 4338 373 4394 aule
387 4330 575 4410 baptismam
590 4330 670 4392 idem
685 4331 831 4412 flagitium
844 4349 914 4411 pcr·
1129 4405 1132 4414 ‚

44 4425 214 4496 patrasset.
999 4414 1219 4492 haereticiqul
1236 4425 1463 4482 sacramentum
1477 4415 1685 4482 Paenitentiac
1701 4414 1740 4478 de
1751 4429 1813 4476 me·

83 4501 119 4562 ln
137 4503 254 4581 quinte
270 4498 301 4559 et
316 4499 422 4560 ultimo
437 4495 535 4576 capite
552 4495 661 4573 probet
675 4497 931 4560 ltemntttnstsia:
956 4498 1008 4559 dio
1023 4500 1223 4573 sustulerunt,
1240 4517 1277 4562 en
1292 4501 1350 4564 boc
1372 4517 1474 4563 errore
1500 4504 1531 4562 in
1558 4503 1649 4564 aliem
1678 4498 1814 4577 prolapsi

42 4590 240 4645 crementum
257 4581 465 4642 Paenitentiac
479 4579 597 4640 nullum
610 4579 723 4640 hahere
736 4582 766 4641 in
779 4581 912 4659 antiquis
956 4588 1039 4642 sunt:
1056 4584 1126 4660 quia
1141 4585 1222 4643 enim
1237 4585 1411 4660 nequedum
1423 4601 1494 4647 esse
1507 4583 1811 4661 nonputubantpcc·

45 4667 186 4728 Patribus
205 4666 455 4727 tundamentum.
473 4661 659 4723 bcPrimom
675 4663 749 4722 dicit
774 4670 855 4724 extra
878 4681 910 4724 e·
955 4671 1160 4742 eaterespest
1184 4663 1370 4745 baptismum
1394 4683 1486 4746 posse
1512 4668 1576 4730 Dee
1604 4665 1810 4736 reconciliari,

4 4762 5 4795 1
44 4767 148 4811 inirem
167 4749 396 4811 dubitationem
413 4761 496 4809 esse.
512 4744 640 4822 primam
652 4745 799 4821 originem
812 4762 911 4807 sacra·
955 4761 1057 4822 acqua
1072 4748 1353 4812 reconciliationem
1369 4751 1458 4813 islam
1474 4751 1542 4814 sinc
1555 4755 1745 4812 sacramente
1757 4747 1811 4808 eli·

4 4846 5 4881 1
43 4835 139 4894 menti
155 4830 390 4902 Paenitentiac,
406 4845 422 4888 a
439 4826 599 4888 catholicis
614 4824 910 4904 excogitationem
954 4846 1015 4905 quo
1031 4829 1095 4892 lieri
1112 4832 1290 4907 credebaut,
1306 4833 1336 4895 id
1353 4835 1399 4895 eis
1415 4836 1444 4894 in
1462 4841 1595 4896 mentem
1612 4832 1704 4902 venit,
1722 4830 1808 4890 uidi·

41 4930 114 4975 csse
131 4933 169 4978 ex
186 4911 380 4994 spectaculis
406 4911 546 4986 publicae
561 4910 791 4978 Paenitentiac,
814 4929 909 4993 qnam
954 4919 1072 4984 cerent,
1089 4913 1274 4992 baptismum
1300 4917 1402 4995 ipsein
1425 4918 1486 4979 diei
1512 4931 1605 4994 pesse
1627 4921 1716 4989 atque
1738 4927 1809 4972 csse

4 5010 6 5050 l
45 5015 155 5077 magna
173 4998 342 5060 seueritate
357 4999 445 5056 relos
471 4993 608 5056 Ecclesia
631 4991 661 5053 in
687 4994 857 5056 manifestis
879 5002 912 5056 et
953 4993 1160 5058 Paenitentiac
1177 5007 1412 5061 sacramentum.
1429 5000 1534 5078 ltaque
1550 5001 1652 5077 lapsos
1669 4999 1738 5071 pest
1756 4994 1810 5054 Ba·

4 5093 6 5131 i
42 5082 204 5142 atrecibus
221 5078 405 5141 criminibus
420 5076 571 5137 servabat.
586 5074 621 5136 ln
637 5074 781 5137 illaeoim
806 5078 906 5153 requi·
953 5077 1110 5152 plismum,
1136 5079 1328 5142 reconciliari
1354 5082 1500 5144 dixerunt
1524 5098 1580 5156 per
1608 5077 1808 5156 baptismum,

4 5212 5 5219 ,
43 5165 192 5226 rebantur
206 5162 299 5242 signa
316 5168 439 5222 externa
455 5159 657 5233 contritionis,
671 5159 906 5238 exomologesis,
954 5161 1113 5226 memoria.
1130 5175 1190 5222 nen
1207 5169 1308 5222 autem
1325 5165 1440 5241 reipsa,
1456 5167 1630 5241 repetitum.

4 5261 6 5297 z
42 5265 95 5305 scri
113 5246 281 5309 contessio
297 5243 472 5315 eriminum3
498 5247 529 5301 ct
552 5241 787 5318 imponebantur
808 5248 908 5304 certae
995 5241 1038 5302 Ex
1054 5258 1115 5317 quo
1131 5259 1209 5304 novo
1225 5245 1379 5322 dogmate,
1398 5247 1450 5308 tria
1467 5249 1616 5326 quaedem
1644 5242 1808 5303 adversarii

4 5325 7 5384 l
43 5332 272 5409 castigationes
291 5373 299 5395 ,
324 5333 386 5386 tum
403 5324 533 5402 exempli
547 5340 653 5386 caussa
679 5331 805 5403 prepter
818 5325 907 5400 alies,
952 5323 1156 5386 deduxerunt.
1173 5326 1283 5401 Primo,
1301 5345 1362 5391 nen
1380 5347 1448 5392 esse
1464 5330 1570 5392 durius
1586 5326 1805 5404 pactumquod

4 5430 7 5469 t
44 5421 103 5472 tom
120 5429 196 5474 cero
214 5407 441 5489 explorationis
456 5406 561 5486 qratia,
575 5424 611 5466 an
627 5408 706 5466 secie
727 5415 811 5469 esset
834 5408 909 5469 Poe·
952 5407 1035 5468 lleas
1051 5423 1119 5469 eum
1135 5417 1296 5486 peccatore
1312 5413 1384 5474 lecit
1409 5414 1439 5473 in
1462 5410 1714 5474 reconciliatione
1738 5413 1809 5486 pest

3 5511 6 5556 t
44 5495 186 5556 lactentia.
575 5513 578 5521 ·
953 5489 1339 5571 llcptismum,quamante
1364 5495 1563 5570 Baptismum,
1590 5493 1646 5556 sed
1673 5505 1807 5552 esseae·

81 5577 309 5640 hdditzFuisse
321 5573 412 5636 etiam
423 5571 556 5645 antiquis
567 5570 598 5631 in
611 5585 669 5632 usu
680 5569 824 5649 privatam
835 5571 910 5634 Pec-
954 5587 1015 5651 que
1031 5572 1133 5648 tacite,
1150 5578 1198 5637 cel
1214 5578 1316 5653 potius
1331 5591 1458 5658 prorsus
1473 5577 1567 5650 idem,
1590 5583 1622 5638 et
1644 5573 1716 5636 inde
1740 5587 1810 5652 qra-

4 5656 9 5716 i
43 5659 219 5732 nitentiam3
238 5658 402 5727 etlatres,
420 5661 453 5716 ut
468 5654 642 5732 Origenem
660 5654 794 5716 hortatos
811 5671 909 5733 popu·
954 5654 1080 5718 tissime
1097 5658 1282 5720 invehuntur
1298 5659 1329 5720 in
1346 5675 1411 5732 eos,
1439 5660 1492 5739 qai
1518 5662 1625 5722 dieunt
1649 5655 1810 5718 Poecilen·

3 5755 9 5810 t
43 5743 117 5818 ium,
137 5744 286 5809 utetiem
302 5737 514 5815 niteremini,
530 5737 668 5817 quateris
692 5751 754 5801 non
779 5739 907 5814 notoria,
954 5739 1026 5802 tiam
1042 5755 1112 5803 esse
1128 5739 1259 5803 tabulam
1276 5742 1435 5824 naolragii,
1459 5743 1545 5824 quasi
1573 5759 1634 5806 nou
1660 5739 1809 5804 liceatne
