4084 6275
825 426 921 485 ilenti
941 422 1071 485 SEXTUS
1717 430 1771 491 boii

39 564 45 575 '
87 566 164 621 rator
175 565 204 620 et
216 556 335 636 lilnrpia
349 556 451 621 llasilil
466 559 513 620 rel
530 559 749 641 chrysostomi,
777 562 825 623 rol
838 561 940 640 quali·
985 566 1075 629 rerba
1091 564 1206 645 primae
1221 564 1377 629 orationis:
1393 564 1477 627 llaec
1490 566 1589 637 dona,
1605 565 1685 628 boec
1698 580 1839 630 manera

87 645 135 704 bet
148 642 280 709 aliaisle
291 657 367 703 nsns
380 641 577 720 praedicandi
591 659 644 707 res
652 649 755 723 gestas
768 651 940 719 martyrum3
987 657 1045 711 etc.
1061 650 1097 710 nt
1111 651 1150 711 de
1172 649 1446 712 eadem‘oblationa
1461 649 1595 725 loquitur
1615 648 1717 710 cantra
1733 654 1764 711 ln
1778 650 1839 729 pri·

87 730 166 787 certe
181 725 258 787 nibil
273 725 305 786 in
320 725 367 787 eis
381 725 442 787 alsi
453 728 577 788 nomina
589 727 832 802 inveniuntur,nl
842 727 872 787 in
889 742 941 787 aa·
985 746 1034 793 rna
1050 738 1080 793 et
1093 732 1124 792 in
1137 735 1272 795 secunda
1283 731 1467 802 arationem
1480 736 1562 807 patet
1576 746 1614 792 ex
1628 730 1675 792 illa
1691 733 1840 811 particula

86 815 144 869 stra
159 805 279 887 lilnrpin
294 808 462 869 cernimus.
985 812 1114 895 (lpitnr)
1130 815 1219 878 lianc
1240 816 1341 894 ipitnr
1356 813 1549 875 oblationem
1570 818 1627 875 etc.
1650 812 1748 891 Quare
1763 815 1790 877 si
1806 814 1839 877 in

125 889 312 953 Duodecimn
327 889 473 968 objectio,
489 906 569 968 qnae
584 896 633 953 ast
647 890 756 963 Quinta
770 889 939 963 liemnilii,
987 896 1082 973 prima
1098 900 1232 959 oratione
1247 896 1394 975 agebatur
1407 896 1445 959 de
1461 896 1677 975 eleemosynis,
1694 904 1724 957 et
1736 897 1765 958 in
1783 898 1840 958 bac

87 980 199 1051 pugnat
209 980 315 1035 eontra
331 972 565 1045 invocationem,
594 989 673 1050 qaae
694 975 865 1037 annectitur
879 989 942 1034 me·
986 980 1123 1042 secanda
1138 982 1235 1057 agitur
1249 982 1288 1043 de
1303 981 1509 1057 eleemosyna:
1528 977 1653 1054 proinde
1668 978 1842 1041 liemnitius

88 1052 200 1117 mariae
213 1061 400 1117 sanctornm:
414 1054 470 1115 sed
486 1055 563 1115 nihil
575 1056 643 1115 nori
655 1056 752 1119 adfert
763 1064 940 1134 praeterea,
985 1059 1046 1121 sibi
1062 1060 1129 1137 ipsc
1151 1068 1309 1141 repugnat.
1326 1060 1379 1121 list
1391 1068 1491 1122 antem
1506 1060 1535 1121 id
1552 1065 1646 1122 talum
1671 1068 1774 1123 contra
1789 1078 1841 1123 re·

87 1152 163 1213 qnae
177 1154 270 1217 snpra
287 1135 494 1210 relatarimns,
510 1154 580 1198 cnm
591 1148 754 1216 ageremus
781 1138 939 1202 demissis
985 1143 1116 1213 ritatem,
1131 1144 1202 1222 qnia
1218 1147 1256 1207 dc
1271 1144 1378 1205 eadem
1393 1142 1546 1205 oblatione
1561 1146 1660 1221 agitur
1680 1146 1709 1205 in
1734 1146 1840 1223 prima,

87 1221 117 1282 ia
132 1219 281 1283 honorem
292 1224 480 1295 sanctornm,
495 1235 566 1299 cap.
581 1217 613 1281 8.
987 1226 1121 1286 secunda
1151 1234 1181 1285 et
1196 1229 1282 1288 tertia
1298 1226 1434 1287 oratione
1451 1224 1595 1287 Cononis.
1622 1226 1656 1287 ln
1681 1229 1765 1289 tertia
1791 1246 1843 1289 an-

986 1314 1047 1367 tem
1060 1307 1227 1383 perspicue
1242 1309 1423 1375 ostenditur,
1442 1322 1497 1385 per
1511 1308 1697 1377 oblationem
1714 1310 1845 1389 intelligi

987 1390 1101 1451 debere
1113 1390 1297 1452 oblationem
1314 1391 1402 1470 panis
1416 1392 1707 1461 coenomanensem
1721 1408 1846 1471 expres-

403 1492 522 1558 ΜΤ
535 1496 630 1561 iil·
740 1487 744 1496 ’
988 1474 1384 1635 tirlltttttlttlil⁸
1398 1488 1509 1617 ltili
1530 1476 1704 1617 lllllltl
1720 1482 1847 1619 tlill

406 1598 410 1602 ’
1375 1604 1381 1626 ι
1715 1602 1722 1628 i

275 1696 281 1709 ,
617 1699 681 1714 ,,
830 1701 837 1716 ,
989 1632 1199 1699 Eucharistiae
1214 1638 1396 1700 camiletum
1411 1640 1604 1701 relerendnm
1621 1645 1679 1712 esi,
1694 1640 1847 1721 quidquid

152 1696 201 1759 9⁶
213 1700 345 1758 '’mm“
356 1697 524 1760 mundae
538 1702 696 1765 (imiimi
712 1700 865 1765 Galim·
989 1720 1101 1783 dicitnr
1113 1722 1144 1783 ln
1160 1721 1207 1783 bis
1222 1720 1422 1784 orationibus.

123 1880 225 1941 lllera
239 1876 336 1941 oratio
350 1878 482 1940 Canonis
497 1878 605 1957 incipit
618 1879 648 1940 ln
663 1879 726 1941 illis
740 1880 947 1945 rerbistilonc

83 1965 187 2043 ipilnr
200 1961 396 2025 oblationem
413 1962 573 2025 seroitntis
597 1967 728 2025 nostrae
755 1966 815 2035 etc.
840 1964 871 2023 ln
887 1979 946 2043 qna
1296 1954 1415 2021 CAPUT
1435 1951 1544 2017 llltlll.
1578 1980 1581 1988 <

84 2048 284 2108 continentur
297 2052 428 2121 quatuor
438 2045 614 2121 petitiones.
630 2044 751 2117 Prima,
767 2052 801 2107 ut
821 2046 948 2126 oblatio·
1794 2070 1798 2075 ·

82 2145 155 2191 aem
173 2134 308 2191 nostram
320 2128 403 2189 bens
417 2128 553 2205 placatas
574 2127 714 2207 accipiat.
741 2128 893 2202 Secunda,
917 2135 950 2190 nt
1083 2125 1126 2189 De
1139 2126 1273 2189 veritate
1288 2124 1401 2189 tertiae
1417 2123 1575 2187 arationis
1592 2123 1746 2186 Cononis.

84 2213 154 2273 dies
169 2217 294 2273 nostros
309 2209 340 2270 in
363 2226 420 2271 sua
444 2226 520 2289 pace
547 2209 702 2288 disponat.
729 2210 845 2284 Tertia,
864 2214 948 2274 alab
1504 2214 1509 2223 '
1807 2210 1809 2215 '

81 2301 213 2357 aelerna
228 2292 422 2355 damnatione
437 2308 495 2354 nos
509 2290 629 2372 eripiat.
647 2289 767 2366 Quarta,
787 2299 820 2356 nt
840 2296 870 2356 in
886 2294 948 2356 elo·
1034 2294 1136 2359 Oratio
1164 2293 1249 2355 tertia
1275 2291 1407 2356 (lenonis
1434 2291 1542 2371 incipit
1567 2292 1605 2353 ab
1631 2291 1692 2353 illis
1721 2288 1850 2353 verbis:

84 2383 210 2439 claram
224 2391 319 2454 grege
334 2388 392 2437 nos
408 2380 559 2437 numeret.
995 2377 1098 2454 Ωεεει
1109 2375 1304 2441 oblationem
1317 2382 1353 2437 ln
1366 2374 1449 2438 Dens
1462 2376 1500 2439 in
1514 2374 1674 2451 omnibaa;
1701 2379 1732 2435 et
1753 2374 1849 2436 eonti-

123 2458 240 2521 Gonlra
256 2459 336 2519 banc
349 2460 519 2521 orationem
541 2463 589 2519 est
617 2456 714 2518 Prima
741 2456 877 2537 objectio
891 2458 949 2521 bn·
993 2468 1103 2523 anatur
1119 2476 1217 2537 usqne
1232 2459 1269 2520 ad
1282 2457 1374 2519 baem
1392 2458 1648 2520 consecrationis.

81 2541 178 2603 lberi:
195 2538 254 2602 liic
266 2555 394 2611 mersas,
410 2542 522 2614 innuit,
539 2537 629 2619 offert
648 2554 772 2619 ponera
783 2541 950 2614 elnaem,
1037 2544 1132 2604 l’rima
1144 2542 1277 2621 objectio
1289 2541 1412 2602 Lutberi
1425 2549 1472 2601 est
1483 2543 1551 2602 loco
1564 2557 1656 2618 snpra
1672 2544 1787 2614 actala;
1800 2538 1853 2618 qni

79 2622 948 2701 aepactaelilaeataraoaetemadamnotiaaenaa·
993 2626 1172 2706 objicitncs
1189 2625 1238 2686 bie
1253 2640 1341 2685 orare
1356 2640 1411 2701 pro
1437 2622 1578 2698 Cbristo,
1609 2630 1640 2685 et
1668 2622 1854 2685 mediatores

78 2714 151 2768 tam
166 2706 347 2786 efficaciam
372 2706 457 2784 poni
476 2705 594 2767 alcino
620 2705 786 2768 tribnnnt:
809 2721 891 2769 narn
905 2708 951 2770 od
993 2724 1051 2771 nos
1066 2710 1166 2771 lacere
1180 2708 1261 2769 inter
1272 2706 1426 2770 carisium
1456 2712 1487 2767 et
1500 2706 1630 2779 Patrem,
1647 2722 1681 2766 ac
1693 2702 1789 2767 Deum
1806 2719 1854 2789 ro·

78 2789 439 2865 baneredemptionem
451 2789 576 2851 nulline
601 2788 951 2853 estmomentimoreet
994 2798 1124 2869 parant
1139 2790 1302 2852 benedicat
1326 2788 1660 2868 etsanctillcetcorpns
1690 2786 1854 2866 etsangai·

75 2872 196 2950 passio
209 2870 288 2933 Filii
299 2870 368 2932 liet.
694 2900 697 2907 ·
995 2882 1065 2936 nem
1081 2872 1203 2936 Christi.

121 2954 329 3031 Respondeo:
345 2952 519 3015 Calumniae
542 2958 626 3024 sunl,
657 2968 719 3014 aon
744 2959 922 3033 argumenta
940 2997 949 3028 ,
1035 2959 1071 3019 al
1085 2956 1237 3017 Lntberns
1248 2970 1309 3015 non
1322 2952 1442 3015 ridetur
1452 2969 1571 3015 memor
1582 2953 1678 3016 fnisse
1693 2952 1856 3015 rcrbornm

75 3052 165 3115 qnae
178 3036 233 3098 bic
246 3054 263 3097 a
277 3035 410 3099 barbaro
424 3034 628 3113 objiciantur:
660 3050 721 3097 aon
750 3038 832 3097 enim
848 3052 951 3100 sacer·
986 3038 1141 3106 canonis,
1159 3054 1227 3099 carm
1244 3037 1319 3098 haee
1334 3035 1497 3099 scriberet:
1529 3052 1590 3097 non
1620 3034 1703 3098 enim
1733 3050 1856 3096 orarnns

76 3123 139 3182 dos
156 3125 250 3191 orat,
280 3125 314 3180 nt
327 3134 383 3198 per
397 3118 583 3181 oblationem
599 3118 695 3196 panis
720 3122 750 3180 el
765 3120 824 3180 rint
835 3121 952 3182 libere·
993 3139 1050 3200 pro
1064 3121 1253 3186 Eucharistia
1271 3124 1448 3182 consecrata
1469 3165 1476 3190 ,
1494 3120 1548 3182 scd
1566 3134 1619 3195 pro
1635 3131 1716 3198 pane
1737 3122 1768 3179 ct
1782 3117 1853 3180 rino

78 3219 154 3265 raar
166 3202 211 3264 ab
227 3207 350 3264 aelerna
372 3201 566 3264 damnatione
582 3246 592 3273 ,
608 3202 663 3262 sed
689 3208 754 3263 orat
766 3201 863 3264 ileum
880 3247 889 3271 ,
919 3209 953 3264 nt
995 3205 1218 3277 consecrando,
1236 3219 1336 3282 aenae
1350 3203 1491 3282 petimus,
1508 3202 1634 3263 albens
1647 3200 1809 3263 benedicat
1824 3205 1855 3262 et

79 3287 190 3363 ipsam
208 3284 396 3348 oblationem
411 3285 500 3363 panis
525 3291 556 3344 ει
568 3283 641 3352 viai,
655 3283 795 3361 accipiat,
811 3291 845 3346 ul
859 3290 952 3348 mate·
996 3287 1166 3349 sanctificet
1180 3303 1291 3366 eorpus
1307 3291 1336 3346 et
1351 3281 1531 3360 sangninem
1545 3282 1666 3355 christi,
1683 3284 1738 3344 sed
1755 3288 1787 3345 nt
1801 3281 1857 3344 bc·

79 3369 162 3428 riam
187 3365 333 3428 sacrilleii
350 3365 453 3438 lutari,
469 3374 500 3428 ct
514 3383 582 3428 eam
598 3365 741 3428 videlicet
761 3366 949 3441 benedicat,
999 3370 1120 3430 medicat
1148 3375 1179 3430 et
1192 3366 1361 3431 sanerineet
1372 3382 1481 3445 panem
1498 3366 1654 3438 elrianm,
1674 3372 1708 3428 ul
1721 3381 1777 3445 per
1791 3379 1859 3426 cam

77 3457 110 3511 et
125 3449 318 3512 sanetillcet.
335 3448 454 3513 Deinde
467 3449 606 3528 adiungit
620 3449 696 3510 alias
710 3457 773 3510 tres
789 3449 953 3527 petitiones
999 3450 1246 3514 benedictionem
1275 3457 1305 3511 el
1328 3447 1599 3512 sanctificationem
1622 3449 1673 3510 ssat
1697 3463 1809 3528 corpus
1824 3452 1856 3509 et

77 3549 180 3609 supra
196 3535 404 3607 enumeratas,
420 3540 451 3594 et
466 3547 528 3593 non
543 3537 685 3609 precatur
698 3547 752 3593 eas
762 3531 883 3610 impleri
899 3548 956 3611 per
1000 3533 1126 3610 sanguis
1141 3531 1274 3594 Domini.

79 3616 282 3677 oblationem
300 3616 389 3692 panis
417 3614 535 3688 etriai,
560 3614 615 3676 sed
641 3629 698 3693 per
722 3616 855 3677 eandem
870 3614 956 3678 libri·
1039 3613 1326 3694 Secundacbjeclio
1341 3619 1388 3675 est
1417 3611 1556 3691 eiusdem
1585 3613 1708 3677 Latberi
1739 3612 1856 3674 ibidem

78 3705 167 3760 stain
185 3697 356 3759 Dominam
372 3704 520 3758 nostram.
776 3742 779 3746 ι
998 3707 1103 3760 contra
1119 3699 1169 3759 illa
1181 3697 1285 3759 verba:
1299 3693 1856 3774 damnietamaaacripoamaaeam.

122 3779 421 3858 Secundaobjeetio
432 3778 736 3854 estllemnitii38erta
748 3780 828 3858 apnd
841 3779 955 3858 ipsam:
998 3779 1238 3855 rationabilem,
1254 3776 1548 3858 acceptabilemque
1562 3779 1669 3855 fecere
1684 3779 1827 3856 aipneris
1843 3779 1854 3837 .·'

81 3864 181 3925 Vetas
199 3862 360 3931 Ecclesia,
377 3861 486 3940 inquit,
502 3859 616 3923 obtolit
629 3862 692 3924 Deo
719 3863 758 3923 in
771 3861 955 3925 celebratio·
998 3865 1162 3936 Portenta,
1179 3864 1288 3939 innuit,
1300 3859 1552 3930 illanerbornrn,
1568 3875 1673 3942 neque
1685 3875 1742 3940 epo
1762 3859 1857 3924 intel·

76 3962 123 4008 ne
151 3944 402 4012 Eucharistiae.
429 3959 626 4022 praecepio
654 3946 870 4022 impetrandis
896 3961 956 4023 per
999 3949 1075 4026 tipo,
1091 3961 1151 4009 nec
1164 3945 1376 4018 stolidnsille‚
1393 3943 1450 4022 qai
1463 3944 1602 4022 scripsit.

79 4030 258 4092 Christum
272 4025 431 4104 maniciis
460 4027 689 4104 temporalibus
703 4028 896 4089 eloeternis:
910 4029 957 4092 cd
1041 4031 1074 4090 dl
1090 4029 1145 4090 ista
1159 4029 1265 4090 eadem
1278 4021 1371 4090 rer'ba
1393 4026 1546 4088 babontnr
1561 4026 1641 4104 apud
1664 4023 1857 4086 Ambrosium

79 4114 144 4174 boc
159 4107 369 4187 sacrificinm
391 4125 525 4186 precam
539 4110 705 4172 commode
717 4109 833 4186 reterri
844 4115 955 4187 parae·
999 4113 1057 4174 lib.
1073 4113 1104 4173 l.
1120 4111 1159 4173 de
1175 4109 1376 4173 sacramentis
1401 4125 1471 4186 cap.
1484 4107 1514 4170 5.
1529 4114 1559 4170 ει
1571 4115 1766 4186 exponuntur
1780 4107 1859 4168 mal·

75 4201 163 4258 rant
177 4191 390 4256 baecoerba:
406 4191 496 4253 lianc
517 4191 711 4256 oblationem
729 4193 878 4270 placatas
903 4209 957 4254 oc·
1001 4195 1041 4257 lis
1070 4199 1100 4256 el
1114 4192 1206 4256 variis
1233 4194 1336 4255 modis
1358 4193 1588 4271 elegantissime
1611 4191 1649 4252 ab
1664 4191 1804 4258 alcuino,
1822 4191 1859 4250 lt·

77 4279 194 4355 cipias
208 4281 273 4339 etc.
288 4271 475 4352 Pontificius
487 4289 563 4336 aero
577 4273 690 4338 Canon
709 4274 788 4338 baec
803 4275 956 4352 transfert
1001 4277 1137 4350 matario,
1151 4277 1294 4352 liuperto,
1308 4275 1448 4354 Hagnae,
1464 4273 1657 4345 innocentia,
1670 4273 1860 4334 bonaventu-

78 4364 128 4424 ad
141 4359 326 4422 mimicam
335 4355 511 4434 sacrificali
519 4359 959 4442 reprnmentotionempania
1001 4376 1033 4422 ra
1049 4367 1079 4422 et
1091 4361 1171 4422 aliis.
1185 4359 1323 4421 biteralis
1338 4357 1501 4436 expositio,
1514 4363 1548 4418 nt
1561 4373 1598 4418 ex
1610 4356 1738 4418 alcuino
1754 4361 1783 4416 el
1800 4353 1860 4416 lin-

75 4444 245 4506 nondam
260 4441 482 4503 consecranei
495 4445 578 4511 orat,
592 4447 630 4501 at
640 4439 723 4502 Deus
735 4441 830 4520 illam
841 4441 890 4502 ito
904 4444 957 4504 cc·
1002 4459 1082 4520 gone
1094 4449 1185 4521 atque
1198 4440 1545 4516 innocentiocnlligilur
1558 4441 1634 4502 baec
1645 4453 1716 4500 esse
1728 4437 1858 4500 videtur.

77 4527 204 4604 cipiet,
222 4530 265 4586 at
276 4529 408 4601 propter
427 4522 520 4584 illam
534 4522 602 4584 dies
615 4525 788 4585 castrecin
800 4539 864 4586 aaa
876 4539 958 4605 paee
1004 4526 1137 4587 Petimus
1152 4543 1167 4585 a
1184 4525 1258 4600 beo,
1274 4526 1387 4604 ntipsc
1398 4523 1585 4587 oblationem
1601 4527 1735 4583 nostram
1750 4533 1863 4582 consa·

76 4611 265 4686 disponat,
282 4611 312 4668 et
326 4622 348 4667 a
368 4605 580 4668 damnatione
592 4620 652 4668 noe
666 4605 794 4684 eripiat.
1001 4608 1115 4669 ernado
1130 4607 1323 4670 benedictam
1340 4623 1377 4668 ex
1397 4607 1553 4686 prophana
1580 4603 1702 4678 ciliciae
1729 4601 1860 4664 eandem

123 4688 340 4770 liespondeo:
357 4687 443 4763 Quod
457 4693 543 4748 ectus
557 4686 697 4749 llcclesia
723 4688 868 4750 obtulerit
895 4686 960 4751 lieo
1002 4691 1215 4770 approbando,
1238 4689 1326 4752 laetat
1341 4690 1536 4767 adscriptam,
1554 4688 1634 4750 idest
1652 4730 1660 4757 ,
1676 4685 1857 4757 adscribat,

79 4791 205 4854 preces
223 4787 286 4852 pro
300 4768 462 4833 benellclis
477 4783 533 4848 per
554 4767 707 4831 cbristnm
733 4772 935 4848 impetrandis
952 4817 960 4842 ,
1005 4782 1037 4835 et
1052 4779 1190 4836 numeret
1201 4773 1282 4834 inter
1294 4772 1468 4851 donnanae
1482 4771 1541 4852 ipsi
1557 4771 1735 4850 probantum
1749 4767 1858 4829 contir-

79 4856 297 4918 rerissimnm
312 4857 404 4920 estet
415 4852 495 4914 idem
507 4856 609 4914 nostra
624 4851 762 4914 Ecclesia
778 4857 807 4914 in
824 4854 880 4914 bac
895 4857 961 4929 ipsa
1006 4857 1117 4918 mando
1133 4863 1227 4917 ratam
1242 4852 1363 4929 eiilciat,
1385 4855 1476 4923 idest,
1503 4854 1644 4916 stabilem
1684 4855 1714 4912 et
1728 4849 1857 4922 ilrmam,

80 4943 238 5002 oratione
256 4935 391 5000 canoms
405 4933 486 4996 lacit.
502 4933 694 4998 ileadacinm
717 4934 798 4996 enirn
814 4943 861 4996 εει
875 4953 961 5016 aper·
1004 4947 1039 5000 nt
1054 4938 1181 5000 tractum
1198 4945 1314 5000 certam
1340 4942 1370 5000 et
1384 4941 1565 5015 perpetuum
1591 4935 1629 4997 ad
1646 4951 1701 5012 nos
1725 4932 1859 4996 referat:

79 5025 255 5086 tissimum
268 5017 413 5080 llemnilii
428 5022 459 5078 et
471 5016 595 5078 Lctbcri
612 5062 620 5091 ,
636 5017 717 5093 qaod
747 5019 797 5078 bia
823 5025 961 5096 petamus
1005 5021 1216 5084 rationabilem
1232 5035 1355 5098 anonae
1369 5019 1470 5091 iaciat,
1500 5025 1533 5082 nl
1561 5035 1620 5082 noc
1637 5019 1736 5080 solum
1752 5015 1831 5076 bona
1850 5059 1858 5088 ,

78 5105 253 5168 beneticia
272 5107 395 5181 propter
409 5100 593 5162 oblationem
604 5100 704 5178 panis:
717 5101 783 5179 ipsa
798 5102 880 5161 enim
895 5117 959 5161 ora·
1004 5104 1060 5166 sed
1076 5106 1166 5167 etlam
1180 5105 1272 5176 beno,
1289 5101 1507 5164 rationabiliter
1528 5108 1559 5164 et
1570 5101 1738 5181 prudentor
1752 5096 1859 5159 cllera·

79 5190 125 5253 tio
142 5205 214 5250 non
229 5193 283 5248 est
295 5184 437 5254 obscura,
453 5197 555 5260 neque
576 5183 730 5261 ambigna.
758 5198 859 5258 nenne
874 5184 957 5244 alind
1005 5203 1086 5258 mus,
1104 5204 1138 5250 ac
1150 5186 1190 5249 sit
1204 5184 1385 5248 rationabile
1399 5183 1581 5264 obsequium
1605 5189 1753 5253 nostram,
1777 5178 1859 5250 iaxta

79 5272 249 5344 continet,
269 5265 330 5330 nisi
354 5270 483 5344 quatuor
511 5263 684 5342 petitiones:
714 5266 775 5328 Per
803 5264 962 5329 Cbriatnnt
1005 5270 1184 5348 Apostolum
1199 5267 1287 5331 Rom.
1305 5268 1354 5329 li.
1368 5266 1508 5344 lienique
1522 5264 1742 5345 acceptabilem
1758 5261 1858 5334 iaciat,

23 5392 24 5425 ι
85 5355 288 5419 Dominum
303 5356 462 5412 nomman-
1004 5352 1095 5421 idesl,
1120 5353 1157 5412 ila
1174 5350 1310 5430 undiquc
1325 5349 1405 5412 bene
1420 5361 1457 5412 se
1470 5349 1658 5420 habentem,
1682 5361 1741 5407 non
1759 5347 1858 5407 solem

127 5438 228 5512 Quod
246 5438 352 5496 antem
365 5428 537 5492 liemnltins
551 5427 635 5498 dicit,
657 5429 745 5491 illud:
771 5430 862 5492 Hanc
875 5427 964 5492 obla·
1007 5438 1143 5512 exparte
1159 5433 1243 5505 doni,
1260 5433 1314 5495 sed
1331 5432 1420 5494 etiam
1436 5447 1473 5494 ex
1490 5439 1574 5510 parte
1590 5429 1718 5493 ministri
1730 5427 1859 5491 olleren·

23 5560 24 5595 ι
84 5523 234 5591 tionem,
249 5530 347 5597 posse
359 5512 518 5576 commode
530 5511 879 5574 reterriadsacrillcinm
894 5528 963 5592 pre·
1008 5517 1048 5578 tis
1063 5523 1095 5578 ut
1108 5516 1198 5596 digna
1214 5517 1264 5587 sil,
1276 5515 1467 5594 'qrraealieo
1482 5521 1668 5593 acceptetur.
1685 5511 1758 5574 lida
1773 5511 1859 5591 plara
1964 5561 1971 5572 .

23 5642 25 5683 ,
83 5623 159 5667 cam
179 5651 189 5679 ‚
209 5608 246 5664 et
269 5597 489 5674 contraipsum
511 5591 696 5656 liemnitinm
718 5602 749 5657 et
769 5594 964 5656 contraveri·
1009 5600 1088 5678 apud
1101 5605 1242 5662 auctores
1257 5599 1417 5676 allegatos.

23 5728 26 5762 ,
83 5695 185 5750 tatem
202 5689 273 5747 est.
291 5679 399 5743 Contra
414 5680 514 5758 lpsum
525 5676 731 5752 ltemnitinm,
758 5678 829 5756 qnia
844 5678 911 5757 ipsa
932 5675 964 5738 in
1047 5683 1146 5744 Tertia
1158 5681 1291 5761 objectio
1299 5679 1494 5743 estllemnitli
1504 5677 1638 5758 Septima
1651 5677 1731 5757 apud
1744 5675 1857 5754 ipsum.

22 5809 26 5849 ι
83 5773 193 5850 prima
228 5762 413 5842 obiectione
433 5760 584 5824 referebat
609 5760 647 5825 ad
673 5761 886 5842 eleemosynas
911 5757 965 5824 ilie
1008 5764 1236 5830 Scribitaatem
1255 5763 1427 5830 liemaitins
1455 5764 1534 5828 banc
1555 5765 1722 5828 arationem
1752 5758 1858 5822 baberi
