4084 6275
302 349 354 410 ³¹12
854 349 899 407 DE
918 343 1137 410 stastatuta
1154 343 1397 407 ebcfltntsrttlt

230 485 409 550 formaretur
431 484 555 548 materia
577 481 667 564 panis
688 484 753 547 sola
779 479 891 546 Christi
916 481 1089 555 animaret
1131 480 1158 543 si
1172 479 1211 542 ab
1224 481 1348 546 ethnico
1362 481 1547 563 philosopho
1560 481 1658 551 tieret.
1673 481 1752 546 Vere
1767 478 1988 543 enimnatura·

230 574 290 630 toto
306 566 417 632 Christi
432 567 629 630 humanitate.
646 565 812 645 Utrumque
825 573 925 630 autem
941 571 988 630 est
1000 581 1089 641 aper·
1131 563 1200 625 liter
1212 563 1278 627 iteri
1293 569 1400 645 nequit
1413 565 1583 641 conversio,
1599 565 1658 630 uisi
1681 568 1824 627 manente
1847 561 1987 624 materia:

231 652 348 714 tissime
363 651 483 713 laisum.
500 651 562 712 lion
578 650 661 713 enim
675 650 738 713 ullo
755 654 841 724 pacto
856 649 916 712 dici
931 654 1032 728 potest
1042 648 1089 710 in·
1132 662 1191 708 nec
1204 649 1287 709 enim
1302 656 1433 726 possunt
1451 649 1570 726 agentia
1595 647 1741 712 naturalia
1767 644 1925 708 materiam
1941 644 1989 723 ip·

228 733 351 796 lormari
363 732 517 796 materiam
532 734 615 794 illam
629 738 686 793 tota
702 731 811 795 Christi
828 732 1089 794 humanitateznec
1131 745 1196 790 sam
1212 731 1393 806 producere.
1409 731 1445 792 tt
1457 731 1630 807 Christiani,
1646 729 1700 810 qui
1713 735 1794 793 certa
1807 727 1869 790 fide
1880 731 1989 790 tenent

231 816 314 878 enim
328 815 401 894 ilngi
419 821 529 892 potest,
546 816 699 895 quomodo
718 815 849 887 ,materia
871 813 1050 875 informetur
1070 832 1087 875 ιι
1132 809 1228 873 Deum
1243 828 1281 874 ει
1295 813 1392 876 nibito
1406 815 1522 876 iecisse·
1534 814 1701 888 materiam,
1717 818 1748 874 ει
1768 827 1835 874 eam
1859 811 1892 872 in
1907 810 1988 871 nihi-

230 898 369 975 materia3
384 899 506 958 materia
523 898 603 960 enim
620 898 783 976 potentiam
797 897 888 958 habet
899 895 935 958 ad
948 895 1088 973 lormam,
1133 894 1194 955 lum
1209 911 1303 973 posse
1327 895 1481 976 redigere:
1508 897 1615 959 mirum
1640 895 1778 975 proiecto
1802 899 1860 969 est,
1883 893 1911 955 si
1924 907 1988 954 non

232 997 295 1043 non
317 979 354 1040 ad
377 981 546 1042 materiam.
564 981 622 1043 Sed
638 997 739 1059 neque
755 981 813 1042 hoo
828 980 987 1041 liurandus
1001 979 1086 1053 dicit,
1132 977 1258 1038 credant
1271 978 1310 1041 ab
1324 979 1433 1042 eodem
1448 981 1656 1057 omnipotente
1671 980 1734 1042 beo
1758 987 1851 1056 posse
1875 975 1989 1037 mutari

230 1063 281 1139 qui
291 1062 591 1125 rultcnnrersiauem
601 1061 906 1141 panissimilemesse
918 1060 1087 1125 nutritioni.
1133 1059 1299 1135 materiam,
1316 1067 1346 1123 et
1360 1061 1518 1140 quodlibet
1532 1063 1563 1127 in
1575 1062 1745 1138 quodlibet,
1762 1074 1799 1122 ex
1813 1058 1924 1139 creatis
1939 1074 1989 1118 rc·

230 1149 267 1206 tlt
288 1161 345 1206 nec
366 1152 467 1223 potest
488 1145 558 1218 dici,
583 1146 738 1207 materiam
763 1145 850 1220 panis
866 1162 881 1206 a
897 1144 959 1206 sota
976 1141 1088 1205 Christi
1132 1139 1191 1204 bus
1206 1143 1360 1206 videlicet:
1376 1161 1446 1205 narn
1462 1144 1492 1206 in
1508 1144 1605 1206 Deum
1620 1144 1697 1205 nibil
1711 1143 1785 1204 recti
1800 1146 1912 1219 potest,
1929 1155 1990 1201 nea

230 1227 329 1288 amima
346 1225 511 1289 informari:
529 1245 596 1288 narn
613 1228 686 1288 illud
700 1227 900 1303 compositum
914 1243 951 1289 cx
962 1228 1087 1288 materia
1134 1223 1201 1299 ipse
1216 1224 1247 1286 in
1262 1226 1357 1299 alind,
1372 1226 1526 1306 siquidem
1540 1233 1690 1306 repugnat
1702 1225 1781 1288 actui
1797 1239 1874 1302 puro
1886 1223 1990 1284 omnis

229 1310 318 1388 panis
340 1317 371 1371 et
391 1311 491 1372 anima
514 1309 636 1384 Christi,
668 1327 727 1372 non
744 1316 827 1372 esset
841 1326 922 1383 caro,
939 1315 989 1371 nat
1004 1315 1087 1370 certe
1131 1309 1266 1383 potentia
1281 1309 1411 1388 passira.
1428 1309 1472 1371 td
1486 1317 1699 1389 argumentum
1713 1323 1787 1386 ergo
1808 1305 1890 1377 dico,
1913 1320 1990 1368 con·

231 1408 293 1454 nou
316 1400 400 1455 esset
413 1392 463 1454 illo
479 1409 643 1472 caro‚quae
659 1394 696 1456 de
712 1392 834 1472 Virgine
849 1397 967 1469 sumpta
984 1398 1041 1461 est,
1058 1397 1089 1454 ct
1132 1391 1304 1452 versionem
1320 1407 1414 1469 posse
1429 1391 1494 1453 beri
1509 1392 1602 1454 ιοιιεε
1616 1392 1647 1454 in
1663 1387 1920 1466 totom3distingui
1936 1405 1989 1447 au·

229 1474 262 1536 in
290 1490 380 1536 arnae
407 1491 568 1554 suspensa.
594 1476 747 1554 Scriptura
766 1491 837 1537 aero
853 1475 974 1536 disertis
988 1473 1089 1536 verbis
1131 1476 1193 1533 tem
1208 1489 1276 1534 cam
1291 1473 1329 1535 ah
1344 1474 1566 1537 annihilatione
1595 1480 1626 1536 et
1649 1473 1815 1543 creatione,
1840 1470 1910 1548 quia
1934 1486 1991 1547 per

230 1555 367 1628 adfirmat,
384 1555 603 1621 Eucharistiam
617 1574 687 1620 esse
699 1573 819 1620 carnem
833 1558 1009 1636 itemquae
1021 1574 1089 1618 cru·
1132 1557 1363 1618 conversionem
1398 1573 1458 1619 noa
1473 1563 1504 1619 et
1517 1556 1625 1620 eadem
1640 1554 1760 1618 actione
1774 1571 1810 1616 er
1826 1568 1887 1614 uno
1909 1550 1945 1612 ut
1958 1568 1991 1614 a·

230 1639 320 1700 citlxa
342 1645 400 1711 est,
416 1639 542 1703 loannis
557 1641 587 1703 d.
603 1640 703 1703 Panis
718 1655 812 1721 quern
827 1657 884 1718 eqo
899 1638 993 1711 dabo,
1011 1655 1087 1702 earo
1132 1636 1207 1708 liud,
1224 1655 1293 1699 cum
1309 1654 1365 1715 per
1378 1640 1564 1702 creationem
1579 1656 1617 1702 er
1633 1638 1729 1701 nibile
1743 1637 1795 1698 liat
1805 1635 1991 1713 aliquid,pec

229 1737 304 1783 maa
318 1729 549 1802 estquamepo
562 1723 645 1787 dubo
655 1740 715 1802 pro
726 1724 844 1786 maadi
853 1721 970 1786 uitelli
981 1723 1087 1788 llattb.
1131 1718 1380 1783 antribiletionem
1395 1738 1432 1784 ex
1447 1723 1550 1800 aliquo
1564 1721 1653 1784 nibil.

230 1803 350 1866 26.an
364 1811 408 1866 est
419 1821 534 1884 carpus
546 1807 826 1886 accommodam
837 1801 923 1868 ιιοιιιε
932 1807 1088 1868 tradetcr.
1173 1802 1350 1866 Secundum
1365 1807 1474 1883 prohat
1488 1804 1650 1867 liurandus
1663 1803 1724 1865 hoc
1733 1799 1837 1863 mado:
1847 1797 1991 1862 Christus

273 1886 361 1949 Dicet
381 1888 492 1966 aliquis
514 1906 568 1968 pro
584 1889 738 1965 Durando;
754 1888 811 1950 Per
825 1887 1088 1950 concomitantiam
1129 1891 1202 1963 past
1213 1889 1481 1951 resurrectionem
1500 1903 1574 1952 uere
1593 1884 1817 1959 mandamuait,
1837 1881 1913 1945 Luc.
1930 1882 1991 1944 alt.

231 1969 288 2030 erit
303 1969 332 2030 in
349 1978 538 2034 sacramento
554 1973 727 2042 etiamcaro
742 1971 806 2045 iltn,
822 1985 900 2048 quae
915 1971 953 2032 de
964 1969 1089 2050 Virgine
1133 1974 1165 2028 et
1181 1970 1323 2046 proinde
1342 1986 1417 2033 uere
1436 1971 1655 2044 amarescat·
1683 1982 1759 2046 ειρο
1787 1971 1889 2047 pateat
1908 1965 1993 2027 certi

231 2055 353 2130 sumpta
368 2059 426 2114 est.
445 2052 504 2116 Sed
521 2055 579 2116 hoc
594 2071 655 2115 non
673 2051 785 2115 sufficit
799 2055 836 2116 ad
853 2053 1026 2131 scripturae
1039 2069 1089 2116 re·
1130 2049 1177 2112 ia*
1190 2066 1307 2129 cerpus
1328 2052 1397 2134 ειιιιι
1409 2052 1586 2132 gloriosam
1598 2051 1697 2132 pacis
1707 2065 1768 2130 per
1780 2049 1915 2112 modum
1926 2061 1993 2110 aa·

235 2134 371 2195 ritatem:
395 2135 549 2214 Scriptura
566 2137 647 2198 enim
665 2141 791 2198 testetur
806 2136 932 2214 id,quod
948 2151 985 2198 ει
999 2136 1028 2196 ri
1043 2152 1091 2197 sa·
1131 2133 1283 2198 triticeis.
1534 2169 1540 2178 ·

231 2217 376 2279 crementi
393 2219 482 2279 estin
495 2217 696 2294 Eucharistia,
710 2218 1088 2296 essecorpusillud‚qund
1174 2216 1369 2294 llespondeo:
1387 2216 1538 2281 Christum
1553 2221 1624 2296 past
1646 2212 1901 2299 resurrectionem
1916 2227 1992 2276 rere

231 2314 287 2375 pro
303 2299 393 2361 nubis
407 2301 444 2362 ad
458 2305 584 2362 mortem
597 2301 736 2364 traditum
751 2307 809 2364 est:
822 2301 914 2363 debet
926 2301 1016 2378 igitur
1027 2317 1088 2362 nnn
1133 2299 1317 2375 comedisse,
1334 2301 1405 2379 quia
1418 2317 1491 2364 aero
1504 2300 1617 2379 palato,
1632 2297 1773 2376 rarisque
1787 2295 1946 2368 dentibus,
1957 2299 1993 2356 et

229 2395 286 2458 per
306 2383 581 2455 concomitantiam,
604 2384 659 2446 sed
676 2399 713 2445 ειι
727 2383 753 2444 ri
776 2383 956 2446 sacramenti
972 2399 1043 2445 esse
1057 2383 1089 2448 in
1133 2379 1236 2459 lingua
1251 2398 1357 2445 rerum
1372 2383 1473 2446 aihum
1488 2383 1665 2461 sumpsit,et
1679 2381 1716 2442 ad
1727 2377 1917 2442 stomachum
1931 2382 1991 2438 tra-

230 2461 419 2526 Euoharistia
436 2481 506 2527 caro
522 2466 572 2528 itta
587 2465 803 2546 Domini,quae
818 2465 857 2536 de
871 2464 993 2546 Virgine
1005 2481 1088 2528 sum·
1131 2463 1218 2542 jecit.
1235 2463 1295 2527 Sed
1311 2467 1409 2544 potuit
1419 2481 1479 2528 non
1494 2465 1567 2528 inde
1582 2464 1700 2534 nutriri,
1717 2461 1773 2524 sed
1797 2477 1868 2523 eum
1883 2459 1990 2522 aihum

230 2551 279 2623 pta
296 2555 354 2606 εει.
1133 2547 1164 2607 in
1181 2547 1282 2610 adrem
1296 2554 1485 2625 concertare3
1502 2548 1533 2609 id
1547 2549 1629 2628 qood
1643 2546 1779 2608 indicare
1800 2543 1920 2606 ridetur
1934 2543 1991 2605 lle·

222 2673 229 2690 .
270 2629 384 2691 lertio:
401 2628 454 2691 Vel
470 2631 593 2692 materia
608 2633 697 2708 panis
712 2630 828 2692 accedit
840 2629 958 2708 reliquo
968 2630 1089 2707 corpori
1135 2630 1172 2691 da
1189 2629 1218 2691 in
1234 2637 1400 2692 comment.
1416 2647 1485 2709 cap.
1500 2631 1597 2692 ultimi
1612 2629 1725 2700 Lucae,
1742 2627 1794 2689 uhi
1809 2626 1992 2705 ponithana

232 2709 354 2786 Christi,
373 2717 404 2774 et
417 2712 449 2774 in
464 2730 502 2776 co
517 2720 631 2790 manet3
644 2714 691 2775 rel
704 2715 888 2788 accedit,sed
903 2728 962 2774 non
974 2720 1089 2790 manet3
1134 2711 1366 2775 similitudinem
1382 2714 1461 2775 inter
1476 2713 1740 2777 manducationem
1766 2716 1913 2784 nostram,
1937 2706 1992 2786 qai

228 2795 277 2855 ret
293 2810 356 2856 nau
370 2796 500 2858 accedit.
517 2795 548 2858 Si
564 2797 682 2858 accedit
697 2801 727 2856 et
742 2802 853 2866 manet,
870 2810 942 2874 ergo
954 2794 1090 2873 quotidie
1135 2809 1174 2856 ex
1188 2794 1354 2875 indigentia
1369 2796 1601 2869 manducamus,
1618 2800 1649 2858 ει
1662 2794 1745 2855 illam
1766 2790 1888 2864 Christi,
1912 2806 1993 2869 quae

229 2883 367 2955 augetur,
391 2884 422 2939 et
442 2879 555 2940 crescit
574 2894 686 2955 corpns
707 2877 837 2951 Domini,
860 2884 891 2941 et
908 2879 971 2956 jam
988 2879 1018 2938 in
1034 2878 1090 2939 im·
1136 2892 1173 2939 er
1188 2883 1338 2956 potestate
1351 2879 1427 2940 lacta
1442 2884 1500 2944 est:
1517 2876 1619 2950 Sicci,
1638 2876 1747 2954 inquit,
1762 2874 1994 2952 alitcrcqucm

229 2974 368 3020 mensam
394 2959 508 3022 molem
532 2962 675 3022 excrevit:
692 2960 719 3022 si
735 2961 862 3033 accedit,
879 2965 1091 3038 etpostcare·
1134 2961 1346 3026 tmasiiieaa
1370 2960 1527 3041 adsorbet,
1553 2960 1651 3023 aliter
1672 2958 1747 3035 auita
1770 2957 1887 3020 raditis
1913 2971 1994 3019 oua·

231 3041 324 3115 cedit,
341 3056 414 3119 ergo
429 3043 565 3120 quotidie
580 3043 692 3114 arescit
706 3048 737 3104 et
751 3044 914 3115 decrescit,
946 3043 1026 3122 quod
1043 3059 1090 3105 sa·
1135 3043 1287 3106 decemo
1302 3044 1399 3106 etiam
1413 3044 1508 3108 aliter
1529 3058 1589 3106 aaa
1612 3043 1864 3114 manducamus,
1890 3039 1990 3101 utitor

230 3139 271 3183 ne
288 3123 464 3200 quislcratt
478 3124 503 3187 si
520 3142 581 3189 nun
596 3125 725 3198 accedit,
741 3142 814 3205 erga
830 3127 884 3187 tria
897 3132 967 3189 sunt
979 3124 1091 3189 Christi
1133 3123 1189 3189 a'lie
1202 3127 1426 3191 manducauit.
1443 3125 1534 3191 Purra
1548 3132 1628 3189 terra
1642 3141 1712 3189 rere
1726 3123 1786 3186 sibi
1802 3120 1946 3202 adjungit
1959 3140 1992 3181 a·

231 3222 358 3283 corpora
385 3222 418 3268 re
444 3209 510 3285 ipsa
538 3210 691 3284 distincta3
707 3224 801 3271 unum
818 3209 856 3271 de
871 3208 994 3288 Virgine
1009 3225 1091 3271 sum·
1136 3226 1238 3285 quam,
1255 3217 1286 3271 et
1299 3226 1335 3272 ea
1348 3210 1479 3289 iuratur,
1496 3216 1527 3272 et
1541 3208 1725 3289 pinguescit:
1741 3204 1818 3269 sotis
1830 3210 1933 3267 antem
1946 3221 1993 3265 ra·

235 3294 332 3365 ptam,
349 3290 477 3351 alterum
493 3291 655 3353 conflatum
669 3306 705 3353 er
716 3292 840 3353 materia
855 3290 943 3369 panis
966 3298 997 3353 et
1007 3290 1093 3354 Chri·
1136 3289 1206 3353 dius
1222 3308 1282 3353 non
1297 3292 1358 3353 sibi
1373 3292 1511 3372 adjungit
1523 3308 1643 3371 aquam,
1659 3306 1750 3367 quam
1764 3286 1919 3359 absorbet,
1933 3288 1992 3349 sed

233 3372 271 3430 sti
289 3371 400 3447 animm
416 3373 537 3434 tertium
554 3390 590 3435 cx
604 3374 728 3437 materia
744 3374 804 3435 rini
818 3381 848 3435 et
863 3373 956 3437 torma
969 3377 1092 3453 sangui·
1137 3388 1204 3435 earn
1220 3374 1251 3435 in
1267 3390 1371 3437 auram
1399 3382 1430 3438 et
1442 3390 1571 3453 rapores
1592 3372 1742 3437 dissolvit.
1769 3371 1876 3433 Posset
1900 3369 1993 3431 etiam

232 3452 282 3512 nis
308 3452 441 3515 Ilomini.
465 3454 547 3518 Ecce
562 3457 662 3534 qualia
683 3456 826 3535 figmenta
842 3455 979 3518 Patribus
995 3458 1091 3519 omni·
1134 3457 1194 3518 dici
1210 3473 1281 3521 cum
1295 3457 1412 3520 Joanue
1427 3476 1444 3521 a
1459 3457 1603 3527 Coranio,
1619 3456 1650 3517 iu
1666 3454 1721 3517 tib.
1736 3454 1776 3515 de
1789 3467 1920 3531 corpure
1933 3452 1995 3515 lto-

232 3534 291 3596 bus
309 3536 456 3598 contraria
472 3535 606 3600 Durandi
621 3539 776 3601 temeritas
791 3540 948 3601 admittere
960 3540 1090 3619 angitur.
1134 3539 1222 3613 mini,
1239 3538 1389 3604 Christum
1404 3556 1475 3603 rere
1489 3540 1634 3603 nutritum
1649 3553 1687 3601 eu
1712 3536 1782 3601 cibu
1795 3542 1866 3616 post
1889 3551 1995 3597 resur·

275 3618 399 3691 Quarto,
415 3619 442 3680 si
458 3622 580 3681 materia
596 3628 742 3694 monetet
758 3620 867 3684 Christi
885 3621 984 3689 anima
999 3621 1090 3683 lnior·
1134 3621 1313 3697 rectionem,
1330 3625 1386 3687 sed
1401 3624 1467 3685 siue
1484 3620 1748 3694 ulloaccessioue,
1761 3620 1810 3681 rel
1821 3619 1992 3679 mutatione

234 3708 342 3761 matur:
360 3716 433 3779 ergo
448 3702 658 3766 dimensiones
671 3705 770 3782 panis,
784 3704 993 3766 dimensiones
1006 3702 1091 3765 Chri·
1135 3720 1202 3766 sue:
1220 3707 1318 3783 potuit
1331 3706 1415 3769 enim
1429 3711 1523 3768 totum
1538 3718 1610 3767 eum
1624 3702 1726 3765 cibum
1740 3707 1858 3770 rertere
1879 3700 1912 3761 in
1927 3716 1995 3761 car·

232 3782 269 3842 sti
286 3789 385 3857 crunt;
402 3799 475 3861 crgo
492 3793 663 3857 ertensc,et
674 3786 873 3864 corporaliter
883 3802 994 3863 corpus
1006 3784 1091 3848 Chri·
1135 3802 1207 3849 nem
1223 3803 1309 3851 suam
1323 3787 1590 3869 praeexistentem,
1607 3786 1647 3849 ita
1660 3792 1694 3847 ut
1707 3798 1766 3847 nec
1781 3781 1918 3856 materia,
1934 3798 1995 3844 nec

233 3866 270 3924 sti
287 3866 318 3925 in
335 3867 402 3927 loco
418 3867 486 3935 erit:
503 3884 674 3947 regerere,
692 3876 721 3928 ει
737 3869 858 3947 proprie
880 3867 983 3939 diridi,
1012 3869 1091 3930 cale·
1136 3869 1230 3932 torma
1245 3872 1334 3952 panis
1354 3875 1538 3936 remaneret.
1564 3868 1626 3931 Sed
1651 3868 1735 3948 prior
1759 3866 1871 3929 solutio
1896 3864 1995 3927 tucili-

231 3946 310 4020 fieri,
335 3949 487 4029 corrumpi
516 3954 635 4029 poterit.
663 3951 765 4028 Dices3
793 3950 857 4012 Non
883 3951 1004 4029 poterit,
1021 3951 1091 4028 quia
1136 3959 1243 4017 orest.

233 4031 401 4107 gloriosum
418 4038 510 4101 estet
524 4032 769 4111 incorruptibile.
786 4032 821 4094 at
836 4032 894 4095 hoc
910 4032 1010 4111 ipsum
1023 4050 1092 4111 pro·
1177 4035 1311 4098 Tertium
1327 4035 1433 4114 probat
1446 4033 1607 4097 Darandus
1622 4048 1659 4095 es
1672 4032 1863 4093 Damascena
1886 4029 1945 4091 lib.
1961 4029 1995 4092 l.

234 4112 285 4173 bat
299 4121 523 4191 argumentum,
540 4133 652 4194 corpus
668 4116 741 4177 illud
755 4130 815 4179 nun
827 4129 899 4177 esse
925 4115 1091 4193 gloriosum
1137 4115 1176 4180 dc
1190 4116 1263 4193 ilde,
1280 4134 1347 4197 cap.
1364 4116 1413 4180 tt.
1429 4118 1478 4179 cui
1494 4131 1661 4197 possumus
1674 4116 1786 4175 addere
1811 4111 1995 4189 Gregorium

233 4201 265 4255 ct
278 4196 576 4273 incorruptibileant
591 4206 674 4261 certe
690 4198 984 4276 corpusglnrinsum
1001 4207 1030 4261 et
1045 4200 1090 4262 in·
1137 4215 1304 4279 nyssenum
1320 4202 1350 4262 in
1366 4205 1442 4262 orat.
1457 4198 1577 4266 catech.
1594 4215 1662 4277 cap.
1678 4195 1730 4259 31.
1744 4201 1776 4257 et
1798 4194 1998 4275 'theophyla-

239 4277 439 4355 corruptibile
454 4280 534 4341 laedi
559 4287 589 4344 ει
610 4282 763 4359 corrumpi
789 4296 893 4359 posse:
918 4282 1094 4360 experimur
1137 4290 1218 4344 ctum
1234 4283 1265 4344 in
1281 4300 1349 4361 oap.
1365 4282 1396 4343 a.
1411 4281 1549 4355 ioannis,
1567 4280 1617 4359 qui
1633 4281 1738 4341 dicunt
1752 4294 1790 4339 eo
1811 4278 1904 4339 modo
1925 4293 1997 4339 mu·

236 4358 319 4423 enim
335 4368 548 4425 consecratum
564 4379 687 4441 panem,
703 4366 754 4441 qui
770 4379 826 4441 per
849 4361 1024 4425 Durandum
1047 4372 1095 4428 est
1137 4368 1191 4427 tari
1207 4382 1289 4428 nunc
1303 4381 1413 4444 ponem
1428 4365 1460 4427 in
1475 4376 1597 4427 carnem
1612 4361 1722 4425 Christi
1746 4376 1803 4439 per
1827 4374 1995 4423 consecra-

235 4443 359 4505 rnateria
376 4446 475 4522 panis,
494 4445 603 4508 Christi
619 4446 717 4507 anima
733 4444 903 4529 intormata,
931 4444 1036 4522 diridi,
1052 4450 1094 4510 al·
1137 4446 1263 4523 tionem,
1279 4464 1341 4526 quo
1355 4446 1527 4510 mutabatur
1540 4444 1626 4519 olim,
1654 4444 1729 4507 dum
1752 4444 1822 4523 ipse
1846 4443 1880 4505 ιιι
1903 4445 1998 4505 terris

234 4524 337 4586 terari.
356 4528 522 4603 corrumpi.
1019 4528 1021 4533 ’
1137 4529 1262 4600 rireret,
1278 4545 1334 4607 per
1347 4530 1554 4592 nutritionem.

278 4606 338 4669 Sed
355 4608 522 4681 rideamus,
541 4610 614 4687 quid
638 4626 695 4688 pro
723 4624 757 4672 se
781 4610 942 4673 liurandus
969 4611 1093 4675 adierat.
1178 4611 1223 4673 Ad
1238 4612 1341 4675 Patres
1357 4613 1401 4675 itti
1416 4609 1618 4676 similitudine
1631 4608 1808 4673 nutritionis
1820 4612 2000 4678 utuntur,ut

235 4688 293 4753 ille
308 4691 382 4751 satis
398 4692 537 4769 apposite
553 4693 588 4753 ad
613 4694 860 4770 persuadendum
887 4693 1005 4771 prohat.
1031 4693 1093 4756 Pri·
1137 4708 1238 4757 rorum
1268 4698 1426 4758 etrealem
1441 4693 1638 4756 mutationem
1663 4692 1837 4763 ostendant,
1863 4705 1926 4752 noo
1942 4706 2001 4751 au·

236 4788 298 4845 mu,
314 4772 495 4838 sententiam
513 4774 692 4837 contrariam
708 4790 778 4837 asse
793 4776 1027 4853 impossibilem.
1041 4776 1096 4839 Sc·
1139 4780 1211 4850 tem,
1227 4784 1260 4841 ut
1274 4779 1306 4841 in
1321 4775 1590 4846 omnihussimilia
1604 4788 1677 4839 ease
1690 4774 1784 4838 relint
1807 4772 1998 4836 consecrati·

233 4856 347 4926 cundo,
364 4871 450 4917 suam
467 4872 537 4919 esse
554 4858 747 4935 possibilem.
762 4857 874 4934 Tertio,
890 4874 976 4921 suam
999 4873 1032 4920 re
1046 4858 1093 4937 ip·
1138 4872 1230 4922 onem
1257 4868 1288 4923 et
1302 4861 1509 4935 nutritionem
1525 4873 1627 4937 neque
1640 4857 1779 4937 exempla
1808 4861 1841 4919 et
1852 4856 2001 4917 similitu·

234 4954 267 4999 sa
284 4953 481 5005 assererem.
1138 4940 1229 5005 dines
1242 4942 1273 5007 id
1288 4958 1422 5023 unquam
1436 4942 1573 5022 exigunt,
1588 4946 1622 5003 ut
1641 4940 1675 5003 in
1698 4938 1842 5004 omuibus
1865 4939 1999 5001 omnino

277 5020 409 5084 Primum
425 5020 588 5100 hoapacto
613 5022 732 5101 probat:
763 5022 929 5087 concordo
953 5018 1025 5099 deri
1036 5036 1093 5085 aa·
1138 5026 1332 5089 conueniant.

237 5104 318 5181 quit.
334 5104 401 5170 ιιιει
414 5112 566 5168 manente
578 5107 788 5172 materiamen
801 5104 942 5182 sabjecta
956 5106 993 5167 ιιι
1006 5111 1093 5169 utra·

239 5199 301 5263 quc
315 5186 452 5249 termino
468 5188 694 5251 conuersioais.
710 5188 774 5251 lloc
789 5190 877 5251 enim
896 5189 1027 5251 interest
1040 5190 1091 5251 in·

235 5272 284 5327 aar
309 5270 531 5342 creationem,
558 5272 831 5335 annihilationem
858 5274 888 5331 ct
915 5273 1091 5335 conantio·
1462 5238 1666 5305 mmm·
1703 5328 1708 5335 .
1799 5344 1806 5359 ‚

236 5354 486 5431 nemptodori
511 5356 673 5417 mentione
696 5352 743 5430 fit,
769 5354 856 5433 quad
876 5368 945 5417 aaa
959 5359 1040 5430 crab
1054 5354 1093 5417 in
1534 5397 1536 5404 -

222 5433 477 5500 ·-aaailailata‘oae
493 5437 753 5508 castellensem,
770 5436 1092 5515 quaderaaiacco·
1243 5468 1248 5473 -
1361 5430 1767 5511 lleiclliturqrarruserror.

234 5516 379 5581 ιιειειοιιε
394 5520 652 5599 transitaliqaiti
672 5520 712 5583 cle
734 5534 801 5584 aaa
824 5533 891 5583 case
914 5520 960 5583 ud
984 5518 1092 5583 aliud:

237 5603 358 5673 oportet
371 5600 483 5679 igitar,
499 5608 535 5665 at
548 5606 717 5667 remanent
731 5602 779 5676 id,
796 5602 883 5683 quad
895 5602 1020 5664 tramit.
1179 5597 1244 5661 Jam
1261 5613 1334 5663 raro
1348 5598 1479 5672 Quartus
1493 5615 1578 5663 error
1589 5598 1629 5663 de
1643 5599 1737 5662 torma
1751 5598 1854 5678 panis,
1867 5595 2001 5677 ineptis·

273 5676 467 5759 llcsponcleo:
484 5684 548 5747 llao
573 5688 789 5765 argumentum
814 5682 973 5749 tolerabile
995 5687 1092 5762 esset,
1139 5682 1237 5747 simus
1250 5687 1308 5761 est,
1326 5699 1384 5747 nec
1398 5681 1459 5747 atio
1474 5682 1670 5748 tundamento
1685 5681 1801 5761 nititur,
1817 5679 1877 5745 nisi
1898 5678 2001 5757 impe·
