<?xml version="1.0" encoding="UTF-8"?>
<!DOCTYPE html PUBLIC "-//W3C//DTD XHTML 1.0 Transitional//EN"
    "http://www.w3.org/TR/xhtml1/DTD/xhtml1-transitional.dtd">
<html xmlns="http://www.w3.org/1999/xhtml" xml:lang="en" lang="en">
 <head>
  <title>
</title>
<meta http-equiv="Content-Type" content="text/html;charset=utf-8" />
  <meta name='ocr-system' content='tesseract 3.04.00' />
  <meta name='ocr-capabilities' content='ocr_page ocr_carea ocr_par ocr_line ocrx_word'/>
</head>
<body>
  <div class='ocr_page' id='page_1' title='image "./operaomnia03unkngoog/operaomnia03unkngoog_0314.png"; bbox 0 0 4084 6275; ppageno 0'>
   <div class='ocr_carea' id='block_1_1' title="bbox 247 338 1351 402">
    <p class='ocr_par' dir='ltr' id='par_1_1' title="bbox 247 338 1351 402">
     <span class='ocr_line' id='line_1_1' title="bbox 247 338 1351 402; baseline -0.005 -1"><span class='ocrx_word' id='word_1_1' title='bbox 247 344 303 401; x_wconf 73' lang='lat'><strong>298</strong></span> <span class='ocrx_word' id='word_1_2' title='bbox 805 342 849 401; x_wconf 81' lang='lat' dir='ltr'><strong>hb</strong></span> <span class='ocrx_word' id='word_1_3' title='bbox 863 339 1088 402; x_wconf 69' lang='lat' dir='ltr'><strong>succutiente</strong></span> <span class='ocrx_word' id='word_1_4' title='bbox 1107 338 1351 400; x_wconf 78' lang='lat' dir='ltr'><strong>nunnintsttnu</strong></span> 
     </span>
    </p>
   </div>
   <div class='ocr_carea' id='block_1_2' title="bbox 105 467 1959 5680">
    <p class='ocr_par' dir='ltr' id='par_1_2' title="bbox 105 467 1954 3944">
     <span class='ocr_line' id='line_1_2' title="bbox 176 467 1941 555; baseline -0.005 -16"><span class='ocrx_word' id='word_1_5' title='bbox 176 477 309 553; x_wconf 79' lang='lat' dir='ltr'><strong>explicat</strong></span> <span class='ocrx_word' id='word_1_6' title='bbox 322 475 429 539; x_wconf 84' lang='lat' dir='ltr'><strong>Petrus</strong></span> <span class='ocrx_word' id='word_1_7' title='bbox 445 481 567 553; x_wconf 78' lang='lat' dir='ltr'><strong>martyr,</strong></span> <span class='ocrx_word' id='word_1_8' title='bbox 583 474 663 539; x_wconf 89' lang='lat' dir='ltr'><strong>libro</strong></span> <span class='ocrx_word' id='word_1_9' title='bbox 676 480 781 537; x_wconf 89' lang='lat' dir='ltr'><strong>contra</strong></span> <span class='ocrx_word' id='word_1_10' title='bbox 809 476 1009 540; x_wconf 85' lang='lat' dir='ltr'><strong>Cardinerum</strong></span> <span class='ocrx_word' id='word_1_11' title='bbox 1027 523 1036 547; x_wconf 88' lang='lat'>‚</span> <span class='ocrx_word' id='word_1_12' title='bbox 1081 478 1164 555; x_wconf 79' lang='lat' dir='ltr'><strong>ouon</strong></span> <span class='ocrx_word' id='word_1_13' title='bbox 1177 475 1238 539; x_wconf 86' lang='lat' dir='ltr'><strong>diei</strong></span> <span class='ocrx_word' id='word_1_14' title='bbox 1252 474 1343 550; x_wconf 89' lang='lat' dir='ltr'><strong>solet,</strong></span> <span class='ocrx_word' id='word_1_15' title='bbox 1359 488 1533 537; x_wconf 84' lang='lat' dir='ltr'><strong>sermonem</strong></span> <span class='ocrx_word' id='word_1_16' title='bbox 1544 476 1734 540; x_wconf 84' lang='lat' dir='ltr'><strong>constaraex</strong></span> <span class='ocrx_word' id='word_1_17' title='bbox 1749 487 1822 534; x_wconf 88' lang='lat' dir='ltr'><strong>roco</strong></span> <span class='ocrx_word' id='word_1_18' title='bbox 1850 479 1882 535; x_wconf 88' lang='lat' dir='ltr'><strong>et</strong></span> <span class='ocrx_word' id='word_1_19' title='bbox 1897 467 1941 533; x_wconf 88' lang='lat' dir='ltr'><strong>si·</strong></span> 
     </span>
     <span class='ocr_line' id='line_1_3' title="bbox 178 554 1940 639; baseline -0.005 -18"><span class='ocrx_word' id='word_1_20' title='bbox 178 560 301 638; x_wconf 85' lang='lat' dir='ltr'><strong>objecto</strong></span> <span class='ocrx_word' id='word_1_21' title='bbox 320 560 390 622; x_wconf 78' lang='grc'><strong>131.</strong></span> <span class='ocrx_word' id='word_1_22' title='bbox 407 559 458 620; x_wconf 93' lang='lat' dir='ltr'><strong>uhi</strong></span> <span class='ocrx_word' id='word_1_23' title='bbox 474 557 560 626; x_wconf 88' lang='lat' dir='ltr'><strong>dicit,</strong></span> <span class='ocrx_word' id='word_1_24' title='bbox 577 574 632 637; x_wconf 90' lang='lat' dir='ltr'><strong>per</strong></span> <span class='ocrx_word' id='word_1_25' title='bbox 660 556 879 621; x_wconf 82' lang='lat' dir='ltr'><strong>Eucharisliom</strong></span> <span class='ocrx_word' id='word_1_26' title='bbox 908 576 1037 639; x_wconf 89' lang='lat' dir='ltr'><strong>corpora</strong></span> <span class='ocrx_word' id='word_1_27' title='bbox 1083 560 1289 637; x_wconf 76' lang='lat' dir='ltr'><strong>gniiioalione.</strong></span> <span class='ocrx_word' id='word_1_28' title='bbox 1305 558 1368 620; x_wconf 91' lang='lat' dir='ltr'><strong>Sed</strong></span> <span class='ocrx_word' id='word_1_29' title='bbox 1382 556 1564 636; x_wconf 78' lang='lat' dir='ltr'><strong>significatio</strong></span> <span class='ocrx_word' id='word_1_30' title='bbox 1593 554 1623 617; x_wconf 92' lang='lat' dir='ltr'><strong>in</strong></span> <span class='ocrx_word' id='word_1_31' title='bbox 1649 555 1714 633; x_wconf 90' lang='lat' dir='ltr'><strong>ipsa</strong></span> <span class='ocrx_word' id='word_1_32' title='bbox 1730 568 1805 617; x_wconf 87' lang='lat' dir='ltr'><strong>roae</strong></span> <span class='ocrx_word' id='word_1_33' title='bbox 1827 562 1887 627; x_wconf 84' lang='lat' dir='ltr'><strong>est,</strong></span> <span class='ocrx_word' id='word_1_34' title='bbox 1904 560 1940 613; x_wconf 92' lang='lat' dir='ltr'><strong>nt</strong></span> 
     </span>
     <span class='ocr_line' id='line_1_4' title="bbox 176 638 1941 721; baseline -0.005 -16"><span class='ocrx_word' id='word_1_35' title='bbox 176 650 282 706; x_wconf 90' lang='lat' dir='ltr'><strong>nostra</strong></span> <span class='ocrx_word' id='word_1_36' title='bbox 296 644 361 705; x_wconf 89' lang='lat' dir='ltr'><strong>iteri</strong></span> <span class='ocrx_word' id='word_1_37' title='bbox 377 642 570 703; x_wconf 73' lang='lat' dir='ltr'><strong>immortalia.</strong></span> <span class='ocrx_word' id='word_1_38' title='bbox 596 640 667 716; x_wconf 82' lang='lat' dir='ltr'><strong>onia</strong></span> <span class='ocrx_word' id='word_1_39' title='bbox 684 655 739 717; x_wconf 92' lang='lat' dir='ltr'><strong>per</strong></span> <span class='ocrx_word' id='word_1_40' title='bbox 760 656 827 703; x_wconf 90' lang='lat' dir='ltr'><strong>eam</strong></span> <span class='ocrx_word' id='word_1_41' title='bbox 852 642 914 705; x_wconf 89' lang='lat' dir='ltr'><strong>tide</strong></span> <span class='ocrx_word' id='word_1_42' title='bbox 928 660 1037 720; x_wconf 86' lang='lat' dir='ltr'><strong>oppre·</strong></span> <span class='ocrx_word' id='word_1_43' title='bbox 1082 644 1189 705; x_wconf 87' lang='lat' dir='ltr'><strong>relatio</strong></span> <span class='ocrx_word' id='word_1_44' title='bbox 1204 644 1234 705; x_wconf 92' lang='lat' dir='ltr'><strong>io</strong></span> <span class='ocrx_word' id='word_1_45' title='bbox 1257 658 1315 703; x_wconf 90' lang='lat' dir='ltr'><strong>sno</strong></span> <span class='ocrx_word' id='word_1_46' title='bbox 1329 639 1482 721; x_wconf 81' lang='lat' dir='ltr'><strong>subject03</strong></span> <span class='ocrx_word' id='word_1_47' title='bbox 1498 656 1533 701; x_wconf 91' lang='lat' dir='ltr'><strong>ao</strong></span> <span class='ocrx_word' id='word_1_48' title='bbox 1545 638 1673 715; x_wconf 84' lang='lat' dir='ltr'><strong>proinde</strong></span> <span class='ocrx_word' id='word_1_49' title='bbox 1698 652 1758 699; x_wconf 90' lang='lat' dir='ltr'><strong>non</strong></span> <span class='ocrx_word' id='word_1_50' title='bbox 1774 644 1875 715; x_wconf 90' lang='lat' dir='ltr'><strong>potest</strong></span> <span class='ocrx_word' id='word_1_51' title='bbox 1902 652 1941 697; x_wconf 79' lang='lat' dir='ltr'><strong>ex</strong></span> 
     </span>
     <span class='ocr_line' id='line_1_5' title="bbox 177 718 1939 804; baseline -0.002 -19"><span class='ocrx_word' id='word_1_52' title='bbox 177 724 343 789; x_wconf 78' lang='lat' dir='ltr'><strong>troooimos</strong></span> <span class='ocrx_word' id='word_1_53' title='bbox 357 725 523 798; x_wconf 71' lang='lat' dir='ltr'><strong>Christnms</strong></span> <span class='ocrx_word' id='word_1_54' title='bbox 544 740 582 785; x_wconf 85' lang='lat' dir='ltr'><strong>er</strong></span> <span class='ocrx_word' id='word_1_55' title='bbox 601 740 637 784; x_wconf 90' lang='lat' dir='ltr'><strong>ea</strong></span> <span class='ocrx_word' id='word_1_56' title='bbox 659 722 721 785; x_wconf 88' lang='lat' dir='ltr'><strong>ilde</strong></span> <span class='ocrx_word' id='word_1_57' title='bbox 746 731 910 787; x_wconf 85' lang='lat' dir='ltr'><strong>renouatur</strong></span> <span class='ocrx_word' id='word_1_58' title='bbox 923 726 1035 803; x_wconf 83' lang='lat' dir='ltr'><strong>onima3</strong></span> <span class='ocrx_word' id='word_1_59' title='bbox 1083 743 1117 788; x_wconf 92' lang='lat' dir='ltr'><strong>ea</strong></span> <span class='ocrx_word' id='word_1_60' title='bbox 1144 727 1273 804; x_wconf 90' lang='lat' dir='ltr'><strong>probare</strong></span> <span class='ocrx_word' id='word_1_61' title='bbox 1288 723 1394 785; x_wconf 87' lang='lat' dir='ltr'><strong>Petrus</strong></span> <span class='ocrx_word' id='word_1_62' title='bbox 1407 729 1520 801; x_wconf 78' lang='lat' dir='ltr'><strong>martyr</strong></span> <span class='ocrx_word' id='word_1_63' title='bbox 1533 718 1646 798; x_wconf 80' lang='lat' dir='ltr'><strong>aliquid</strong></span> <span class='ocrx_word' id='word_1_64' title='bbox 1663 725 1804 783; x_wconf 91' lang='lat' dir='ltr'><strong>constare</strong></span> <span class='ocrx_word' id='word_1_65' title='bbox 1818 736 1857 783; x_wconf 79' lang='lat' dir='ltr'><strong>ox</strong></span> <span class='ocrx_word' id='word_1_66' title='bbox 1871 736 1913 781; x_wconf 91' lang='lat' dir='ltr'><strong>eo</strong></span> <span class='ocrx_word' id='word_1_67' title='bbox 1930 764 1939 789; x_wconf 92' lang='lat'>‚</span> 
     </span>
     <span class='ocr_line' id='line_1_6' title="bbox 175 802 1939 887; baseline -0.002 -20"><span class='ocrx_word' id='word_1_68' title='bbox 175 825 211 871; x_wconf 84' lang='lat' dir='ltr'><strong>ca</strong></span> <span class='ocrx_word' id='word_1_69' title='bbox 227 810 381 871; x_wconf 88' lang='lat' dir='ltr'><strong>renovatio</strong></span> <span class='ocrx_word' id='word_1_70' title='bbox 396 807 547 869; x_wconf 87' lang='lat' dir='ltr'><strong>redundat</strong></span> <span class='ocrx_word' id='word_1_71' title='bbox 574 806 604 867; x_wconf 92' lang='lat' dir='ltr'><strong>io</strong></span> <span class='ocrx_word' id='word_1_72' title='bbox 628 821 742 882; x_wconf 90' lang='lat' dir='ltr'><strong>corpus</strong></span> <span class='ocrx_word' id='word_1_73' title='bbox 759 850 767 876; x_wconf 94' lang='lat'><strong>,</strong></span> <span class='ocrx_word' id='word_1_74' title='bbox 800 808 946 887; x_wconf 82' lang='lat' dir='ltr'><strong>illudque·</strong></span> <span class='ocrx_word' id='word_1_75' title='bbox 967 809 1038 871; x_wconf 86' lang='lat' dir='ltr'><strong>iacit</strong></span> <span class='ocrx_word' id='word_1_76' title='bbox 1083 810 1164 887; x_wconf 79' lang='lat' dir='ltr'><strong>qnod</strong></span> <span class='ocrx_word' id='word_1_77' title='bbox 1181 809 1213 869; x_wconf 91' lang='lat' dir='ltr'><strong>iu</strong></span> <span class='ocrx_word' id='word_1_78' title='bbox 1228 809 1296 886; x_wconf 91' lang='lat' dir='ltr'><strong>ipso</strong></span> <span class='ocrx_word' id='word_1_79' title='bbox 1312 822 1373 869; x_wconf 91' lang='lat' dir='ltr'><strong>non</strong></span> <span class='ocrx_word' id='word_1_80' title='bbox 1389 811 1447 869; x_wconf 90' lang='lat' dir='ltr'><strong>ast.</strong></span> <span class='ocrx_word' id='word_1_81' title='bbox 1460 804 1547 877; x_wconf 84' lang='lat' dir='ltr'><strong>Quod</strong></span> <span class='ocrx_word' id='word_1_82' title='bbox 1571 820 1641 865; x_wconf 88' lang='lat' dir='ltr'><strong>rere</strong></span> <span class='ocrx_word' id='word_1_83' title='bbox 1657 802 1741 865; x_wconf 80' lang='lat' dir='ltr'>addit</span> <span class='ocrx_word' id='word_1_84' title='bbox 1769 804 1808 865; x_wconf 89' lang='lat' dir='ltr'><strong>de</strong></span> <span class='ocrx_word' id='word_1_85' title='bbox 1835 819 1939 869; x_wconf 84' lang='lat' dir='ltr'><strong>sacra·</strong></span> 
     </span>
     <span class='ocr_line' id='line_1_7' title="bbox 175 884 1945 967; baseline -0.002 -18"><span class='ocrx_word' id='word_1_86' title='bbox 175 891 319 966; x_wconf 88' lang='lat' dir='ltr'><strong>pauistirn</strong></span> <span class='ocrx_word' id='word_1_87' title='bbox 333 899 437 967; x_wconf 91' lang='lat' dir='ltr'><strong>aptum</strong></span> <span class='ocrx_word' id='word_1_88' title='bbox 453 890 688 953; x_wconf 72' lang='lat' dir='ltr'><strong>instrumentum</strong></span> <span class='ocrx_word' id='word_1_89' title='bbox 704 887 771 964; x_wconf 85' lang='lat' dir='ltr'><strong>Dei,</strong></span> <span class='ocrx_word' id='word_1_90' title='bbox 795 898 826 950; x_wconf 90' lang='lat' dir='ltr'><strong>et</strong></span> <span class='ocrx_word' id='word_1_91' title='bbox 847 892 925 953; x_wconf 91' lang='lat' dir='ltr'><strong>ritae</strong></span> <span class='ocrx_word' id='word_1_92' title='bbox 940 900 1036 953; x_wconf 88' lang='lat' dir='ltr'><strong>aeter·</strong></span> <span class='ocrx_word' id='word_1_93' title='bbox 1083 892 1195 953; x_wconf 89' lang='lat' dir='ltr'><strong>ntentis</strong></span> <span class='ocrx_word' id='word_1_94' title='bbox 1210 888 1366 953; x_wconf 83' lang='lat' dir='ltr'><strong>ueteribus</strong></span> <span class='ocrx_word' id='word_1_95' title='bbox 1377 905 1413 951; x_wconf 80' lang='lat' dir='ltr'><strong>cx</strong></span> <span class='ocrx_word' id='word_1_96' title='bbox 1429 888 1523 949; x_wconf 89' lang='lat' dir='ltr'><strong>Paulo</strong></span> <span class='ocrx_word' id='word_1_97' title='bbox 1537 932 1545 957; x_wconf 93' lang='lat'><strong>,</strong></span> <span class='ocrx_word' id='word_1_98' title='bbox 1561 887 1726 963; x_wconf 89' lang='lat' dir='ltr'><strong>impudens</strong></span> <span class='ocrx_word' id='word_1_99' title='bbox 1747 884 1945 947; x_wconf 79' lang='lat' dir='ltr'><strong>mendacium</strong></span> 
     </span>
     <span class='ocr_line' id='line_1_8' title="bbox 175 969 1946 1052; baseline -0.008 -11"><span class='ocrx_word' id='word_1_100' title='bbox 175 990 353 1052; x_wconf 75' lang='lat' dir='ltr'><strong>uaecupar.</strong></span> <span class='ocrx_word' id='word_1_101' title='bbox 944 1012 947 1018; x_wconf 90' lang='lat'><em>·</em></span> <span class='ocrx_word' id='word_1_102' title='bbox 1083 983 1142 1037; x_wconf 89' lang='lat' dir='ltr'><strong>est.</strong></span> <span class='ocrx_word' id='word_1_103' title='bbox 1172 973 1329 1052; x_wconf 80' lang='lat' dir='ltr'><strong>Nusquam</strong></span> <span class='ocrx_word' id='word_1_104' title='bbox 1353 973 1434 1035; x_wconf 85' lang='lat' dir='ltr'><strong>eninr</strong></span> <span class='ocrx_word' id='word_1_105' title='bbox 1458 970 1568 1033; x_wconf 81' lang='lat' dir='ltr'><strong>Paulus</strong></span> <span class='ocrx_word' id='word_1_106' title='bbox 1590 969 1664 1031; x_wconf 80' lang='lat' dir='ltr'><strong>dixit</strong></span> <span class='ocrx_word' id='word_1_107' title='bbox 1688 975 1946 1031; x_wconf 76' lang='lat' dir='ltr'><strong>sacramentane-</strong></span> 
     </span>
     <span class='ocr_line' id='line_1_9' title="bbox 215 1050 1946 1135; baseline -0.003 -20"><span class='ocrx_word' id='word_1_108' title='bbox 215 1057 376 1118; x_wconf 74' lang='lat' dir='ltr'><strong>utcontra.</strong></span> <span class='ocrx_word' id='word_1_109' title='bbox 393 1055 464 1115; x_wconf 82' lang='lat' dir='ltr'><strong>Nam</strong></span> <span class='ocrx_word' id='word_1_110' title='bbox 479 1054 627 1119; x_wconf 88' lang='lat' dir='ltr'><strong>irenaeus</strong></span> <span class='ocrx_word' id='word_1_111' title='bbox 638 1053 685 1132; x_wconf 91' lang='lat' dir='ltr'><strong>(nt</strong></span> <span class='ocrx_word' id='word_1_112' title='bbox 699 1056 865 1119; x_wconf 85' lang='lat' dir='ltr'><strong>adversarii</strong></span> <span class='ocrx_word' id='word_1_113' title='bbox 892 1055 1037 1135; x_wconf 89' lang='lat' dir='ltr'><strong>latentur)</strong></span> <span class='ocrx_word' id='word_1_114' title='bbox 1084 1065 1146 1120; x_wconf 83' lang='lat' dir='ltr'><strong>tera</strong></span> <span class='ocrx_word' id='word_1_115' title='bbox 1173 1055 1347 1118; x_wconf 76' lang='lat' dir='ltr'><strong>constitisse</strong></span> <span class='ocrx_word' id='word_1_116' title='bbox 1374 1070 1412 1117; x_wconf 86' lang='lat' dir='ltr'><strong>ex</strong></span> <span class='ocrx_word' id='word_1_117' title='bbox 1439 1052 1609 1133; x_wconf 81' lang='lat' dir='ltr'><strong>symbolis,</strong></span> <span class='ocrx_word' id='word_1_118' title='bbox 1642 1057 1674 1112; x_wconf 88' lang='lat' dir='ltr'><strong>ot</strong></span> <span class='ocrx_word' id='word_1_119' title='bbox 1701 1066 1829 1129; x_wconf 91' lang='lat' dir='ltr'><strong>corpore</strong></span> <span class='ocrx_word' id='word_1_120' title='bbox 1858 1050 1946 1114; x_wconf 92' lang='lat' dir='ltr'><strong>Chri·</strong></span> 
     </span>
     <span class='ocr_line' id='line_1_10' title="bbox 172 1134 1946 1215; baseline -0.002 -16"><span class='ocrx_word' id='word_1_121' title='bbox 172 1138 334 1201; x_wconf 78' lang='lat' dir='ltr'><strong>contendit</strong></span> <span class='ocrx_word' id='word_1_122' title='bbox 349 1138 480 1215; x_wconf 90' lang='lat' dir='ltr'><strong>probare</strong></span> <span class='ocrx_word' id='word_1_123' title='bbox 494 1138 659 1199; x_wconf 83' lang='lat' dir='ltr'><strong>iuteretlois</strong></span> <span class='ocrx_word' id='word_1_124' title='bbox 687 1140 735 1200; x_wconf 91' lang='lat' dir='ltr'><strong>sui</strong></span> <span class='ocrx_word' id='word_1_125' title='bbox 763 1139 910 1215; x_wconf 89' lang='lat' dir='ltr'><strong>temporis</strong></span> <span class='ocrx_word' id='word_1_126' title='bbox 935 1155 1037 1202; x_wconf 87' lang='lat' dir='ltr'><strong>terant</strong></span> <span class='ocrx_word' id='word_1_127' title='bbox 1080 1141 1134 1204; x_wconf 83' lang='lat' dir='ltr'><strong>sti:</strong></span> <span class='ocrx_word' id='word_1_128' title='bbox 1152 1156 1210 1201; x_wconf 88' lang='lat' dir='ltr'><strong>uec</strong></span> <span class='ocrx_word' id='word_1_129' title='bbox 1221 1138 1297 1200; x_wconf 82' lang='lat' dir='ltr'><strong>dixit</strong></span> <span class='ocrx_word' id='word_1_130' title='bbox 1309 1139 1412 1200; x_wconf 75' lang='lat' dir='ltr'><strong>Patres</strong></span> <span class='ocrx_word' id='word_1_131' title='bbox 1426 1135 1536 1198; x_wconf 84' lang='lat' dir='ltr'><strong>veteris</strong></span> <span class='ocrx_word' id='word_1_132' title='bbox 1558 1134 1742 1197; x_wconf 80' lang='lat' dir='ltr'><strong>Testamenti</strong></span> <span class='ocrx_word' id='word_1_133' title='bbox 1765 1134 1946 1195; x_wconf 84' lang='lat' dir='ltr'><strong>manducas·</strong></span> 
     </span>
     <span class='ocr_line' id='line_1_11' title="bbox 175 1216 1942 1301; baseline -0.003 -16"><span class='ocrx_word' id='word_1_134' title='bbox 175 1223 276 1285; x_wconf 83' lang='lat' dir='ltr'><strong>earnis</strong></span> <span class='ocrx_word' id='word_1_135' title='bbox 292 1227 416 1282; x_wconf 90' lang='lat' dir='ltr'><strong>nostrae</strong></span> <span class='ocrx_word' id='word_1_136' title='bbox 429 1220 687 1282; x_wconf 88' lang='lat' dir='ltr'><strong>resurrectionem</strong></span> <span class='ocrx_word' id='word_1_137' title='bbox 701 1222 867 1301; x_wconf 83' lang='lat' dir='ltr'><strong>aliquando</strong></span> <span class='ocrx_word' id='word_1_138' title='bbox 884 1222 1012 1283; x_wconf 82' lang='lat' dir='ltr'><strong>totamm</strong></span> <span class='ocrx_word' id='word_1_139' title='bbox 1028 1240 1037 1299; x_wconf 83' lang='lat'>3</span> <span class='ocrx_word' id='word_1_140' title='bbox 1083 1240 1118 1285; x_wconf 90' lang='lat' dir='ltr'><strong>se</strong></span> <span class='ocrx_word' id='word_1_141' title='bbox 1133 1223 1263 1285; x_wconf 88' lang='lat' dir='ltr'><strong>enodem</strong></span> <span class='ocrx_word' id='word_1_142' title='bbox 1280 1238 1381 1283; x_wconf 89' lang='lat' dir='ltr'><strong>escam</strong></span> <span class='ocrx_word' id='word_1_143' title='bbox 1398 1217 1571 1291; x_wconf 87' lang='lat' dir='ltr'><strong>nobiscum,</strong></span> <span class='ocrx_word' id='word_1_144' title='bbox 1582 1222 1724 1295; x_wconf 71' lang='lat' dir='ltr'><strong>‘utsupra</strong></span> <span class='ocrx_word' id='word_1_145' title='bbox 1749 1217 1873 1295; x_wconf 88' lang='lat' dir='ltr'><strong>saepius</strong></span> <span class='ocrx_word' id='word_1_146' title='bbox 1888 1216 1942 1279; x_wconf 90' lang='lat' dir='ltr'><strong>do·</strong></span> 
     </span>
     <span class='ocr_line' id='line_1_12' title="bbox 175 1301 1329 1381; baseline -0.003 -14"><span class='ocrx_word' id='word_1_147' title='bbox 175 1303 268 1381; x_wconf 82' lang='lat' dir='ltr'><strong>itique</strong></span> <span class='ocrx_word' id='word_1_148' title='bbox 284 1303 402 1380; x_wconf 82' lang='lat' dir='ltr'><strong>probat,</strong></span> <span class='ocrx_word' id='word_1_149' title='bbox 427 1303 498 1381; x_wconf 87' lang='lat' dir='ltr'><strong>qnia</strong></span> <span class='ocrx_word' id='word_1_150' title='bbox 514 1301 580 1379; x_wconf 90' lang='lat' dir='ltr'><strong>ipsa</strong></span> <span class='ocrx_word' id='word_1_151' title='bbox 606 1320 679 1365; x_wconf 90' lang='lat' dir='ltr'><strong>earo</strong></span> <span class='ocrx_word' id='word_1_152' title='bbox 705 1310 807 1366; x_wconf 87' lang='lat' dir='ltr'><strong>uestra</strong></span> <span class='ocrx_word' id='word_1_153' title='bbox 824 1318 879 1380; x_wconf 91' lang='lat' dir='ltr'><strong>per</strong></span> <span class='ocrx_word' id='word_1_154' title='bbox 892 1303 1037 1366; x_wconf 82' lang='lat' dir='ltr'><strong>Euchari·</strong></span> <span class='ocrx_word' id='word_1_155' title='bbox 1082 1304 1329 1368; x_wconf 79' lang='lat' dir='ltr'><strong>monstrauimus.</strong></span> 
     </span>
     <span class='ocr_line' id='line_1_13' title="bbox 175 1381 1943 1463; baseline -0.005 -14"><span class='ocrx_word' id='word_1_156' title='bbox 175 1388 263 1449; x_wconf 82' lang='lat' dir='ltr'><strong>stiam</strong></span> <span class='ocrx_word' id='word_1_157' title='bbox 281 1386 478 1463; x_wconf 70' lang='lat' dir='ltr'><strong>conjungitur</strong></span> <span class='ocrx_word' id='word_1_158' title='bbox 490 1385 664 1457; x_wconf 87' lang='lat' dir='ltr'><strong>immortali,</strong></span> <span class='ocrx_word' id='word_1_159' title='bbox 680 1393 712 1449; x_wconf 86' lang='lat' dir='ltr'><strong>et</strong></span> <span class='ocrx_word' id='word_1_160' title='bbox 726 1384 910 1449; x_wconf 81' lang='lat' dir='ltr'><strong>vivificatrici</strong></span> <span class='ocrx_word' id='word_1_161' title='bbox 925 1387 1037 1450; x_wconf 88' lang='lat' dir='ltr'><strong>Christi</strong></span> <span class='ocrx_word' id='word_1_162' title='bbox 1122 1385 1188 1451; x_wconf 83' lang='lat' dir='ltr'><strong>lam</strong></span> <span class='ocrx_word' id='word_1_163' title='bbox 1203 1403 1276 1448; x_wconf 90' lang='lat' dir='ltr'><strong>rero</strong></span> <span class='ocrx_word' id='word_1_164' title='bbox 1289 1386 1338 1447; x_wconf 87' lang='lat' dir='ltr'><strong>illa</strong></span> <span class='ocrx_word' id='word_1_165' title='bbox 1354 1385 1453 1448; x_wconf 89' lang='lat' dir='ltr'><strong>tiitera</strong></span> <span class='ocrx_word' id='word_1_166' title='bbox 1474 1381 1635 1461; x_wconf 84' lang='lat' dir='ltr'><strong>expositio,</strong></span> <span class='ocrx_word' id='word_1_167' title='bbox 1652 1398 1712 1461; x_wconf 79' lang='lat' dir='ltr'><strong>nun</strong></span> <span class='ocrx_word' id='word_1_168' title='bbox 1727 1395 1782 1459; x_wconf 88' lang='lat' dir='ltr'><strong>per</strong></span> <span class='ocrx_word' id='word_1_169' title='bbox 1793 1396 1857 1443; x_wconf 89' lang='lat' dir='ltr'><strong>rem</strong></span> <span class='ocrx_word' id='word_1_170' title='bbox 1868 1396 1943 1443; x_wconf 88' lang='lat' dir='ltr'><strong>ooc-</strong></span> 
     </span>
     <span class='ocr_line' id='line_1_14' title="bbox 175 1464 1943 1548; baseline -0.004 -18"><span class='ocrx_word' id='word_1_171' title='bbox 175 1467 272 1530; x_wconf 84' lang='lat' dir='ltr'><strong>carni.</strong></span> <span class='ocrx_word' id='word_1_172' title='bbox 289 1469 326 1530; x_wconf 85' lang='lat' dir='ltr'><strong>hl</strong></span> <span class='ocrx_word' id='word_1_173' title='bbox 340 1470 365 1529; x_wconf 90' lang='lat' dir='ltr'><strong>si</strong></span> <span class='ocrx_word' id='word_1_174' title='bbox 381 1474 467 1529; x_wconf 86' lang='lat' dir='ltr'><strong>esset</strong></span> <span class='ocrx_word' id='word_1_175' title='bbox 481 1483 550 1529; x_wconf 83' lang='lat' dir='ltr'><strong>tera</strong></span> <span class='ocrx_word' id='word_1_176' title='bbox 562 1469 806 1531; x_wconf 81' lang='lat' dir='ltr'><strong>adversariorum</strong></span> <span class='ocrx_word' id='word_1_177' title='bbox 830 1470 994 1546; x_wconf 90' lang='lat' dir='ltr'><strong>sententio,</strong></span> <span class='ocrx_word' id='word_1_178' title='bbox 1010 1470 1038 1533; x_wconf 94' lang='lat' dir='ltr'><strong>i·</strong></span> <span class='ocrx_word' id='word_1_179' title='bbox 1081 1472 1195 1533; x_wconf 82' lang='lat' dir='ltr'><strong>testem</strong></span> <span class='ocrx_word' id='word_1_180' title='bbox 1220 1469 1396 1548; x_wconf 73' lang='lat' dir='ltr'><strong>intelligunt</strong></span> <span class='ocrx_word' id='word_1_181' title='bbox 1410 1466 1697 1538; x_wconf 64' lang='lat' dir='ltr'><strong>enumerationem,</strong></span> <span class='ocrx_word' id='word_1_182' title='bbox 1725 1464 1790 1525; x_wconf 89' lang='lat' dir='ltr'><strong>sire</strong></span> <span class='ocrx_word' id='word_1_183' title='bbox 1805 1464 1943 1525; x_wconf 69' lang='lat' dir='ltr'><strong>sanetiiin</strong></span> 
     </span>
     <span class='ocr_line' id='line_1_15' title="bbox 171 1544 1943 1633; baseline -0.003 -21"><span class='ocrx_word' id='word_1_184' title='bbox 171 1550 279 1613; x_wconf 85' lang='lat' dir='ltr'><strong>ronnei</strong></span> <span class='ocrx_word' id='word_1_185' title='bbox 294 1558 506 1633; x_wconf 70' lang='lat' dir='ltr'><strong>argumentum</strong></span> <span class='ocrx_word' id='word_1_186' title='bbox 519 1551 567 1612; x_wconf 91' lang='lat' dir='ltr'><strong>rei</strong></span> <span class='ocrx_word' id='word_1_187' title='bbox 582 1552 659 1613; x_wconf 90' lang='lat' dir='ltr'><strong>nihii</strong></span> <span class='ocrx_word' id='word_1_188' title='bbox 679 1553 940 1620; x_wconf 77' lang='lat' dir='ltr'><strong>concionamurot</strong></span> <span class='ocrx_word' id='word_1_189' title='bbox 954 1559 1039 1616; x_wconf 89' lang='lat' dir='ltr'><strong>certe</strong></span> <span class='ocrx_word' id='word_1_190' title='bbox 1081 1555 1255 1624; x_wconf 77' lang='lat' dir='ltr'><strong>cntionem,</strong></span> <span class='ocrx_word' id='word_1_191' title='bbox 1271 1567 1369 1630; x_wconf 81' lang='lat' dir='ltr'><strong>aeque</strong></span> <span class='ocrx_word' id='word_1_192' title='bbox 1384 1547 1584 1611; x_wconf 81' lang='lat' dir='ltr'><strong>tacito-ratolti</strong></span> <span class='ocrx_word' id='word_1_193' title='bbox 1601 1552 1711 1623; x_wconf 88' lang='lat' dir='ltr'><strong>potest.</strong></span> <span class='ocrx_word' id='word_1_194' title='bbox 1729 1544 1801 1608; x_wconf 90' lang='lat' dir='ltr'><strong>Natu</strong></span> <span class='ocrx_word' id='word_1_195' title='bbox 1824 1547 1943 1607; x_wconf 90' lang='lat' dir='ltr'><strong>notiam</strong></span> 
     </span>
     <span class='ocr_line' id='line_1_16' title="bbox 174 1628 1948 1716; baseline -0.002 -22"><span class='ocrx_word' id='word_1_196' title='bbox 174 1640 260 1698; x_wconf 83' lang='lat' dir='ltr'><strong>essct</strong></span> <span class='ocrx_word' id='word_1_197' title='bbox 273 1648 547 1710; x_wconf 74' lang='lat' dir='ltr'><strong>superuacaneum.</strong></span> <span class='ocrx_word' id='word_1_198' title='bbox 563 1632 703 1711; x_wconf 84' lang='lat' dir='ltr'><strong>Numqui</strong></span> <span class='ocrx_word' id='word_1_199' title='bbox 719 1643 832 1711; x_wconf 77' lang='lat' dir='ltr'><strong>negant</strong></span> <span class='ocrx_word' id='word_1_200' title='bbox 843 1636 1039 1698; x_wconf 88' lang='lat' dir='ltr'><strong>resurrectio·</strong></span> <span class='ocrx_word' id='word_1_201' title='bbox 1083 1638 1143 1716; x_wconf 90' lang='lat' dir='ltr'><strong>ipsi</strong></span> <span class='ocrx_word' id='word_1_202' title='bbox 1158 1638 1328 1715; x_wconf 70' lang='lat' dir='ltr'><strong>agnoscunt</strong></span> <span class='ocrx_word' id='word_1_203' title='bbox 1343 1649 1442 1695; x_wconf 89' lang='lat' dir='ltr'><strong>reram</strong></span> <span class='ocrx_word' id='word_1_204' title='bbox 1459 1629 1722 1694; x_wconf 88' lang='lat' dir='ltr'><strong>consecrationem</strong></span> <span class='ocrx_word' id='word_1_205' title='bbox 1738 1628 1839 1707; x_wconf 70' lang='lat' dir='ltr'><strong>panim</strong></span> <span class='ocrx_word' id='word_1_206' title='bbox 1853 1646 1948 1707; x_wconf 86' lang='lat' dir='ltr'><strong>quam</strong></span> 
     </span>
     <span class='ocr_line' id='line_1_17' title="bbox 176 1712 1948 1786; baseline -0.002 -9"><span class='ocrx_word' id='word_1_207' title='bbox 176 1732 246 1780; x_wconf 90' lang='lat' dir='ltr'><strong>nem</strong></span> <span class='ocrx_word' id='word_1_208' title='bbox 273 1719 385 1783; x_wconf 83' lang='lat' dir='ltr'><strong>cornis.</strong></span> <span class='ocrx_word' id='word_1_209' title='bbox 416 1732 477 1777; x_wconf 92' lang='lat' dir='ltr'><strong>non</strong></span> <span class='ocrx_word' id='word_1_210' title='bbox 499 1715 669 1779; x_wconf 85' lang='lat' dir='ltr'><strong>¹admittunt</strong></span> <span class='ocrx_word' id='word_1_211' title='bbox 697 1717 780 1779; x_wconf 91' lang='lat' dir='ltr'><strong>iliam</strong></span> <span class='ocrx_word' id='word_1_212' title='bbox 806 1719 1039 1781; x_wconf 88' lang='lat' dir='ltr'><strong>redundantiam</strong></span> <span class='ocrx_word' id='word_1_213' title='bbox 1083 1722 1167 1783; x_wconf 85' lang='lat' dir='ltr'><strong>euim</strong></span> <span class='ocrx_word' id='word_1_214' title='bbox 1183 1736 1240 1780; x_wconf 88' lang='lat' dir='ltr'><strong>nos</strong></span> <span class='ocrx_word' id='word_1_215' title='bbox 1255 1716 1449 1786; x_wconf 79' lang='lat' dir='ltr'><strong>adhibemus,</strong></span> <span class='ocrx_word' id='word_1_216' title='bbox 1466 1714 1705 1776; x_wconf 88' lang='lat' dir='ltr'><strong>incantationem</strong></span> <span class='ocrx_word' id='word_1_217' title='bbox 1731 1717 1864 1785; x_wconf 90' lang='lat' dir='ltr'><strong>rooant;</strong></span> <span class='ocrx_word' id='word_1_218' title='bbox 1887 1712 1948 1775; x_wconf 83' lang='lat' dir='ltr'><strong>sori</strong></span> 
     </span>
     <span class='ocr_line' id='line_1_18' title="bbox 175 1793 1948 1877; baseline -0.003 -18"><span class='ocrx_word' id='word_1_219' title='bbox 175 1798 289 1873; x_wconf 68' lang='lat' dir='ltr'><strong>gratiae</strong></span> <span class='ocrx_word' id='word_1_220' title='bbox 304 1812 341 1859; x_wconf 88' lang='lat' dir='ltr'><strong>etr</strong></span> <span class='ocrx_word' id='word_1_221' title='bbox 356 1797 455 1859; x_wconf 88' lang='lat' dir='ltr'><strong>anima</strong></span> <span class='ocrx_word' id='word_1_222' title='bbox 471 1798 501 1859; x_wconf 92' lang='lat' dir='ltr'><strong>in</strong></span> <span class='ocrx_word' id='word_1_223' title='bbox 527 1815 652 1877; x_wconf 80' lang='lat' dir='ltr'><strong>corpus,</strong></span> <span class='ocrx_word' id='word_1_224' title='bbox 679 1799 710 1860; x_wconf 92' lang='lat' dir='ltr'><strong>in</strong></span> <span class='ocrx_word' id='word_1_225' title='bbox 736 1817 795 1877; x_wconf 83' lang='lat' dir='ltr'><strong>qna</strong></span> <span class='ocrx_word' id='word_1_226' title='bbox 823 1801 908 1876; x_wconf 91' lang='lat' dir='ltr'><strong>ponit</strong></span> <span class='ocrx_word' id='word_1_227' title='bbox 932 1801 1039 1863; x_wconf 86' lang='lat' dir='ltr'><strong>Petrus</strong></span> <span class='ocrx_word' id='word_1_228' title='bbox 1084 1806 1185 1866; x_wconf 90' lang='lat' dir='ltr'><strong>solnm</strong></span> <span class='ocrx_word' id='word_1_229' title='bbox 1198 1800 1257 1863; x_wconf 90' lang='lat' dir='ltr'><strong>iliis</strong></span> <span class='ocrx_word' id='word_1_230' title='bbox 1273 1801 1463 1862; x_wconf 87' lang='lat' dir='ltr'><strong>consecratio</strong></span> <span class='ocrx_word' id='word_1_231' title='bbox 1479 1802 1528 1857; x_wconf 89' lang='lat' dir='ltr'><strong>cst</strong></span> <span class='ocrx_word' id='word_1_232' title='bbox 1556 1812 1665 1872; x_wconf 88' lang='lat' dir='ltr'><strong>punem</strong></span> <span class='ocrx_word' id='word_1_233' title='bbox 1695 1793 1833 1871; x_wconf 83' lang='lat' dir='ltr'><strong>deputari</strong></span> <span class='ocrx_word' id='word_1_234' title='bbox 1850 1812 1866 1855; x_wconf 89' lang='lat' dir='ltr'><strong>n</strong></span> <span class='ocrx_word' id='word_1_235' title='bbox 1883 1795 1948 1855; x_wconf 86' lang='lat' dir='ltr'><strong>Deo</strong></span> 
     </span>
     <span class='ocr_line' id='line_1_19' title="bbox 175 1879 1948 1959; baseline -0.001 -20"><span class='ocrx_word' id='word_1_236' title='bbox 175 1888 288 1958; x_wconf 75' lang='lat' dir='ltr'><strong>rnartyr</strong></span> <span class='ocrx_word' id='word_1_237' title='bbox 304 1887 394 1940; x_wconf 86' lang='lat' dir='ltr'><strong>telam</strong></span> <span class='ocrx_word' id='word_1_238' title='bbox 411 1882 469 1940; x_wconf 89' lang='lat' dir='ltr'><strong>rim</strong></span> <span class='ocrx_word' id='word_1_239' title='bbox 485 1882 658 1959; x_wconf 83' lang='lat' dir='ltr'><strong>argumenti</strong></span> <span class='ocrx_word' id='word_1_240' title='bbox 680 1882 917 1959; x_wconf 79' lang='lat' dir='ltr'><strong>irenaeimeooe</strong></span> <span class='ocrx_word' id='word_1_241' title='bbox 932 1885 1039 1944; x_wconf 89' lang='lat' dir='ltr'><strong>adm-it·</strong></span> <span class='ocrx_word' id='word_1_242' title='bbox 1085 1886 1123 1947; x_wconf 88' lang='lat' dir='ltr'><strong>ad</strong></span> <span class='ocrx_word' id='word_1_243' title='bbox 1136 1883 1319 1946; x_wconf 84' lang='lat' dir='ltr'><strong>sacramenti</strong></span> <span class='ocrx_word' id='word_1_244' title='bbox 1336 1898 1437 1952; x_wconf 90' lang='lat' dir='ltr'><strong>nsum,</strong></span> <span class='ocrx_word' id='word_1_245' title='bbox 1452 1879 1543 1949; x_wconf 87' lang='lat' dir='ltr'><strong>idest,</strong></span> <span class='ocrx_word' id='word_1_246' title='bbox 1561 1883 1592 1939; x_wconf 93' lang='lat' dir='ltr'><strong>nl</strong></span> <span class='ocrx_word' id='word_1_247' title='bbox 1606 1882 1815 1954; x_wconf 89' lang='lat' dir='ltr'><strong>repraesentet</strong></span> <span class='ocrx_word' id='word_1_248' title='bbox 1830 1894 1948 1955; x_wconf 89' lang='lat' dir='ltr'><strong>cerpus</strong></span> 
     </span>
     <span class='ocr_line' id='line_1_20' title="bbox 175 1958 1951 2044; baseline -0.003 -19"><span class='ocrx_word' id='word_1_249' title='bbox 175 1970 252 2032; x_wconf 87' lang='lat' dir='ltr'><strong>lent,</strong></span> <span class='ocrx_word' id='word_1_250' title='bbox 269 1964 350 2038; x_wconf 85' lang='lat' dir='ltr'><strong>qrtod</strong></span> <span class='ocrx_word' id='word_1_251' title='bbox 366 1964 440 2023; x_wconf 87' lang='lat' dir='ltr'><strong>dicit</strong></span> <span class='ocrx_word' id='word_1_252' title='bbox 452 1963 539 2036; x_wconf 82' lang='lat' dir='ltr'><strong>Bere,</strong></span> <span class='ocrx_word' id='word_1_253' title='bbox 557 1964 668 2028; x_wconf 88' lang='lat' dir='ltr'><strong>Christi</strong></span> <span class='ocrx_word' id='word_1_254' title='bbox 683 1982 796 2043; x_wconf 88' lang='lat' dir='ltr'><strong>eorpus</strong></span> <span class='ocrx_word' id='word_1_255' title='bbox 811 1969 914 2026; x_wconf 91' lang='lat' dir='ltr'><strong>animo</strong></span> <span class='ocrx_word' id='word_1_256' title='bbox 929 1983 1038 2043; x_wconf 90' lang='lat' dir='ltr'><strong>appre·</strong></span> <span class='ocrx_word' id='word_1_257' title='bbox 1087 1966 1210 2030; x_wconf 81' lang='lat' dir='ltr'><strong>Christi:</strong></span> <span class='ocrx_word' id='word_1_258' title='bbox 1227 1981 1306 2044; x_wconf 87' lang='lat' dir='ltr'><strong>qnae</strong></span> <span class='ocrx_word' id='word_1_259' title='bbox 1327 1962 1516 2027; x_wconf 87' lang='lat' dir='ltr'><strong>consecratio</strong></span> <span class='ocrx_word' id='word_1_260' title='bbox 1533 1960 1607 2021; x_wconf 85' lang='lat' dir='ltr'><strong>niirii</strong></span> <span class='ocrx_word' id='word_1_261' title='bbox 1623 1961 1706 2021; x_wconf 88' lang='lat' dir='ltr'><strong>reale</strong></span> <span class='ocrx_word' id='word_1_262' title='bbox 1721 1958 1809 2037; x_wconf 90' lang='lat' dir='ltr'><strong>ponit</strong></span> <span class='ocrx_word' id='word_1_263' title='bbox 1836 1960 1865 2019; x_wconf 92' lang='lat' dir='ltr'><strong>iu</strong></span> <span class='ocrx_word' id='word_1_264' title='bbox 1894 1976 1951 2035; x_wconf 88' lang='lat' dir='ltr'><strong>pa-</strong></span> 
     </span>
     <span class='ocr_line' id='line_1_21' title="bbox 176 2040 1946 2126; baseline -0.002 -21"><span class='ocrx_word' id='word_1_265' title='bbox 176 2047 320 2116; x_wconf 84' lang='lat' dir='ltr'><strong>bensnm,</strong></span> <span class='ocrx_word' id='word_1_266' title='bbox 337 2045 466 2107; x_wconf 91' lang='lat' dir='ltr'><strong>animatu</strong></span> <span class='ocrx_word' id='word_1_267' title='bbox 483 2053 513 2107; x_wconf 91' lang='lat' dir='ltr'><strong>et</strong></span> <span class='ocrx_word' id='word_1_268' title='bbox 527 2063 641 2126; x_wconf 91' lang='lat' dir='ltr'><strong>eorpus</strong></span> <span class='ocrx_word' id='word_1_269' title='bbox 656 2046 915 2114; x_wconf 86' lang='lat' dir='ltr'><strong>ririiieare.immo</strong></span> <span class='ocrx_word' id='word_1_270' title='bbox 935 2048 1040 2111; x_wconf 88' lang='lat' dir='ltr'><strong>dicent</strong></span> <span class='ocrx_word' id='word_1_271' title='bbox 1085 2068 1137 2121; x_wconf 86' lang='lat' dir='ltr'><strong>ue,</strong></span> <span class='ocrx_word' id='word_1_272' title='bbox 1155 2050 1210 2112; x_wconf 88' lang='lat' dir='ltr'><strong>sed</strong></span> <span class='ocrx_word' id='word_1_273' title='bbox 1226 2064 1343 2111; x_wconf 86' lang='lat' dir='ltr'><strong>mernru</strong></span> <span class='ocrx_word' id='word_1_274' title='bbox 1358 2051 1530 2123; x_wconf 86' lang='lat' dir='ltr'><strong>respectum</strong></span> <span class='ocrx_word' id='word_1_275' title='bbox 1546 2041 1780 2105; x_wconf 72' lang='lat' dir='ltr'><strong>ratioutsnorm</strong></span> <span class='ocrx_word' id='word_1_276' title='bbox 1795 2040 1946 2105; x_wconf 86' lang='lat' dir='ltr'><strong>irenaeus</strong></span> 
     </span>
     <span class='ocr_line' id='line_1_22' title="bbox 174 2124 1948 2206; baseline -0.001 -19"><span class='ocrx_word' id='word_1_277' title='bbox 174 2129 249 2190; x_wconf 90' lang='lat' dir='ltr'><strong>inde</strong></span> <span class='ocrx_word' id='word_1_278' title='bbox 262 2132 363 2204; x_wconf 83' lang='lat' dir='ltr'><strong>sequi,</strong></span> <span class='ocrx_word' id='word_1_279' title='bbox 380 2144 492 2206; x_wconf 85' lang='lat' dir='ltr'><strong>eorpus</strong></span> <span class='ocrx_word' id='word_1_280' title='bbox 507 2144 568 2189; x_wconf 92' lang='lat' dir='ltr'><strong>non</strong></span> <span class='ocrx_word' id='word_1_281' title='bbox 581 2128 736 2199; x_wconf 78' lang='lat' dir='ltr'><strong>viridanti,</strong></span> <span class='ocrx_word' id='word_1_282' title='bbox 762 2132 817 2191; x_wconf 88' lang='lat' dir='ltr'><strong>sen</strong></span> <span class='ocrx_word' id='word_1_283' title='bbox 847 2130 945 2194; x_wconf 86' lang='lat' dir='ltr'><strong>solam</strong></span> <span class='ocrx_word' id='word_1_284' title='bbox 970 2132 1040 2193; x_wconf 92' lang='lat' dir='ltr'><strong>ani·</strong></span> <span class='ocrx_word' id='word_1_285' title='bbox 1085 2136 1125 2195; x_wconf 89' lang='lat' dir='ltr'><strong>de</strong></span> <span class='ocrx_word' id='word_1_286' title='bbox 1141 2132 1233 2194; x_wconf 89' lang='lat' dir='ltr'><strong>rchns</strong></span> <span class='ocrx_word' id='word_1_287' title='bbox 1250 2131 1395 2205; x_wconf 83' lang='lat' dir='ltr'><strong>toouitur.</strong></span> <span class='ocrx_word' id='word_1_288' title='bbox 1412 2144 1472 2189; x_wconf 92' lang='lat' dir='ltr'><strong>nou</strong></span> <span class='ocrx_word' id='word_1_289' title='bbox 1498 2125 1538 2185; x_wconf 89' lang='lat' dir='ltr'><strong>tle</strong></span> <span class='ocrx_word' id='word_1_290' title='bbox 1564 2125 1687 2186; x_wconf 81' lang='lat' dir='ltr'><strong>&#39;entibus</strong></span> <span class='ocrx_word' id='word_1_291' title='bbox 1702 2124 1853 2194; x_wconf 85' lang='lat' dir='ltr'><strong>rationis,</strong></span> <span class='ocrx_word' id='word_1_292' title='bbox 1874 2142 1948 2187; x_wconf 90' lang='lat' dir='ltr'><strong>curn</strong></span> 
     </span>
     <span class='ocr_line' id='line_1_23' title="bbox 179 2206 1945 2288; baseline -0.003 -16"><span class='ocrx_word' id='word_1_293' title='bbox 179 2226 270 2284; x_wconf 89' lang='lat' dir='ltr'><strong>mam,</strong></span> <span class='ocrx_word' id='word_1_294' title='bbox 288 2227 359 2272; x_wconf 88' lang='lat' dir='ltr'><strong>cnm</strong></span> <span class='ocrx_word' id='word_1_295' title='bbox 374 2210 500 2271; x_wconf 89' lang='lat' dir='ltr'><strong>illasoia</strong></span> <span class='ocrx_word' id='word_1_296' title='bbox 517 2210 670 2274; x_wconf 89' lang='lat' dir='ltr'><strong>Christum</strong></span> <span class='ocrx_word' id='word_1_297' title='bbox 700 2213 921 2288; x_wconf 74' lang='lat' dir='ltr'><strong>apprehendat.</strong></span> <span class='ocrx_word' id='word_1_298' title='bbox 948 2212 1041 2276; x_wconf 87' lang='lat' dir='ltr'><strong>Dein·</strong></span> <span class='ocrx_word' id='word_1_299' title='bbox 1085 2216 1162 2278; x_wconf 87' lang='lat' dir='ltr'><strong>dicit</strong></span> <span class='ocrx_word' id='word_1_300' title='bbox 1176 2213 1394 2275; x_wconf 81' lang='lat' dir='ltr'><strong>Eucharistiarn</strong></span> <span class='ocrx_word' id='word_1_301' title='bbox 1425 2214 1566 2271; x_wconf 86' lang='lat' dir='ltr'><strong>constare</strong></span> <span class='ocrx_word' id='word_1_302' title='bbox 1592 2206 1712 2284; x_wconf 85' lang='lat' dir='ltr'><strong>duabus</strong></span> <span class='ocrx_word' id='word_1_303' title='bbox 1734 2206 1853 2275; x_wconf 75' lang='lat' dir='ltr'><strong>rebus,</strong></span> <span class='ocrx_word' id='word_1_304' title='bbox 1884 2224 1945 2268; x_wconf 90' lang='lat' dir='ltr'><strong>nna</strong></span> 
     </span>
     <span class='ocr_line' id='line_1_24' title="bbox 175 2288 1948 2373; baseline -0.004 -16"><span class='ocrx_word' id='word_1_305' title='bbox 175 2293 229 2360; x_wconf 87' lang='lat' dir='ltr'><strong>rie,</strong></span> <span class='ocrx_word' id='word_1_306' title='bbox 244 2295 317 2371; x_wconf 79' lang='lat' dir='ltr'><strong>quid</strong></span> <span class='ocrx_word' id='word_1_307' title='bbox 334 2299 399 2355; x_wconf 91' lang='lat' dir='ltr'><strong>erat</strong></span> <span class='ocrx_word' id='word_1_308' title='bbox 412 2309 492 2371; x_wconf 91' lang='lat' dir='ltr'><strong>opus</strong></span> <span class='ocrx_word' id='word_1_309' title='bbox 506 2310 617 2369; x_wconf 77' lang='lat' dir='ltr'><strong>urpere</strong></span> <span class='ocrx_word' id='word_1_310' title='bbox 634 2300 793 2373; x_wconf 82' lang='lat' dir='ltr'><strong>tantopere</strong></span> <span class='ocrx_word' id='word_1_311' title='bbox 817 2293 1041 2358; x_wconf 81' lang='lat' dir='ltr'><strong>iincirartstiam</strong></span> <span class='ocrx_word' id='word_1_312' title='bbox 1086 2306 1218 2369; x_wconf 92' lang='lat' dir='ltr'><strong>terrena,</strong></span> <span class='ocrx_word' id='word_1_313' title='bbox 1235 2295 1327 2357; x_wconf 91' lang='lat' dir='ltr'><strong>altera</strong></span> <span class='ocrx_word' id='word_1_314' title='bbox 1339 2288 1721 2357; x_wconf 82' lang='lat' dir='ltr'><strong>eoelesti.Ctr-oniirmatnr</strong></span> <span class='ocrx_word' id='word_1_315' title='bbox 1732 2296 1948 2370; x_wconf 80' lang='lat' dir='ltr'><strong>argumentum</strong></span> 
     </span>
     <span class='ocr_line' id='line_1_25' title="bbox 175 2372 1953 2459; baseline -0.004 -17"><span class='ocrx_word' id='word_1_316' title='bbox 175 2376 213 2441; x_wconf 89' lang='lat' dir='ltr'><strong>nd</strong></span> <span class='ocrx_word' id='word_1_317' title='bbox 229 2375 416 2453; x_wconf 81' lang='lat' dir='ltr'><strong>probandam</strong></span> <span class='ocrx_word' id='word_1_318' title='bbox 432 2376 703 2453; x_wconf 83' lang='lat' dir='ltr'><strong>resurrectionem,</strong></span> <span class='ocrx_word' id='word_1_319' title='bbox 724 2377 805 2453; x_wconf 81' lang='lat' dir='ltr'><strong>quod</strong></span> <span class='ocrx_word' id='word_1_320' title='bbox 831 2378 979 2440; x_wconf 85' lang='lat' dir='ltr'><strong>irenaeus</strong></span> <span class='ocrx_word' id='word_1_321' title='bbox 999 2380 1041 2440; x_wconf 90' lang='lat' dir='ltr'><strong>ia·</strong></span> <span class='ocrx_word' id='word_1_322' title='bbox 1086 2396 1124 2443; x_wconf 83' lang='lat' dir='ltr'><strong>ex</strong></span> <span class='ocrx_word' id='word_1_323' title='bbox 1141 2384 1208 2459; x_wconf 88' lang='lat' dir='ltr'><strong>ipso</strong></span> <span class='ocrx_word' id='word_1_324' title='bbox 1222 2378 1463 2439; x_wconf 80' lang='lat' dir='ltr'><strong>adversariorum</strong></span> <span class='ocrx_word' id='word_1_325' title='bbox 1480 2372 1666 2435; x_wconf 89' lang='lat' dir='ltr'><strong>testimonio.</strong></span> <span class='ocrx_word' id='word_1_326' title='bbox 1683 2372 1755 2433; x_wconf 89' lang='lat' dir='ltr'><strong>Nam</strong></span> <span class='ocrx_word' id='word_1_327' title='bbox 1771 2389 1841 2433; x_wconf 91' lang='lat' dir='ltr'><strong>curn</strong></span> <span class='ocrx_word' id='word_1_328' title='bbox 1854 2388 1953 2449; x_wconf 80' lang='lat' dir='ltr'><strong>uuae·</strong></span> 
     </span>
     <span class='ocr_line' id='line_1_26' title="bbox 105 2454 1951 2537; baseline -0.001 -19"><span class='ocrx_word' id='word_1_329' title='bbox 105 2472 110 2491; x_wconf 76' lang='lat'><em>⁴</em></span> <span class='ocrx_word' id='word_1_330' title='bbox 176 2458 730 2531; x_wconf 76' lang='lat' dir='ltr'><strong>cit,tumhooioco.tamiih.5.et</strong></span> <span class='ocrx_word' id='word_1_331' title='bbox 754 2460 845 2523; x_wconf 84' lang='lat' dir='ltr'><strong>alibi?</strong></span> <span class='ocrx_word' id='word_1_332' title='bbox 872 2461 944 2523; x_wconf 87' lang='lat' dir='ltr'><strong>iiam</strong></span> <span class='ocrx_word' id='word_1_333' title='bbox 965 2463 1041 2525; x_wconf 91' lang='lat' dir='ltr'><strong>satis</strong></span> <span class='ocrx_word' id='word_1_334' title='bbox 1085 2463 1172 2527; x_wconf 86' lang='lat' dir='ltr'><strong>ritnr.</strong></span> <span class='ocrx_word' id='word_1_335' title='bbox 1189 2462 1261 2537; x_wconf 78' lang='lat' dir='ltr'><strong>qnid</strong></span> <span class='ocrx_word' id='word_1_336' title='bbox 1277 2459 1318 2521; x_wconf 92' lang='lat' dir='ltr'><strong>sit</strong></span> <span class='ocrx_word' id='word_1_337' title='bbox 1334 2474 1384 2521; x_wconf 90' lang='lat' dir='ltr'><strong>res</strong></span> <span class='ocrx_word' id='word_1_338' title='bbox 1399 2464 1533 2528; x_wconf 87' lang='lat' dir='ltr'><strong>terrena,</strong></span> <span class='ocrx_word' id='word_1_339' title='bbox 1550 2461 1580 2517; x_wconf 91' lang='lat' dir='ltr'><strong>et</strong></span> <span class='ocrx_word' id='word_1_340' title='bbox 1595 2470 1651 2517; x_wconf 92' lang='lat' dir='ltr'><strong>nos</strong></span> <span class='ocrx_word' id='word_1_341' title='bbox 1666 2454 1798 2517; x_wconf 88' lang='lat' dir='ltr'><strong>dicimus</strong></span> <span class='ocrx_word' id='word_1_342' title='bbox 1813 2470 1883 2515; x_wconf 85' lang='lat' dir='ltr'><strong>esse</strong></span> <span class='ocrx_word' id='word_1_343' title='bbox 1898 2473 1951 2517; x_wconf 91' lang='lat' dir='ltr'><strong>ue·</strong></span> 
     </span>
     <span class='ocr_line' id='line_1_27' title="bbox 175 2536 1945 2622; baseline -0.001 -21"><span class='ocrx_word' id='word_1_344' title='bbox 175 2541 369 2613; x_wconf 70' lang='lat' dir='ltr'><strong>erudirere,</strong></span> <span class='ocrx_word' id='word_1_345' title='bbox 383 2539 535 2603; x_wconf 88' lang='lat' dir='ltr'><strong>Christum</strong></span> <span class='ocrx_word' id='word_1_346' title='bbox 551 2558 606 2618; x_wconf 90' lang='lat' dir='ltr'><strong>per</strong></span> <span class='ocrx_word' id='word_1_347' title='bbox 620 2540 711 2603; x_wconf 83' lang='lat' dir='ltr'><strong>fidem</strong></span> <span class='ocrx_word' id='word_1_348' title='bbox 726 2544 957 2619; x_wconf 87' lang='lat' dir='ltr'><strong>apprehensum</strong></span> <span class='ocrx_word' id='word_1_349' title='bbox 968 2544 1041 2607; x_wconf 87' lang='lat' dir='ltr'><strong>riri·</strong></span> <span class='ocrx_word' id='word_1_350' title='bbox 1085 2544 1217 2609; x_wconf 89' lang='lat' dir='ltr'><strong>oidentia</strong></span> <span class='ocrx_word' id='word_1_351' title='bbox 1235 2543 1323 2622; x_wconf 91' lang='lat' dir='ltr'><strong>panis</strong></span> <span class='ocrx_word' id='word_1_352' title='bbox 1340 2540 1514 2613; x_wconf 82' lang='lat' dir='ltr'><strong>sensibilia3</strong></span> <span class='ocrx_word' id='word_1_353' title='bbox 1540 2536 1584 2597; x_wconf 90' lang='lat' dir='ltr'><strong>ilii</strong></span> <span class='ocrx_word' id='word_1_354' title='bbox 1599 2538 1740 2609; x_wconf 86' lang='lat' dir='ltr'><strong>clamant,</strong></span> <span class='ocrx_word' id='word_1_355' title='bbox 1771 2552 1835 2597; x_wconf 93' lang='lat' dir='ltr'><strong>rem</strong></span> <span class='ocrx_word' id='word_1_356' title='bbox 1853 2544 1945 2600; x_wconf 89' lang='lat' dir='ltr'><strong>terre·</strong></span> 
     </span>
     <span class='ocr_line' id='line_1_28' title="bbox 177 2620 1949 2703; baseline -0.003 -17"><span class='ocrx_word' id='word_1_357' title='bbox 177 2622 338 2686; x_wconf 88' lang='lat' dir='ltr'><strong>iicatnrnm</strong></span> <span class='ocrx_word' id='word_1_358' title='bbox 354 2622 484 2695; x_wconf 88' lang='lat' dir='ltr'><strong>animas,</strong></span> <span class='ocrx_word' id='word_1_359' title='bbox 501 2629 531 2683; x_wconf 93' lang='lat' dir='ltr'><strong>et</strong></span> <span class='ocrx_word' id='word_1_360' title='bbox 544 2639 672 2700; x_wconf 87' lang='lat' dir='ltr'><strong>corpora</strong></span> <span class='ocrx_word' id='word_1_361' title='bbox 698 2632 814 2687; x_wconf 89' lang='lat' dir='ltr'><strong>nostra:</strong></span> <span class='ocrx_word' id='word_1_362' title='bbox 838 2626 1042 2703; x_wconf 87' lang='lat' dir='ltr'><strong>impertinens</strong></span> <span class='ocrx_word' id='word_1_363' title='bbox 1087 2644 1157 2690; x_wconf 89' lang='lat' dir='ltr'><strong>nam</strong></span> <span class='ocrx_word' id='word_1_364' title='bbox 1174 2628 1288 2689; x_wconf 89' lang='lat' dir='ltr'><strong>dehere</strong></span> <span class='ocrx_word' id='word_1_365' title='bbox 1304 2640 1375 2687; x_wconf 82' lang='lat' dir='ltr'><strong>esse</strong></span> <span class='ocrx_word' id='word_1_366' title='bbox 1388 2620 1667 2688; x_wconf 84' lang='lat' dir='ltr'><strong>substautiammou</strong></span> <span class='ocrx_word' id='word_1_367' title='bbox 1682 2620 1747 2681; x_wconf 92' lang='lat' dir='ltr'><strong>sola</strong></span> <span class='ocrx_word' id='word_1_368' title='bbox 1763 2620 1949 2683; x_wconf 89' lang='lat' dir='ltr'><strong>accidentia.</strong></span> 
     </span>
     <span class='ocr_line' id='line_1_29' title="bbox 177 2701 1951 2787; baseline -0.002 -20"><span class='ocrx_word' id='word_1_369' title='bbox 177 2712 279 2769; x_wconf 89' lang='lat' dir='ltr'><strong>autern</strong></span> <span class='ocrx_word' id='word_1_370' title='bbox 294 2712 352 2774; x_wconf 86' lang='lat' dir='ltr'><strong>est.</strong></span> <span class='ocrx_word' id='word_1_371' title='bbox 371 2706 453 2767; x_wconf 91' lang='lat' dir='ltr'><strong>unde</strong></span> <span class='ocrx_word' id='word_1_372' title='bbox 469 2706 618 2769; x_wconf 80' lang='lat' dir='ltr'><strong>excitetur</strong></span> <span class='ocrx_word' id='word_1_373' title='bbox 641 2707 692 2769; x_wconf 91' lang='lat' dir='ltr'><strong>iiio</strong></span> <span class='ocrx_word' id='word_1_374' title='bbox 715 2707 804 2780; x_wconf 86' lang='lat' dir='ltr'><strong>tides,</strong></span> <span class='ocrx_word' id='word_1_375' title='bbox 831 2716 932 2771; x_wconf 89' lang='lat' dir='ltr'><strong>utrum</strong></span> <span class='ocrx_word' id='word_1_376' title='bbox 957 2726 1042 2771; x_wconf 89' lang='lat' dir='ltr'><strong>sum·</strong></span> <span class='ocrx_word' id='word_1_377' title='bbox 1088 2712 1118 2773; x_wconf 85' lang='lat' dir='ltr'><strong>Si</strong></span> <span class='ocrx_word' id='word_1_378' title='bbox 1135 2725 1208 2787; x_wconf 81' lang='lat' dir='ltr'><strong>ergo</strong></span> <span class='ocrx_word' id='word_1_379' title='bbox 1220 2725 1271 2771; x_wconf 90' lang='lat' dir='ltr'><strong>ros</strong></span> <span class='ocrx_word' id='word_1_380' title='bbox 1287 2715 1420 2776; x_wconf 85' lang='lat' dir='ltr'><strong>terrena,</strong></span> <span class='ocrx_word' id='word_1_381' title='bbox 1436 2711 1468 2767; x_wconf 93' lang='lat' dir='ltr'><strong>nt</strong></span> <span class='ocrx_word' id='word_1_382' title='bbox 1482 2720 1552 2765; x_wconf 89' lang='lat' dir='ltr'><strong>rere</strong></span> <span class='ocrx_word' id='word_1_383' title='bbox 1568 2701 1628 2763; x_wconf 84' lang='lat' dir='ltr'><strong>diei</strong></span> <span class='ocrx_word' id='word_1_384' title='bbox 1645 2701 1742 2780; x_wconf 87' lang='lat' dir='ltr'><strong>possit</strong></span> <span class='ocrx_word' id='word_1_385' title='bbox 1766 2718 1827 2775; x_wconf 84' lang='lat' dir='ltr'><strong>res,</strong></span> <span class='ocrx_word' id='word_1_386' title='bbox 1854 2703 1951 2765; x_wconf 90' lang='lat' dir='ltr'><strong>dohet</strong></span> 
     </span>
     <span class='ocr_line' id='line_1_30' title="bbox 177 2784 1950 2868; baseline -0.001 -21"><span class='ocrx_word' id='word_1_387' title='bbox 177 2786 283 2865; x_wconf 90' lang='lat' dir='ltr'><strong>ptione</strong></span> <span class='ocrx_word' id='word_1_388' title='bbox 298 2788 521 2854; x_wconf 88' lang='lat' dir='ltr'><strong>Eucharistiae.</strong></span> <span class='ocrx_word' id='word_1_389' title='bbox 536 2797 588 2851; x_wconf 90' lang='lat' dir='ltr'><strong>aut</strong></span> <span class='ocrx_word' id='word_1_390' title='bbox 599 2789 812 2868; x_wconf 79' lang='lat' dir='ltr'><strong>baptismium</strong></span> <span class='ocrx_word' id='word_1_391' title='bbox 825 2791 892 2852; x_wconf 93' lang='lat' dir='ltr'><strong>solo</strong></span> <span class='ocrx_word' id='word_1_392' title='bbox 906 2792 961 2853; x_wconf 87' lang='lat' dir='ltr'><strong>ilei</strong></span> <span class='ocrx_word' id='word_1_393' title='bbox 976 2810 1041 2855; x_wconf 88' lang='lat' dir='ltr'><strong>rer·</strong></span> <span class='ocrx_word' id='word_1_394' title='bbox 1086 2808 1157 2855; x_wconf 88' lang='lat' dir='ltr'><strong>esse</strong></span> <span class='ocrx_word' id='word_1_395' title='bbox 1172 2789 1354 2866; x_wconf 80' lang='lat' dir='ltr'><strong>substantia3</strong></span> <span class='ocrx_word' id='word_1_396' title='bbox 1370 2804 1421 2849; x_wconf 89' lang='lat' dir='ltr'><strong>res</strong></span> <span class='ocrx_word' id='word_1_397' title='bbox 1433 2784 1589 2859; x_wconf 88' lang='lat' dir='ltr'><strong>coelestis,</strong></span> <span class='ocrx_word' id='word_1_398' title='bbox 1607 2791 1640 2847; x_wconf 93' lang='lat' dir='ltr'><strong>ut</strong></span> <span class='ocrx_word' id='word_1_399' title='bbox 1653 2801 1703 2847; x_wconf 88' lang='lat' dir='ltr'><strong>ros</strong></span> <span class='ocrx_word' id='word_1_400' title='bbox 1720 2795 1789 2848; x_wconf 89' lang='lat' dir='ltr'><strong>rere</strong></span> <span class='ocrx_word' id='word_1_401' title='bbox 1801 2785 1860 2847; x_wconf 91' lang='lat' dir='ltr'><strong>diei</strong></span> <span class='ocrx_word' id='word_1_402' title='bbox 1877 2802 1950 2862; x_wconf 91' lang='lat' dir='ltr'><strong>pos·</strong></span> 
     </span>
     <span class='ocr_line' id='line_1_31' title="bbox 175 2866 1952 2950; baseline -0.002 -19"><span class='ocrx_word' id='word_1_403' title='bbox 175 2870 284 2941; x_wconf 91' lang='lat' dir='ltr'><strong>ho,aut</strong></span> <span class='ocrx_word' id='word_1_404' title='bbox 298 2872 401 2949; x_wconf 85' lang='lat' dir='ltr'><strong>aliquo</strong></span> <span class='ocrx_word' id='word_1_405' title='bbox 415 2870 576 2947; x_wconf 76' lang='lat' dir='ltr'><strong>miraeulm</strong></span> <span class='ocrx_word' id='word_1_406' title='bbox 592 2871 648 2932; x_wconf 90' lang='lat' dir='ltr'><strong>ista</strong></span> <span class='ocrx_word' id='word_1_407' title='bbox 665 2876 746 2934; x_wconf 89' lang='lat' dir='ltr'><strong>euim</strong></span> <span class='ocrx_word' id='word_1_408' title='bbox 763 2874 865 2935; x_wconf 90' lang='lat' dir='ltr'><strong>omnia</strong></span> <span class='ocrx_word' id='word_1_409' title='bbox 881 2876 956 2937; x_wconf 89' lang='lat' dir='ltr'><strong>nibil</strong></span> <span class='ocrx_word' id='word_1_410' title='bbox 968 2880 1042 2936; x_wconf 88' lang='lat' dir='ltr'><strong>sunt</strong></span> <span class='ocrx_word' id='word_1_411' title='bbox 1091 2877 1142 2950; x_wconf 87' lang='lat' dir='ltr'><strong>sit,</strong></span> <span class='ocrx_word' id='word_1_412' title='bbox 1166 2890 1269 2936; x_wconf 90' lang='lat' dir='ltr'><strong>nonne</strong></span> <span class='ocrx_word' id='word_1_413' title='bbox 1284 2872 1377 2934; x_wconf 89' lang='lat' dir='ltr'><strong>debet</strong></span> <span class='ocrx_word' id='word_1_414' title='bbox 1392 2886 1463 2935; x_wconf 89' lang='lat' dir='ltr'><strong>esse</strong></span> <span class='ocrx_word' id='word_1_415' title='bbox 1478 2868 1569 2931; x_wconf 85' lang='lat' dir='ltr'><strong>etiam</strong></span> <span class='ocrx_word' id='word_1_416' title='bbox 1595 2866 1952 2941; x_wconf 81' lang='lat' dir='ltr'><strong>substaotlal-nuomodo</strong></span> 
     </span>
     <span class='ocr_line' id='line_1_32' title="bbox 175 2951 1951 3039; baseline -0.001 -26"><span class='ocrx_word' id='word_1_417' title='bbox 175 2953 257 3030; x_wconf 89' lang='lat' dir='ltr'><strong>apud</strong></span> <span class='ocrx_word' id='word_1_418' title='bbox 289 2953 508 3022; x_wconf 80' lang='lat' dir='ltr'><strong>aduersarios.</strong></span> <span class='ocrx_word' id='word_1_419' title='bbox 540 2953 602 3017; x_wconf 92' lang='lat' dir='ltr'><strong>nisi</strong></span> <span class='ocrx_word' id='word_1_420' title='bbox 629 2953 833 3019; x_wconf 87' lang='lat' dir='ltr'><strong>iustrumenta</strong></span> <span class='ocrx_word' id='word_1_421' title='bbox 860 2957 1040 3021; x_wconf 80' lang='lat' dir='ltr'><strong>excitandae</strong></span> <span class='ocrx_word' id='word_1_422' title='bbox 1087 2959 1499 3039; x_wconf 79' lang='lat' dir='ltr'><strong>igiturexponuntperrem</strong></span> <span class='ocrx_word' id='word_1_423' title='bbox 1528 2951 1716 3024; x_wconf 84' lang='lat' dir='ltr'><strong>coelestem,</strong></span> <span class='ocrx_word' id='word_1_424' title='bbox 1746 2953 1951 3012; x_wconf 87' lang='lat' dir='ltr'><strong>consecratio·</strong></span> 
     </span>
     <span class='ocr_line' id='line_1_33' title="bbox 176 3033 1952 3118; baseline -0.003 -19"><span class='ocrx_word' id='word_1_425' title='bbox 176 3035 262 3100; x_wconf 83' lang='lat' dir='ltr'><strong>nuci.</strong></span> <span class='ocrx_word' id='word_1_426' title='bbox 1089 3054 1266 3118; x_wconf 78' lang='lat' dir='ltr'><strong>aemonae</strong></span> <span class='ocrx_word' id='word_1_427' title='bbox 1288 3038 1364 3101; x_wconf 91' lang='lat' dir='ltr'><strong>inre</strong></span> <span class='ocrx_word' id='word_1_428' title='bbox 1380 3035 1453 3097; x_wconf 91' lang='lat' dir='ltr'><strong>nihii</strong></span> <span class='ocrx_word' id='word_1_429' title='bbox 1471 3033 1535 3095; x_wconf 83' lang='lat' dir='ltr'><strong>est?</strong></span> <span class='ocrx_word' id='word_1_430' title='bbox 1550 3033 1706 3094; x_wconf 82' lang='lat' dir='ltr'><strong>Praeterea</strong></span> <span class='ocrx_word' id='word_1_431' title='bbox 1728 3048 1818 3095; x_wconf 90' lang='lat' dir='ltr'><strong>neruo</strong></span> <span class='ocrx_word' id='word_1_432' title='bbox 1845 3034 1883 3095; x_wconf 90' lang='lat' dir='ltr'><strong>ita</strong></span> <span class='ocrx_word' id='word_1_433' title='bbox 1907 3034 1952 3093; x_wconf 93' lang='lat' dir='ltr'><strong>lo·</strong></span> 
     </span>
     <span class='ocr_line' id='line_1_34' title="bbox 216 3116 1950 3202; baseline -0.001 -24"><span class='ocrx_word' id='word_1_434' title='bbox 216 3118 260 3179; x_wconf 79' lang='lat' dir='ltr'><strong>nd</strong></span> <span class='ocrx_word' id='word_1_435' title='bbox 274 3116 447 3180; x_wconf 85' lang='lat' dir='ltr'><strong>secondum</strong></span> <span class='ocrx_word' id='word_1_436' title='bbox 462 3117 630 3192; x_wconf 85' lang='lat' dir='ltr'><strong>respondet</strong></span> <span class='ocrx_word' id='word_1_437' title='bbox 642 3118 765 3198; x_wconf 76' lang='lat' dir='ltr'><strong>iiartpr.</strong></span> <span class='ocrx_word' id='word_1_438' title='bbox 782 3119 837 3184; x_wconf 92' lang='lat' dir='ltr'><strong>lib.</strong></span> <span class='ocrx_word' id='word_1_439' title='bbox 849 3128 954 3186; x_wconf 87' lang='lat' dir='ltr'><strong>contra</strong></span> <span class='ocrx_word' id='word_1_440' title='bbox 970 3122 1042 3186; x_wconf 85' lang='lat' dir='ltr'><strong>(iar-</strong></span> <span class='ocrx_word' id='word_1_441' title='bbox 1079 3126 1189 3202; x_wconf 79' lang='lat' dir='ltr'><strong>‚quitor</strong></span> <span class='ocrx_word' id='word_1_442' title='bbox 1204 3122 1242 3184; x_wconf 91' lang='lat' dir='ltr'><strong>dc</strong></span> <span class='ocrx_word' id='word_1_443' title='bbox 1258 3121 1326 3186; x_wconf 89' lang='lat' dir='ltr'><strong>allis</strong></span> <span class='ocrx_word' id='word_1_444' title='bbox 1341 3116 1554 3188; x_wconf 84' lang='lat' dir='ltr'><strong>sacramentis,</strong></span> <span class='ocrx_word' id='word_1_445' title='bbox 1570 3120 1604 3178; x_wconf 94' lang='lat' dir='ltr'><strong>ut</strong></span> <span class='ocrx_word' id='word_1_446' title='bbox 1618 3116 1817 3196; x_wconf 86' lang='lat' dir='ltr'><strong>dieataqoam</strong></span> <span class='ocrx_word' id='word_1_447' title='bbox 1833 3116 1950 3196; x_wconf 86' lang='lat' dir='ltr'><strong>Baptis-</strong></span> 
     </span>
     <span class='ocr_line' id='line_1_35' title="bbox 176 3199 1953 3272; baseline -0.002 -8"><span class='ocrx_word' id='word_1_448' title='bbox 176 3200 332 3270; x_wconf 83' lang='lat' dir='ltr'><strong>dinatum,</strong></span> <span class='ocrx_word' id='word_1_449' title='bbox 347 3201 470 3270; x_wconf 86' lang='lat' dir='ltr'><strong>obiecto</strong></span> <span class='ocrx_word' id='word_1_450' title='bbox 486 3199 556 3262; x_wconf 71' lang='lat' dir='ltr'><strong>tie.</strong></span> <span class='ocrx_word' id='word_1_451' title='bbox 573 3207 605 3264; x_wconf 85' lang='lat' dir='ltr'><strong>et</strong></span> <span class='ocrx_word' id='word_1_452' title='bbox 620 3201 692 3264; x_wconf 76' lang='lat' dir='ltr'><strong>tie.</strong></span> <span class='ocrx_word' id='word_1_453' title='bbox 716 3201 940 3268; x_wconf 83' lang='lat' dir='ltr'><strong>Eucharistiam</strong></span> <span class='ocrx_word' id='word_1_454' title='bbox 956 3222 1043 3270; x_wconf 90' lang='lat' dir='ltr'><strong>roca·</strong></span> <span class='ocrx_word' id='word_1_455' title='bbox 1089 3208 1129 3268; x_wconf 90' lang='lat' dir='ltr'><strong>rui</strong></span> <span class='ocrx_word' id='word_1_456' title='bbox 1144 3211 1285 3272; x_wconf 90' lang='lat' dir='ltr'><strong>constare</strong></span> <span class='ocrx_word' id='word_1_457' title='bbox 1297 3205 1416 3267; x_wconf 90' lang='lat' dir='ltr'><strong>duabus</strong></span> <span class='ocrx_word' id='word_1_458' title='bbox 1431 3201 1536 3268; x_wconf 89' lang='lat' dir='ltr'><strong>rebus,</strong></span> <span class='ocrx_word' id='word_1_459' title='bbox 1550 3215 1608 3260; x_wconf 93' lang='lat' dir='ltr'><strong>unu</strong></span> <span class='ocrx_word' id='word_1_460' title='bbox 1623 3206 1756 3264; x_wconf 87' lang='lat' dir='ltr'><strong>terrena.</strong></span> <span class='ocrx_word' id='word_1_461' title='bbox 1773 3200 1864 3260; x_wconf 90' lang='lat' dir='ltr'><strong>altera</strong></span> <span class='ocrx_word' id='word_1_462' title='bbox 1880 3215 1953 3261; x_wconf 88' lang='lat' dir='ltr'><strong>coe·</strong></span> 
     </span>
     <span class='ocr_line' id='line_1_36' title="bbox 176 3282 1954 3365; baseline -0.003 -20"><span class='ocrx_word' id='word_1_463' title='bbox 176 3284 203 3345; x_wconf 90' lang='lat' dir='ltr'><strong>ri</strong></span> <span class='ocrx_word' id='word_1_464' title='bbox 219 3297 328 3361; x_wconf 87' lang='lat' dir='ltr'><strong>panem</strong></span> <span class='ocrx_word' id='word_1_465' title='bbox 344 3300 404 3344; x_wconf 93' lang='lat' dir='ltr'><strong>uon</strong></span> <span class='ocrx_word' id='word_1_466' title='bbox 421 3299 628 3355; x_wconf 88' lang='lat' dir='ltr'><strong>communem,</strong></span> <span class='ocrx_word' id='word_1_467' title='bbox 654 3285 726 3362; x_wconf 82' lang='lat' dir='ltr'><strong>quia</strong></span> <span class='ocrx_word' id='word_1_468' title='bbox 747 3295 797 3350; x_wconf 89' lang='lat' dir='ltr'><strong>est</strong></span> <span class='ocrx_word' id='word_1_469' title='bbox 816 3296 1040 3352; x_wconf 86' lang='lat' dir='ltr'><strong>sacramentnm</strong></span> <span class='ocrx_word' id='word_1_470' title='bbox 1091 3289 1173 3365; x_wconf 84' lang='lat' dir='ltr'><strong>iesti3</strong></span> <span class='ocrx_word' id='word_1_471' title='bbox 1193 3293 1223 3350; x_wconf 88' lang='lat' dir='ltr'><strong>et</strong></span> <span class='ocrx_word' id='word_1_472' title='bbox 1240 3295 1338 3350; x_wconf 90' lang='lat' dir='ltr'><strong>tamen</strong></span> <span class='ocrx_word' id='word_1_473' title='bbox 1355 3301 1432 3359; x_wconf 84' lang='lat' dir='ltr'><strong>aona</strong></span> <span class='ocrx_word' id='word_1_474' title='bbox 1449 3283 1604 3360; x_wconf 84' lang='lat' dir='ltr'><strong>baptismi.</strong></span> <span class='ocrx_word' id='word_1_475' title='bbox 1635 3282 1806 3360; x_wconf 81' lang='lat' dir='ltr'><strong>symbolum</strong></span> <span class='ocrx_word' id='word_1_476' title='bbox 1837 3288 1884 3343; x_wconf 89' lang='lat' dir='ltr'><strong>est</strong></span> <span class='ocrx_word' id='word_1_477' title='bbox 1904 3299 1954 3342; x_wconf 89' lang='lat' dir='ltr'><strong>sa-</strong></span> 
     </span>
     <span class='ocr_line' id='line_1_37' title="bbox 178 3363 1953 3448; baseline -0.001 -20"><span class='ocrx_word' id='word_1_478' title='bbox 178 3365 346 3441; x_wconf 83' lang='lat' dir='ltr'><strong>nuoddam,</strong></span> <span class='ocrx_word' id='word_1_479' title='bbox 364 3365 493 3442; x_wconf 87' lang='lat' dir='ltr'><strong>proinde</strong></span> <span class='ocrx_word' id='word_1_480' title='bbox 520 3381 630 3443; x_wconf 89' lang='lat' dir='ltr'><strong>panem</strong></span> <span class='ocrx_word' id='word_1_481' title='bbox 655 3383 777 3432; x_wconf 90' lang='lat' dir='ltr'><strong>sacrum</strong></span> <span class='ocrx_word' id='word_1_482' title='bbox 804 3371 1044 3448; x_wconf 68' lang='lat' dir='ltr'><strong>consultiorem</strong></span> <span class='ocrx_word' id='word_1_483' title='bbox 1090 3371 1252 3442; x_wconf 84' lang='lat' dir='ltr'><strong>ammenti,</strong></span> <span class='ocrx_word' id='word_1_484' title='bbox 1271 3363 1643 3446; x_wconf 88' lang='lat' dir='ltr'><strong>utpouisiittcharistiae.</strong></span> <span class='ocrx_word' id='word_1_485' title='bbox 1673 3363 1813 3440; x_wconf 78' lang='lat' dir='ltr'><strong>neutuna</strong></span> <span class='ocrx_word' id='word_1_486' title='bbox 1842 3380 1953 3426; x_wconf 89' lang='lat' dir='ltr'><strong>conse·</strong></span> 
     </span>
     <span class='ocr_line' id='line_1_38' title="bbox 178 3446 1953 3528; baseline 0.003 -21"><span class='ocrx_word' id='word_1_487' title='bbox 178 3449 238 3509; x_wconf 86' lang='lat' dir='ltr'><strong>dici</strong></span> <span class='ocrx_word' id='word_1_488' title='bbox 255 3447 382 3510; x_wconf 90' lang='lat' dir='ltr'><strong>debere.</strong></span> <span class='ocrx_word' id='word_1_489' title='bbox 399 3446 546 3511; x_wconf 88' lang='lat' dir='ltr'><strong>Constare</strong></span> <span class='ocrx_word' id='word_1_490' title='bbox 559 3455 673 3519; x_wconf 86' lang='lat' dir='ltr'><strong>autem,</strong></span> <span class='ocrx_word' id='word_1_491' title='bbox 690 3451 779 3514; x_wconf 76' lang='lat' dir='ltr'><strong>altre</strong></span> <span class='ocrx_word' id='word_1_492' title='bbox 794 3459 914 3515; x_wconf 88' lang='lat' dir='ltr'><strong>terrena</strong></span> <span class='ocrx_word' id='word_1_493' title='bbox 930 3462 1043 3517; x_wconf 87' lang='lat' dir='ltr'><strong>etooe·</strong></span> <span class='ocrx_word' id='word_1_494' title='bbox 1088 3455 1184 3518; x_wconf 88' lang='lat' dir='ltr'><strong>oratio</strong></span> <span class='ocrx_word' id='word_1_495' title='bbox 1201 3469 1261 3516; x_wconf 93' lang='lat' dir='ltr'><strong>non</strong></span> <span class='ocrx_word' id='word_1_496' title='bbox 1277 3453 1371 3514; x_wconf 90' lang='lat' dir='ltr'><strong>habet</strong></span> <span class='ocrx_word' id='word_1_497' title='bbox 1382 3465 1450 3528; x_wconf 84' lang='lat' dir='ltr'><strong>eam</strong></span> <span class='ocrx_word' id='word_1_498' title='bbox 1473 3448 1544 3518; x_wconf 82' lang='lat' dir='ltr'><strong>rito,</strong></span> <span class='ocrx_word' id='word_1_499' title='bbox 1561 3463 1652 3522; x_wconf 85' lang='lat' dir='ltr'><strong>nuntn</strong></span> <span class='ocrx_word' id='word_1_500' title='bbox 1678 3447 1783 3508; x_wconf 83' lang='lat' dir='ltr'><strong>tribuit</strong></span> <span class='ocrx_word' id='word_1_501' title='bbox 1805 3447 1953 3510; x_wconf 82' lang='lat' dir='ltr'><strong>irenaeus</strong></span> 
     </span>
     <span class='ocr_line' id='line_1_39' title="bbox 177 3529 1951 3612; baseline -0.002 -18"><span class='ocrx_word' id='word_1_502' title='bbox 177 3532 264 3600; x_wconf 80' lang='lat' dir='ltr'><strong>testi,</strong></span> <span class='ocrx_word' id='word_1_503' title='bbox 280 3529 372 3603; x_wconf 87' lang='lat' dir='ltr'><strong>idest,</strong></span> <span class='ocrx_word' id='word_1_504' title='bbox 389 3530 542 3609; x_wconf 79' lang='lat' dir='ltr'><strong>symbolo,</strong></span> <span class='ocrx_word' id='word_1_505' title='bbox 558 3539 590 3594; x_wconf 91' lang='lat' dir='ltr'><strong>et</strong></span> <span class='ocrx_word' id='word_1_506' title='bbox 603 3547 637 3594; x_wconf 90' lang='lat' dir='ltr'><strong>re</strong></span> <span class='ocrx_word' id='word_1_507' title='bbox 651 3533 833 3612; x_wconf 61' lang='lat' dir='ltr'><strong>significate</strong></span> <span class='ocrx_word' id='word_1_508' title='bbox 849 3536 922 3599; x_wconf 91' lang='lat' dir='ltr'><strong>iicet</strong></span> <span class='ocrx_word' id='word_1_509' title='bbox 936 3553 987 3598; x_wconf 89' lang='lat' dir='ltr'><strong>res</strong></span> <span class='ocrx_word' id='word_1_510' title='bbox 1001 3539 1044 3600; x_wconf 91' lang='lat' dir='ltr'><strong>si·</strong></span> <span class='ocrx_word' id='word_1_511' title='bbox 1090 3539 1133 3600; x_wconf 88' lang='lat' dir='ltr'><strong>rei</strong></span> <span class='ocrx_word' id='word_1_512' title='bbox 1157 3538 1284 3599; x_wconf 88' lang='lat' dir='ltr'><strong>coelesti</strong></span> <span class='ocrx_word' id='word_1_513' title='bbox 1301 3537 1331 3596; x_wconf 90' lang='lat' dir='ltr'><strong>in</strong></span> <span class='ocrx_word' id='word_1_514' title='bbox 1348 3529 1550 3596; x_wconf 77' lang='lat' dir='ltr'><strong>Eucharistia:</strong></span> <span class='ocrx_word' id='word_1_515' title='bbox 1567 3529 1636 3604; x_wconf 90' lang='lat' dir='ltr'><strong>ipse</strong></span> <span class='ocrx_word' id='word_1_516' title='bbox 1658 3531 1740 3596; x_wconf 90' lang='lat' dir='ltr'><strong>euim</strong></span> <span class='ocrx_word' id='word_1_517' title='bbox 1755 3530 1818 3590; x_wconf 88' lang='lat' dir='ltr'><strong>ruli</strong></span> <span class='ocrx_word' id='word_1_518' title='bbox 1833 3531 1951 3592; x_wconf 84' lang='lat' dir='ltr'><strong>iiocha·</strong></span> 
     </span>
     <span class='ocr_line' id='line_1_40' title="bbox 179 3611 1949 3695; baseline -0.001 -21"><span class='ocrx_word' id='word_1_519' title='bbox 179 3611 322 3688; x_wconf 74' lang='lat' dir='ltr'><strong>unihcata</strong></span> <span class='ocrx_word' id='word_1_520' title='bbox 338 3619 449 3690; x_wconf 91' lang='lat' dir='ltr'><strong>procot</strong></span> <span class='ocrx_word' id='word_1_521' title='bbox 462 3611 555 3686; x_wconf 89' lang='lat' dir='ltr'><strong>absit,</strong></span> <span class='ocrx_word' id='word_1_522' title='bbox 571 3616 636 3675; x_wconf 86' lang='lat' dir='ltr'><strong>sire</strong></span> <span class='ocrx_word' id='word_1_523' title='bbox 652 3618 1042 3694; x_wconf 88' lang='lat' dir='ltr'><strong>paue,etsanetiiicatione.</strong></span> <span class='ocrx_word' id='word_1_524' title='bbox 1089 3620 1216 3690; x_wconf 86' lang='lat' dir='ltr'><strong>ristiam,</strong></span> <span class='ocrx_word' id='word_1_525' title='bbox 1234 3618 1352 3695; x_wconf 82' lang='lat' dir='ltr'><strong>onia-re</strong></span> <span class='ocrx_word' id='word_1_526' title='bbox 1367 3615 1493 3679; x_wconf 87' lang='lat' dir='ltr'><strong>coelesti</strong></span> <span class='ocrx_word' id='word_1_527' title='bbox 1509 3617 1626 3674; x_wconf 89' lang='lat' dir='ltr'><strong>constat</strong></span> <span class='ocrx_word' id='word_1_528' title='bbox 1642 3656 1650 3685; x_wconf 89' lang='lat'>‚</span> <span class='ocrx_word' id='word_1_529' title='bbox 1682 3611 1783 3672; x_wconf 84' lang='lat' dir='ltr'><strong>iacere</strong></span> <span class='ocrx_word' id='word_1_530' title='bbox 1807 3625 1949 3686; x_wconf 84' lang='lat' dir='ltr'><strong>corpora·</strong></span> 
     </span>
     <span class='ocr_line' id='line_1_41' title="bbox 181 3694 1953 3776; baseline -0.001 -20"><span class='ocrx_word' id='word_1_531' title='bbox 181 3696 237 3757; x_wconf 83' lang='lat' dir='ltr'><strong>Est</strong></span> <span class='ocrx_word' id='word_1_532' title='bbox 251 3695 334 3757; x_wconf 91' lang='lat' dir='ltr'><strong>enim</strong></span> <span class='ocrx_word' id='word_1_533' title='bbox 347 3695 435 3772; x_wconf 92' lang='lat' dir='ltr'><strong>panis</strong></span> <span class='ocrx_word' id='word_1_534' title='bbox 450 3711 501 3756; x_wconf 87' lang='lat' dir='ltr'><strong>res</strong></span> <span class='ocrx_word' id='word_1_535' title='bbox 517 3702 638 3758; x_wconf 88' lang='lat' dir='ltr'><strong>terrene</strong></span> <span class='ocrx_word' id='word_1_536' title='bbox 656 3743 663 3758; x_wconf 97' lang='lat'><strong>.</strong></span> <span class='ocrx_word' id='word_1_537' title='bbox 693 3699 893 3764; x_wconf 80' lang='lat' dir='ltr'><strong>sanctificatio</strong></span> <span class='ocrx_word' id='word_1_538' title='bbox 914 3710 1016 3766; x_wconf 87' lang='lat' dir='ltr'><strong>antem</strong></span> <span class='ocrx_word' id='word_1_539' title='bbox 1034 3749 1043 3776; x_wconf 89' lang='lat'><strong>,</strong></span> <span class='ocrx_word' id='word_1_540' title='bbox 1090 3710 1192 3764; x_wconf 89' lang='lat' dir='ltr'><strong>nostra</strong></span> <span class='ocrx_word' id='word_1_541' title='bbox 1208 3699 1385 3764; x_wconf 88' lang='lat' dir='ltr'><strong>immortalia</strong></span> <span class='ocrx_word' id='word_1_542' title='bbox 1402 3715 1438 3760; x_wconf 90' lang='lat' dir='ltr'><strong>etr</strong></span> <span class='ocrx_word' id='word_1_543' title='bbox 1456 3695 1644 3758; x_wconf 88' lang='lat' dir='ltr'><strong>mortalibus.</strong></span> <span class='ocrx_word' id='word_1_544' title='bbox 1658 3694 1693 3756; x_wconf 84' lang='lat' dir='ltr'><strong>tt</strong></span> <span class='ocrx_word' id='word_1_545' title='bbox 1708 3709 1767 3754; x_wconf 92' lang='lat' dir='ltr'><strong>uun</strong></span> <span class='ocrx_word' id='word_1_546' title='bbox 1784 3694 1874 3756; x_wconf 84' lang='lat' dir='ltr'><strong>habet</strong></span> <span class='ocrx_word' id='word_1_547' title='bbox 1885 3696 1953 3758; x_wconf 89' lang='lat' dir='ltr'><strong>sola</strong></span> 
     </span>
     <span class='ocr_line' id='line_1_42' title="bbox 180 3777 1953 3856; baseline -0.001 -17"><span class='ocrx_word' id='word_1_548' title='bbox 180 3796 240 3854; x_wconf 83' lang='lat' dir='ltr'><strong>utra</strong></span> <span class='ocrx_word' id='word_1_549' title='bbox 266 3778 355 3856; x_wconf 88' lang='lat' dir='ltr'><strong>panis</strong></span> <span class='ocrx_word' id='word_1_550' title='bbox 380 3785 606 3842; x_wconf 87' lang='lat' dir='ltr'><strong>sacramentum</strong></span> <span class='ocrx_word' id='word_1_551' title='bbox 636 3778 792 3856; x_wconf 85' lang='lat' dir='ltr'><strong>efficitur,</strong></span> <span class='ocrx_word' id='word_1_552' title='bbox 822 3800 874 3847; x_wconf 90' lang='lat' dir='ltr'><strong>res</strong></span> <span class='ocrx_word' id='word_1_553' title='bbox 902 3791 949 3848; x_wconf 90' lang='lat' dir='ltr'><strong>est</strong></span> <span class='ocrx_word' id='word_1_554' title='bbox 974 3801 1044 3848; x_wconf 86' lang='lat' dir='ltr'><strong>coe·</strong></span> <span class='ocrx_word' id='word_1_555' title='bbox 1091 3785 1282 3848; x_wconf 85' lang='lat' dir='ltr'><strong>consecratio</strong></span> <span class='ocrx_word' id='word_1_556' title='bbox 1307 3785 1395 3844; x_wconf 90' lang='lat' dir='ltr'><strong>istam</strong></span> <span class='ocrx_word' id='word_1_557' title='bbox 1426 3779 1577 3848; x_wconf 80' lang='lat' dir='ltr'><strong>virtutem,</strong></span> <span class='ocrx_word' id='word_1_558' title='bbox 1602 3777 1953 3853; x_wconf 86' lang='lat' dir='ltr'><strong>etprnesertimseouu-</strong></span> 
     </span>
     <span class='ocr_line' id='line_1_43' title="bbox 180 3859 1952 3944; baseline -0.003 -20"><span class='ocrx_word' id='word_1_559' title='bbox 180 3861 281 3944; x_wconf 84' lang='lat' dir='ltr'><strong>lastis.</strong></span> <span class='ocrx_word' id='word_1_560' title='bbox 1005 3913 1009 3918; x_wconf 95' lang='lat'><strong>.</strong></span> <span class='ocrx_word' id='word_1_561' title='bbox 1091 3865 1378 3933; x_wconf 84' lang='lat' dir='ltr'><strong>dumadversarios,</strong></span> <span class='ocrx_word' id='word_1_562' title='bbox 1396 3863 1447 3942; x_wconf 87' lang='lat' dir='ltr'><strong>qui</strong></span> <span class='ocrx_word' id='word_1_563' title='bbox 1473 3861 1587 3922; x_wconf 89' lang='lat' dir='ltr'><strong>unllam</strong></span> <span class='ocrx_word' id='word_1_564' title='bbox 1604 3860 1662 3920; x_wconf 88' lang='lat' dir='ltr'><strong>rim</strong></span> <span class='ocrx_word' id='word_1_565' title='bbox 1688 3859 1827 3921; x_wconf 89' lang='lat' dir='ltr'><strong>tribuunt</strong></span> <span class='ocrx_word' id='word_1_566' title='bbox 1851 3875 1952 3922; x_wconf 86' lang='lat' dir='ltr'><strong>suora-</strong></span> 
     </span>
    </p>

    <p class='ocr_par' dir='ltr' id='par_1_3' title="bbox 181 3941 1957 4592">
     <span class='ocr_line' id='line_1_44' title="bbox 223 3941 1948 4025; baseline -0.001 -21"><span class='ocrx_word' id='word_1_567' title='bbox 223 3942 357 4018; x_wconf 81' lang='lat' dir='ltr'><strong>Utrapne</strong></span> <span class='ocrx_word' id='word_1_568' title='bbox 370 3941 502 4005; x_wconf 89' lang='lat' dir='ltr'><strong>absurda</strong></span> <span class='ocrx_word' id='word_1_569' title='bbox 518 3948 565 4006; x_wconf 90' lang='lat' dir='ltr'><strong>est</strong></span> <span class='ocrx_word' id='word_1_570' title='bbox 580 3944 756 4022; x_wconf 81' lang='lat' dir='ltr'><strong>explicatio:</strong></span> <span class='ocrx_word' id='word_1_571' title='bbox 779 3963 816 4010; x_wconf 90' lang='lat' dir='ltr'><strong>ae</strong></span> <span class='ocrx_word' id='word_1_572' title='bbox 831 3949 963 4025; x_wconf 91' lang='lat' dir='ltr'><strong>primurn</strong></span> <span class='ocrx_word' id='word_1_573' title='bbox 977 3965 1043 4014; x_wconf 91' lang='lat' dir='ltr'><strong>rent</strong></span> <span class='ocrx_word' id='word_1_574' title='bbox 1089 3952 1215 4013; x_wconf 90' lang='lat' dir='ltr'><strong>montis.</strong></span> <span class='ocrx_word' id='word_1_575' title='bbox 1232 3947 1291 4010; x_wconf 88' lang='lat' dir='ltr'><strong>nisi</strong></span> <span class='ocrx_word' id='word_1_576' title='bbox 1308 3947 1344 4008; x_wconf 93' lang='lat' dir='ltr'><strong>ad</strong></span> <span class='ocrx_word' id='word_1_577' title='bbox 1360 3945 1453 4008; x_wconf 87' lang='lat' dir='ltr'><strong>fldem</strong></span> <span class='ocrx_word' id='word_1_578' title='bbox 1470 3942 1662 4006; x_wconf 85' lang='lat' dir='ltr'><strong>excitandam</strong></span> <span class='ocrx_word' id='word_1_579' title='bbox 1674 3945 1948 4019; x_wconf 85' lang='lat' dir='ltr'><strong>repraesentando.</strong></span> 
     </span>
     <span class='ocr_line' id='line_1_45' title="bbox 181 4025 1949 4110; baseline -0.001 -24"><span class='ocrx_word' id='word_1_580' title='bbox 181 4033 336 4091; x_wconf 89' lang='lat' dir='ltr'><strong>terrenam</strong></span> <span class='ocrx_word' id='word_1_581' title='bbox 352 4041 424 4088; x_wconf 88' lang='lat' dir='ltr'><strong>esse</strong></span> <span class='ocrx_word' id='word_1_582' title='bbox 439 4025 587 4094; x_wconf 75' lang='lat' dir='ltr'><strong>simbola.</strong></span> <span class='ocrx_word' id='word_1_583' title='bbox 606 4043 670 4087; x_wconf 92' lang='lat' dir='ltr'><strong>rem</strong></span> <span class='ocrx_word' id='word_1_584' title='bbox 685 4029 852 4092; x_wconf 84' lang='lat' dir='ltr'><strong>aoeiestern</strong></span> <span class='ocrx_word' id='word_1_585' title='bbox 878 4048 950 4094; x_wconf 89' lang='lat' dir='ltr'><strong>esse</strong></span> <span class='ocrx_word' id='word_1_586' title='bbox 980 4049 1045 4094; x_wconf 88' lang='lat' dir='ltr'><strong>rem</strong></span> <span class='ocrx_word' id='word_1_587' title='bbox 1094 4035 1168 4096; x_wconf 81' lang='lat' dir='ltr'><strong>vera</strong></span> <span class='ocrx_word' id='word_1_588' title='bbox 1183 4032 1276 4110; x_wconf 77' lang='lat' dir='ltr'><strong>igilur</strong></span> <span class='ocrx_word' id='word_1_589' title='bbox 1289 4026 1440 4106; x_wconf 79' lang='lat' dir='ltr'><strong>expositio</strong></span> <span class='ocrx_word' id='word_1_590' title='bbox 1454 4032 1513 4098; x_wconf 89' lang='lat' dir='ltr'><strong>est,</strong></span> <span class='ocrx_word' id='word_1_591' title='bbox 1530 4041 1595 4086; x_wconf 91' lang='lat' dir='ltr'><strong>rem</strong></span> <span class='ocrx_word' id='word_1_592' title='bbox 1616 4031 1767 4086; x_wconf 89' lang='lat' dir='ltr'><strong>terrenam</strong></span> <span class='ocrx_word' id='word_1_593' title='bbox 1791 4039 1867 4086; x_wconf 86' lang='lat' dir='ltr'><strong>esse</strong></span> <span class='ocrx_word' id='word_1_594' title='bbox 1895 4025 1949 4092; x_wconf 88' lang='lat' dir='ltr'><strong>id,</strong></span> 
     </span>
     <span class='ocr_line' id='line_1_46' title="bbox 182 4106 1952 4194; baseline -0.001 -26"><span class='ocrx_word' id='word_1_595' title='bbox 182 4107 399 4186; x_wconf 69' lang='lat' dir='ltr'><strong>significatam.</strong></span> <span class='ocrx_word' id='word_1_596' title='bbox 416 4108 471 4169; x_wconf 87' lang='lat' dir='ltr'><strong>sed</strong></span> <span class='ocrx_word' id='word_1_597' title='bbox 485 4109 657 4183; x_wconf 81' lang='lat' dir='ltr'><strong>absentem,</strong></span> <span class='ocrx_word' id='word_1_598' title='bbox 684 4112 770 4174; x_wconf 91' lang='lat' dir='ltr'><strong>nulio</strong></span> <span class='ocrx_word' id='word_1_599' title='bbox 786 4114 877 4178; x_wconf 89' lang='lat' dir='ltr'><strong>nrodo</strong></span> <span class='ocrx_word' id='word_1_600' title='bbox 900 4113 965 4178; x_wconf 85' lang='lat' dir='ltr'><strong>iteri</strong></span> <span class='ocrx_word' id='word_1_601' title='bbox 994 4133 1046 4192; x_wconf 91' lang='lat' dir='ltr'><strong>pe·</strong></span> <span class='ocrx_word' id='word_1_602' title='bbox 1091 4115 1173 4194; x_wconf 80' lang='lat' dir='ltr'><strong>qnod</strong></span> <span class='ocrx_word' id='word_1_603' title='bbox 1190 4129 1283 4176; x_wconf 89' lang='lat' dir='ltr'><strong>sensu</strong></span> <span class='ocrx_word' id='word_1_604' title='bbox 1301 4111 1467 4190; x_wconf 88' lang='lat' dir='ltr'><strong>percipitur</strong></span> <span class='ocrx_word' id='word_1_605' title='bbox 1497 4109 1527 4170; x_wconf 93' lang='lat' dir='ltr'><strong>in</strong></span> <span class='ocrx_word' id='word_1_606' title='bbox 1559 4106 1746 4168; x_wconf 80' lang='lat' dir='ltr'><strong>iinoharistia</strong></span> <span class='ocrx_word' id='word_1_607' title='bbox 1762 4106 1851 4184; x_wconf 88' lang='lat' dir='ltr'><strong>(iilud</strong></span> <span class='ocrx_word' id='word_1_608' title='bbox 1868 4109 1952 4168; x_wconf 88' lang='lat' dir='ltr'><strong>euim</strong></span> 
     </span>
     <span class='ocr_line' id='line_1_47' title="bbox 183 4190 1952 4274; baseline -0.002 -22"><span class='ocrx_word' id='word_1_609' title='bbox 183 4198 255 4252; x_wconf 88' lang='lat' dir='ltr'><strong>test.</strong></span> <span class='ocrx_word' id='word_1_610' title='bbox 271 4191 342 4252; x_wconf 86' lang='lat' dir='ltr'><strong>iiam</strong></span> <span class='ocrx_word' id='word_1_611' title='bbox 358 4190 433 4250; x_wconf 90' lang='lat' dir='ltr'><strong>nihii</strong></span> <span class='ocrx_word' id='word_1_612' title='bbox 450 4196 592 4254; x_wconf 84' lang='lat' dir='ltr'><strong>constare</strong></span> <span class='ocrx_word' id='word_1_613' title='bbox 606 4192 719 4254; x_wconf 90' lang='lat' dir='ltr'><strong>dieitur</strong></span> <span class='ocrx_word' id='word_1_614' title='bbox 730 4210 767 4256; x_wconf 86' lang='lat' dir='ltr'><strong>ex</strong></span> <span class='ocrx_word' id='word_1_615' title='bbox 780 4198 915 4274; x_wconf 65' lang='lat' dir='ltr'><strong>comoed</strong></span> <span class='ocrx_word' id='word_1_616' title='bbox 931 4198 1047 4273; x_wconf 86' lang='lat' dir='ltr'><strong>inipso</strong></span> <span class='ocrx_word' id='word_1_617' title='bbox 1092 4202 1149 4262; x_wconf 88' lang='lat' dir='ltr'><strong>etsi</strong></span> <span class='ocrx_word' id='word_1_618' title='bbox 1165 4211 1269 4260; x_wconf 82' lang='lat' dir='ltr'><strong>rosera</strong></span> <span class='ocrx_word' id='word_1_619' title='bbox 1285 4193 1453 4257; x_wconf 90' lang='lat' dir='ltr'><strong>substantia</strong></span> <span class='ocrx_word' id='word_1_620' title='bbox 1469 4190 1594 4258; x_wconf 87' lang='lat' dir='ltr'><strong>nonsit,</strong></span> <span class='ocrx_word' id='word_1_621' title='bbox 1622 4197 1722 4251; x_wconf 89' lang='lat' dir='ltr'><strong>lamen</strong></span> <span class='ocrx_word' id='word_1_622' title='bbox 1748 4205 1818 4251; x_wconf 88' lang='lat' dir='ltr'><strong>rora</strong></span> <span class='ocrx_word' id='word_1_623' title='bbox 1834 4205 1896 4264; x_wconf 89' lang='lat' dir='ltr'><strong>res,</strong></span> <span class='ocrx_word' id='word_1_624' title='bbox 1921 4197 1952 4250; x_wconf 92' lang='lat' dir='ltr'><strong>et</strong></span> 
     </span>
     <span class='ocr_line' id='line_1_48' title="bbox 183 4271 1955 4353; baseline 0.001 -22"><span class='ocrx_word' id='word_1_625' title='bbox 183 4288 246 4336; x_wconf 91' lang='lat' dir='ltr'><strong>non</strong></span> <span class='ocrx_word' id='word_1_626' title='bbox 270 4279 331 4333; x_wconf 83' lang='lat' dir='ltr'><strong>est:</strong></span> <span class='ocrx_word' id='word_1_627' title='bbox 357 4271 578 4334; x_wconf 81' lang='lat' dir='ltr'><strong>iiuoharistiem</strong></span> <span class='ocrx_word' id='word_1_628' title='bbox 607 4281 711 4338; x_wconf 88' lang='lat' dir='ltr'><strong>autern</strong></span> <span class='ocrx_word' id='word_1_629' title='bbox 737 4285 878 4340; x_wconf 89' lang='lat' dir='ltr'><strong>constare</strong></span> <span class='ocrx_word' id='word_1_630' title='bbox 899 4279 973 4342; x_wconf 89' lang='lat' dir='ltr'><strong>dicit</strong></span> <span class='ocrx_word' id='word_1_631' title='bbox 986 4280 1048 4342; x_wconf 90' lang='lat' dir='ltr'><strong>ire·</strong></span> <span class='ocrx_word' id='word_1_632' title='bbox 1091 4297 1163 4343; x_wconf 89' lang='lat' dir='ltr'><strong>rere</strong></span> <span class='ocrx_word' id='word_1_633' title='bbox 1178 4287 1296 4342; x_wconf 90' lang='lat' dir='ltr'><strong>terrena</strong></span> <span class='ocrx_word' id='word_1_634' title='bbox 1313 4284 1370 4348; x_wconf 87' lang='lat' dir='ltr'><strong>est,</strong></span> <span class='ocrx_word' id='word_1_635' title='bbox 1387 4275 1500 4353; x_wconf 83' lang='lat' dir='ltr'><strong>alioqui</strong></span> <span class='ocrx_word' id='word_1_636' title='bbox 1516 4272 1664 4335; x_wconf 89' lang='lat' dir='ltr'><strong>sensibus</strong></span> <span class='ocrx_word' id='word_1_637' title='bbox 1674 4271 1886 4349; x_wconf 89' lang='lat' dir='ltr'><strong>corporalibus</strong></span> <span class='ocrx_word' id='word_1_638' title='bbox 1901 4289 1955 4348; x_wconf 89' lang='lat' dir='ltr'><strong>ap·</strong></span> 
     </span>
     <span class='ocr_line' id='line_1_49' title="bbox 184 4355 1952 4444; baseline -0.002 -25"><span class='ocrx_word' id='word_1_639' title='bbox 184 4371 283 4419; x_wconf 88' lang='lat' dir='ltr'><strong>naeus</strong></span> <span class='ocrx_word' id='word_1_640' title='bbox 295 4372 334 4418; x_wconf 85' lang='lat' dir='ltr'><strong>err</strong></span> <span class='ocrx_word' id='word_1_641' title='bbox 349 4355 469 4419; x_wconf 89' lang='lat' dir='ltr'><strong>duabus</strong></span> <span class='ocrx_word' id='word_1_642' title='bbox 485 4355 723 4424; x_wconf 72' lang='lat' dir='ltr'><strong>rebastenchs</strong></span> <span class='ocrx_word' id='word_1_643' title='bbox 742 4376 812 4429; x_wconf 91' lang='lat' dir='ltr'><strong>uua,</strong></span> <span class='ocrx_word' id='word_1_644' title='bbox 826 4363 920 4424; x_wconf 89' lang='lat' dir='ltr'><strong>altera</strong></span> <span class='ocrx_word' id='word_1_645' title='bbox 942 4362 1046 4426; x_wconf 86' lang='lat' dir='ltr'><strong>coeio·</strong></span> <span class='ocrx_word' id='word_1_646' title='bbox 1092 4363 1242 4444; x_wconf 89' lang='lat' dir='ltr'><strong>prehendi</strong></span> <span class='ocrx_word' id='word_1_647' title='bbox 1262 4377 1321 4423; x_wconf 92' lang='lat' dir='ltr'><strong>nou</strong></span> <span class='ocrx_word' id='word_1_648' title='bbox 1339 4359 1458 4436; x_wconf 78' lang='lat' dir='ltr'><strong>posset)</strong></span> <span class='ocrx_word' id='word_1_649' title='bbox 1473 4373 1537 4418; x_wconf 89' lang='lat' dir='ltr'><strong>rem</strong></span> <span class='ocrx_word' id='word_1_650' title='bbox 1553 4356 1720 4416; x_wconf 88' lang='lat' dir='ltr'><strong>coelestem</strong></span> <span class='ocrx_word' id='word_1_651' title='bbox 1736 4369 1807 4416; x_wconf 86' lang='lat' dir='ltr'><strong>esse</strong></span> <span class='ocrx_word' id='word_1_652' title='bbox 1820 4355 1952 4433; x_wconf 71' lang='lat' dir='ltr'><strong>immund</strong></span> 
     </span>
     <span class='ocr_line' id='line_1_50' title="bbox 186 4435 1957 4532; baseline -0.001 -34"><span class='ocrx_word' id='word_1_653' title='bbox 186 4438 237 4532; x_wconf 79' lang='lat' dir='ltr'><strong>sti3</strong></span> <span class='ocrx_word' id='word_1_654' title='bbox 261 4439 324 4500; x_wconf 88' lang='lat' dir='ltr'><strong>ruit</strong></span> <span class='ocrx_word' id='word_1_655' title='bbox 337 4453 412 4515; x_wconf 73' lang='lat' dir='ltr'><strong>ergo</strong></span> <span class='ocrx_word' id='word_1_656' title='bbox 429 4445 589 4516; x_wconf 87' lang='lat' dir='ltr'><strong>utramque</strong></span> <span class='ocrx_word' id='word_1_657' title='bbox 604 4454 670 4500; x_wconf 90' lang='lat' dir='ltr'><strong>rem</strong></span> <span class='ocrx_word' id='word_1_658' title='bbox 682 4457 753 4504; x_wconf 84' lang='lat' dir='ltr'><strong>esse</strong></span> <span class='ocrx_word' id='word_1_659' title='bbox 768 4443 798 4504; x_wconf 90' lang='lat' dir='ltr'><strong>in</strong></span> <span class='ocrx_word' id='word_1_660' title='bbox 819 4443 885 4523; x_wconf 90' lang='lat' dir='ltr'><strong>ipsa</strong></span> <span class='ocrx_word' id='word_1_661' title='bbox 901 4444 1048 4508; x_wconf 84' lang='lat' dir='ltr'><strong>Euchari·</strong></span> <span class='ocrx_word' id='word_1_662' title='bbox 1092 4445 1238 4512; x_wconf 83' lang='lat' dir='ltr'><strong>creditur.</strong></span> <span class='ocrx_word' id='word_1_663' title='bbox 1255 4443 1398 4506; x_wconf 89' lang='lat' dir='ltr'><strong>nimirum</strong></span> <span class='ocrx_word' id='word_1_664' title='bbox 1414 4438 1523 4502; x_wconf 86' lang='lat' dir='ltr'><strong>Christi</strong></span> <span class='ocrx_word' id='word_1_665' title='bbox 1536 4453 1649 4517; x_wconf 88' lang='lat' dir='ltr'><strong>eorpus</strong></span> <span class='ocrx_word' id='word_1_666' title='bbox 1660 4435 1827 4517; x_wconf 71' lang='lat' dir='ltr'><strong>gloriosum</strong></span> <span class='ocrx_word' id='word_1_667' title='bbox 1852 4444 1883 4500; x_wconf 91' lang='lat' dir='ltr'><strong>et</strong></span> <span class='ocrx_word' id='word_1_668' title='bbox 1898 4438 1957 4497; x_wconf 91' lang='lat' dir='ltr'><strong>im·</strong></span> 
     </span>
     <span class='ocr_line' id='line_1_51' title="bbox 182 4527 1231 4592; baseline -0.003 0"><span class='ocrx_word' id='word_1_669' title='bbox 182 4529 253 4582; x_wconf 69' lang='lat' dir='ltr'><strong>siin·</strong></span> <span class='ocrx_word' id='word_1_670' title='bbox 1093 4527 1231 4592; x_wconf 87' lang='lat' dir='ltr'><strong>mortale.</strong></span> 
     </span>
    </p>

    <p class='ocr_par' dir='ltr' id='par_1_4' title="bbox 184 4591 1959 5346">
     <span class='ocr_line' id='line_1_52' title="bbox 229 4591 1958 4691; baseline -0.002 -26"><span class='ocrx_word' id='word_1_671' title='bbox 229 4600 666 4681; x_wconf 67' lang='lat' dir='ltr'><strong>Respondetiiartpnemniuo</strong></span> <span class='ocrx_word' id='word_1_672' title='bbox 677 4613 817 4689; x_wconf 86' lang='lat' dir='ltr'><strong>constare</strong></span> <span class='ocrx_word' id='word_1_673' title='bbox 831 4624 923 4687; x_wconf 91' lang='lat' dir='ltr'><strong>pesse</strong></span> <span class='ocrx_word' id='word_1_674' title='bbox 934 4610 1048 4691; x_wconf 84' lang='lat' dir='ltr'><strong>aliquid</strong></span> <span class='ocrx_word' id='word_1_675' title='bbox 1135 4607 1321 4672; x_wconf 70' lang='lat' dir='ltr'><strong>ndiortinm</strong></span> <span class='ocrx_word' id='word_1_676' title='bbox 1336 4591 1474 4669; x_wconf 83' lang='lat' dir='ltr'><strong>tiostrom</strong></span> <span class='ocrx_word' id='word_1_677' title='bbox 1489 4610 1701 4680; x_wconf 73' lang='lat' dir='ltr'><strong>argumentum</strong></span> <span class='ocrx_word' id='word_1_678' title='bbox 1711 4600 1886 4680; x_wconf 89' lang='lat' dir='ltr'><strong>respondet</strong></span> <span class='ocrx_word' id='word_1_679' title='bbox 1900 4601 1958 4662; x_wconf 73' lang='lat' dir='ltr'><strong>i’e·</strong></span> 
     </span>
     <span class='ocr_line' id='line_1_53' title="bbox 187 4682 1950 4766; baseline -0.002 -18"><span class='ocrx_word' id='word_1_680' title='bbox 187 4701 224 4748; x_wconf 87' lang='lat' dir='ltr'><strong>ex</strong></span> <span class='ocrx_word' id='word_1_681' title='bbox 240 4700 290 4756; x_wconf 90' lang='lat' dir='ltr'><strong>eo,</strong></span> <span class='ocrx_word' id='word_1_682' title='bbox 307 4683 389 4762; x_wconf 87' lang='lat' dir='ltr'><strong>qnod</strong></span> <span class='ocrx_word' id='word_1_683' title='bbox 405 4682 436 4744; x_wconf 92' lang='lat' dir='ltr'><strong>io</strong></span> <span class='ocrx_word' id='word_1_684' title='bbox 452 4684 520 4763; x_wconf 90' lang='lat' dir='ltr'><strong>ipso</strong></span> <span class='ocrx_word' id='word_1_685' title='bbox 536 4701 596 4746; x_wconf 90' lang='lat' dir='ltr'><strong>noa</strong></span> <span class='ocrx_word' id='word_1_686' title='bbox 620 4692 678 4749; x_wconf 89' lang='lat' dir='ltr'><strong>est:</strong></span> <span class='ocrx_word' id='word_1_687' title='bbox 693 4689 774 4752; x_wconf 81' lang='lat' dir='ltr'><strong>Nom</strong></span> <span class='ocrx_word' id='word_1_688' title='bbox 792 4707 897 4756; x_wconf 74' lang='lat' dir='ltr'><strong>renuo</strong></span> <span class='ocrx_word' id='word_1_689' title='bbox 911 4703 1021 4758; x_wconf 72' lang='lat' dir='ltr'><strong>creater</strong></span> <span class='ocrx_word' id='word_1_690' title='bbox 1038 4741 1045 4763; x_wconf 89' lang='lat'><strong>.</strong></span> <span class='ocrx_word' id='word_1_691' title='bbox 1095 4701 1157 4756; x_wconf 89' lang='lat' dir='ltr'><strong>tras</strong></span> <span class='ocrx_word' id='word_1_692' title='bbox 1183 4697 1307 4766; x_wconf 77' lang='lat' dir='ltr'><strong>martyr,</strong></span> <span class='ocrx_word' id='word_1_693' title='bbox 1323 4690 1379 4751; x_wconf 89' lang='lat' dir='ltr'><strong>iih.</strong></span> <span class='ocrx_word' id='word_1_694' title='bbox 1392 4695 1495 4750; x_wconf 89' lang='lat' dir='ltr'><strong>coutra</strong></span> <span class='ocrx_word' id='word_1_695' title='bbox 1510 4684 1724 4752; x_wconf 80' lang='lat' dir='ltr'><strong>Cauliuerum.</strong></span> <span class='ocrx_word' id='word_1_696' title='bbox 1737 4685 1861 4762; x_wconf 86' lang='lat' dir='ltr'><strong>objecto</strong></span> <span class='ocrx_word' id='word_1_697' title='bbox 1879 4683 1950 4744; x_wconf 72' lang='lat' dir='ltr'><strong>tie.</strong></span> 
     </span>
     <span class='ocr_line' id='line_1_54' title="bbox 185 4765 1957 4850; baseline -0.003 -18"><span class='ocrx_word' id='word_1_698' title='bbox 185 4767 424 4847; x_wconf 74' lang='lat' dir='ltr'><strong>inquii-cottilai</strong></span> <span class='ocrx_word' id='word_1_699' title='bbox 437 4781 480 4829; x_wconf 74' lang='lat' dir='ltr'><strong>ew</strong></span> <span class='ocrx_word' id='word_1_700' title='bbox 493 4781 580 4838; x_wconf 74' lang='lat' dir='ltr'><strong>voce,</strong></span> <span class='ocrx_word' id='word_1_701' title='bbox 593 4774 622 4830; x_wconf 87' lang='lat' dir='ltr'><strong>el</strong></span> <span class='ocrx_word' id='word_1_702' title='bbox 634 4786 671 4831; x_wconf 75' lang='lat' dir='ltr'><strong>re</strong></span> <span class='ocrx_word' id='word_1_703' title='bbox 685 4773 886 4850; x_wconf 73' lang='lat' dir='ltr'><strong>uipnisicotm</strong></span> <span class='ocrx_word' id='word_1_704' title='bbox 902 4784 1051 4840; x_wconf 82' lang='lat' dir='ltr'><strong>etlumen</strong></span> <span class='ocrx_word' id='word_1_705' title='bbox 1094 4793 1132 4839; x_wconf 84' lang='lat' dir='ltr'><strong>ex</strong></span> <span class='ocrx_word' id='word_1_706' title='bbox 1147 4774 1249 4838; x_wconf 89' lang='lat' dir='ltr'><strong>rerhis</strong></span> <span class='ocrx_word' id='word_1_707' title='bbox 1261 4771 1379 4836; x_wconf 87' lang='lat' dir='ltr'><strong>irenaei</strong></span> <span class='ocrx_word' id='word_1_708' title='bbox 1395 4769 1497 4847; x_wconf 77' lang='lat' dir='ltr'><strong>colligi</strong></span> <span class='ocrx_word' id='word_1_709' title='bbox 1510 4767 1691 4831; x_wconf 86' lang='lat' dir='ltr'><strong>eontrarium</strong></span> <span class='ocrx_word' id='word_1_710' title='bbox 1705 4765 1785 4844; x_wconf 83' lang='lat' dir='ltr'><strong>ejus,</strong></span> <span class='ocrx_word' id='word_1_711' title='bbox 1799 4765 1881 4846; x_wconf 81' lang='lat' dir='ltr'><strong>quod</strong></span> <span class='ocrx_word' id='word_1_712' title='bbox 1898 4781 1957 4827; x_wconf 89' lang='lat' dir='ltr'><strong>nos</strong></span> 
     </span>
     <span class='ocr_line' id='line_1_55' title="bbox 184 4848 1956 4931; baseline -0.003 -18"><span class='ocrx_word' id='word_1_713' title='bbox 184 4848 441 4929; x_wconf 75' lang='lat' dir='ltr'><strong>rmeipuila&#39;cote</strong></span> <span class='ocrx_word' id='word_1_714' title='bbox 462 4864 560 4928; x_wconf 80' lang='lat' dir='ltr'><strong>coepe</strong></span> <span class='ocrx_word' id='word_1_715' title='bbox 585 4850 770 4931; x_wconf 71' lang='lat' dir='ltr'><strong>brmhaimc</strong></span> <span class='ocrx_word' id='word_1_716' title='bbox 798 4855 888 4920; x_wconf 85' lang='lat' dir='ltr'><strong>obest</strong></span> <span class='ocrx_word' id='word_1_717' title='bbox 915 4877 938 4922; x_wconf 89' lang='lat' dir='ltr'><strong>a</strong></span> <span class='ocrx_word' id='word_1_718' title='bbox 959 4875 1048 4923; x_wconf 86' lang='lat' dir='ltr'><strong>occe.</strong></span> <span class='ocrx_word' id='word_1_719' title='bbox 1094 4860 1247 4921; x_wconf 85' lang='lat' dir='ltr'><strong>volumus.</strong></span> <span class='ocrx_word' id='word_1_720' title='bbox 1264 4854 1417 4918; x_wconf 91' lang='lat' dir='ltr'><strong>iiieenim</strong></span> <span class='ocrx_word' id='word_1_721' title='bbox 1433 4853 1518 4922; x_wconf 88' lang='lat' dir='ltr'><strong>dicit,</strong></span> <span class='ocrx_word' id='word_1_722' title='bbox 1544 4852 1590 4912; x_wconf 91' lang='lat' dir='ltr'><strong>sio</strong></span> <span class='ocrx_word' id='word_1_723' title='bbox 1619 4849 1727 4911; x_wconf 89' lang='lat' dir='ltr'><strong>mutari</strong></span> <span class='ocrx_word' id='word_1_724' title='bbox 1757 4866 1868 4930; x_wconf 89' lang='lat' dir='ltr'><strong>paoem</strong></span> <span class='ocrx_word' id='word_1_725' title='bbox 1899 4865 1956 4926; x_wconf 87' lang='lat' dir='ltr'><strong>per</strong></span> 
     </span>
     <span class='ocr_line' id='line_1_56' title="bbox 185 4930 1959 5010; baseline -0.002 -16"><span class='ocrx_word' id='word_1_726' title='bbox 185 4930 494 4996; x_wconf 85' lang='lat' dir='ltr'><strong>PraetereoPnulue</strong></span> <span class='ocrx_word' id='word_1_727' title='bbox 510 4933 601 5001; x_wconf 79' lang='grc' dir='ltr'><strong>ε1ε11.</strong></span> <span class='ocrx_word' id='word_1_728' title='bbox 626 4945 835 5002; x_wconf 78' lang='lat' dir='ltr'><strong>acmoauenlo</strong></span> <span class='ocrx_word' id='word_1_729' title='bbox 862 4944 976 5004; x_wconf 78' lang='lat' dir='ltr'><strong>oeteis</strong></span> <span class='ocrx_word' id='word_1_730' title='bbox 999 4942 1050 5006; x_wconf 78' lang='lat' dir='ltr'><strong>Te·</strong></span> <span class='ocrx_word' id='word_1_731' title='bbox 1097 4939 1372 5010; x_wconf 88' lang='lat' dir='ltr'><strong>consecrationem,</strong></span> <span class='ocrx_word' id='word_1_732' title='bbox 1403 4941 1435 4998; x_wconf 91' lang='lat' dir='ltr'><strong>et</strong></span> <span class='ocrx_word' id='word_1_733' title='bbox 1461 4949 1499 4996; x_wconf 81' lang='grc' dir='ltr'><strong>ει</strong></span> <span class='ocrx_word' id='word_1_734' title='bbox 1515 4933 1669 4996; x_wconf 88' lang='lat' dir='ltr'><strong>communi</strong></span> <span class='ocrx_word' id='word_1_735' title='bbox 1695 4932 1762 4995; x_wconf 85' lang='lat' dir='ltr'><strong>ilari</strong></span> <span class='ocrx_word' id='word_1_736' title='bbox 1789 4947 1910 4993; x_wconf 88' lang='lat' dir='ltr'><strong>sacrum</strong></span> <span class='ocrx_word' id='word_1_737' title='bbox 1924 4936 1959 4992; x_wconf 89' lang='lat' dir='ltr'><strong>et</strong></span> 
     </span>
     <span class='ocr_line' id='line_1_57' title="bbox 186 5015 1958 5104; baseline -0.001 -28"><span class='ocrx_word' id='word_1_738' title='bbox 186 5015 342 5079; x_wconf 75' lang='lat' dir='ltr'><strong>nomenti</strong></span> <span class='ocrx_word' id='word_1_739' title='bbox 376 5015 553 5076; x_wconf 77' lang='lat' dir='ltr'><strong>romanicae</strong></span> <span class='ocrx_word' id='word_1_740' title='bbox 589 5034 633 5080; x_wconf 78' lang='lat' dir='ltr'><strong>em</strong></span> <span class='ocrx_word' id='word_1_741' title='bbox 666 5020 818 5100; x_wconf 77' lang='lat' dir='ltr'><strong>symbolis</strong></span> <span class='ocrx_word' id='word_1_742' title='bbox 853 5029 884 5086; x_wconf 91' lang='lat' dir='ltr'><strong>ct</strong></span> <span class='ocrx_word' id='word_1_743' title='bbox 917 5041 1052 5104; x_wconf 74' lang='lat' dir='ltr'><strong>corpore</strong></span> <span class='ocrx_word' id='word_1_744' title='bbox 1094 5019 1493 5099; x_wconf 81' lang='lat' dir='ltr'><strong>coelestemquomodoper</strong></span> <span class='ocrx_word' id='word_1_745' title='bbox 1506 5017 1602 5092; x_wconf 89' lang='lat' dir='ltr'><strong>ipsam</strong></span> <span class='ocrx_word' id='word_1_746' title='bbox 1615 5015 1837 5078; x_wconf 76' lang='lat' dir='ltr'><strong>Eucharistiam</strong></span> <span class='ocrx_word' id='word_1_747' title='bbox 1849 5029 1958 5092; x_wconf 91' lang='lat' dir='ltr'><strong>corpo·</strong></span> 
     </span>
     <span class='ocr_line' id='line_1_58' title="bbox 188 5095 1956 5170; baseline -0.002 -11"><span class='ocrx_word' id='word_1_748' title='bbox 188 5095 563 5160; x_wconf 76' lang='lat' dir='ltr'><strong>Clarislismcuduccbnnt</strong></span> <span class='ocrx_word' id='word_1_749' title='bbox 576 5101 664 5162; x_wconf 87' lang='lat' dir='ltr'><strong>enim</strong></span> <span class='ocrx_word' id='word_1_750' title='bbox 677 5105 817 5168; x_wconf 80' lang='lat' dir='ltr'><strong>eundern</strong></span> <span class='ocrx_word' id='word_1_751' title='bbox 827 5122 934 5168; x_wconf 85' lang='lat' dir='ltr'><strong>escam</strong></span> <span class='ocrx_word' id='word_1_752' title='bbox 943 5107 1050 5170; x_wconf 69' lang='lat' dir='ltr'><strong>nobb·</strong></span> <span class='ocrx_word' id='word_1_753' title='bbox 1095 5123 1127 5169; x_wconf 89' lang='lat' dir='ltr'><strong>ra</strong></span> <span class='ocrx_word' id='word_1_754' title='bbox 1143 5111 1245 5168; x_wconf 88' lang='lat' dir='ltr'><strong>nostro</strong></span> <span class='ocrx_word' id='word_1_755' title='bbox 1261 5103 1338 5165; x_wconf 89' lang='lat' dir='ltr'><strong>nont</strong></span> <span class='ocrx_word' id='word_1_756' title='bbox 1350 5099 1530 5163; x_wconf 88' lang='lat' dir='ltr'><strong>immortalia</strong></span> <span class='ocrx_word' id='word_1_757' title='bbox 1543 5114 1580 5159; x_wconf 83' lang='lat' dir='ltr'><strong>ex</strong></span> <span class='ocrx_word' id='word_1_758' title='bbox 1595 5100 1787 5160; x_wconf 86' lang='lat' dir='ltr'><strong>mortalibus.</strong></span> <span class='ocrx_word' id='word_1_759' title='bbox 1803 5098 1836 5158; x_wconf 86' lang='lat' dir='ltr'><strong>tt</strong></span> <span class='ocrx_word' id='word_1_760' title='bbox 1851 5104 1956 5158; x_wconf 87' lang='lat' dir='ltr'><strong>uostra</strong></span> 
     </span>
     <span class='ocr_line' id='line_1_59' title="bbox 189 5177 1957 5268; baseline -0.001 -28"><span class='ocrx_word' id='word_1_761' title='bbox 189 5197 278 5249; x_wconf 79' lang='lat' dir='ltr'><strong>cum,</strong></span> <span class='ocrx_word' id='word_1_762' title='bbox 307 5180 337 5240; x_wconf 89' lang='lat' dir='ltr'><strong>i.</strong></span> <span class='ocrx_word' id='word_1_763' title='bbox 353 5177 493 5240; x_wconf 88' lang='lat' dir='ltr'><strong>Corintit.</strong></span> <span class='ocrx_word' id='word_1_764' title='bbox 511 5179 561 5240; x_wconf 89' lang='lat' dir='ltr'><strong>to.</strong></span> <span class='ocrx_word' id='word_1_765' title='bbox 577 5181 616 5244; x_wconf 85' lang='lat' dir='ltr'><strong>At</strong></span> <span class='ocrx_word' id='word_1_766' title='bbox 628 5200 749 5263; x_wconf 79' lang='lat' dir='ltr'><strong>corpus</strong></span> <span class='ocrx_word' id='word_1_767' title='bbox 768 5185 883 5253; x_wconf 82' lang='lat' dir='ltr'><strong>Christi</strong></span> <span class='ocrx_word' id='word_1_768' title='bbox 897 5197 964 5253; x_wconf 88' lang='lat' dir='ltr'><strong>tum</strong></span> <span class='ocrx_word' id='word_1_769' title='bbox 975 5207 1049 5268; x_wconf 81' lang='lat' dir='ltr'><strong>prti-</strong></span> <span class='ocrx_word' id='word_1_770' title='bbox 1095 5204 1223 5266; x_wconf 91' lang='lat' dir='ltr'><strong>corpora</strong></span> <span class='ocrx_word' id='word_1_771' title='bbox 1239 5203 1300 5248; x_wconf 94' lang='lat' dir='ltr'><strong>noo</strong></span> <span class='ocrx_word' id='word_1_772' title='bbox 1316 5181 1794 5250; x_wconf 87' lang='lat' dir='ltr'><strong>mutantursubstantialiter,sed</strong></span> <span class='ocrx_word' id='word_1_773' title='bbox 1812 5180 1957 5242; x_wconf 85' lang='lat' dir='ltr'><strong>reoiden-</strong></span> 
     </span>
     <span class='ocr_line' id='line_1_60' title="bbox 192 5261 1954 5346; baseline -0.001 -24"><span class='ocrx_word' id='word_1_774' title='bbox 192 5261 430 5332; x_wconf 64' lang='lat' dir='ltr'><strong>celeberrimi</strong></span> <span class='ocrx_word' id='word_1_775' title='bbox 443 5270 615 5328; x_wconf 81' lang='lat' dir='ltr'><strong>uenatum</strong></span> <span class='ocrx_word' id='word_1_776' title='bbox 627 5269 761 5346; x_wconf 86' lang='lat' dir='ltr'><strong>quidem</strong></span> <span class='ocrx_word' id='word_1_777' title='bbox 775 5277 865 5333; x_wconf 80' lang='lat' dir='ltr'><strong>esset.</strong></span> <span class='ocrx_word' id='word_1_778' title='bbox 1095 5272 1336 5342; x_wconf 82' lang='lat' dir='ltr'><strong>talitertaotom;</strong></span> <span class='ocrx_word' id='word_1_779' title='bbox 1353 5281 1427 5343; x_wconf 77' lang='lat' dir='ltr'><strong>ergo</strong></span> <span class='ocrx_word' id='word_1_780' title='bbox 1441 5262 1571 5342; x_wconf 84' lang='lat' dir='ltr'><strong>alponis</strong></span> <span class='ocrx_word' id='word_1_781' title='bbox 1586 5265 1640 5324; x_wconf 90' lang='lat' dir='ltr'><strong>itia</strong></span> <span class='ocrx_word' id='word_1_782' title='bbox 1655 5281 1717 5326; x_wconf 92' lang='lat' dir='ltr'><strong>nou</strong></span> <span class='ocrx_word' id='word_1_783' title='bbox 1739 5268 1873 5324; x_wconf 87' lang='lat' dir='ltr'><strong>motatur</strong></span> <span class='ocrx_word' id='word_1_784' title='bbox 1889 5262 1954 5322; x_wconf 88' lang='lat' dir='ltr'><strong>uisi</strong></span> 
     </span>
    </p>

    <p class='ocr_par' dir='ltr' id='par_1_5' title="bbox 187 5344 1957 5680">
     <span class='ocr_line' id='line_1_61' title="bbox 228 5344 1954 5434; baseline 0 -28"><span class='ocrx_word' id='word_1_785' title='bbox 228 5345 285 5406; x_wconf 90' lang='lat' dir='ltr'><strong>iiie</strong></span> <span class='ocrx_word' id='word_1_786' title='bbox 300 5359 372 5405; x_wconf 85' lang='lat' dir='ltr'><strong>roro</strong></span> <span class='ocrx_word' id='word_1_787' title='bbox 386 5345 489 5422; x_wconf 88' lang='lat' dir='ltr'><strong>prodit</strong></span> <span class='ocrx_word' id='word_1_788' title='bbox 501 5361 588 5409; x_wconf 89' lang='lat' dir='ltr'><strong>suam</strong></span> <span class='ocrx_word' id='word_1_789' title='bbox 602 5351 784 5426; x_wconf 88' lang='lat' dir='ltr'><strong>imperitiam</strong></span> <span class='ocrx_word' id='word_1_790' title='bbox 800 5353 907 5416; x_wconf 83' lang='lat' dir='ltr'><strong>Petrus</strong></span> <span class='ocrx_word' id='word_1_791' title='bbox 922 5362 1046 5434; x_wconf 81' lang='lat' dir='ltr'><strong>martyr.</strong></span> <span class='ocrx_word' id='word_1_792' title='bbox 1091 5352 1332 5428; x_wconf 69' lang='lat' dir='ltr'><strong>accidentalium</strong></span> <span class='ocrx_word' id='word_1_793' title='bbox 1345 5350 1415 5428; x_wconf 80' lang='lat' dir='ltr'><strong>qnia</strong></span> <span class='ocrx_word' id='word_1_794' title='bbox 1437 5347 1579 5408; x_wconf 89' lang='lat' dir='ltr'><strong>nimirum</strong></span> <span class='ocrx_word' id='word_1_795' title='bbox 1593 5345 1628 5407; x_wconf 88' lang='lat' dir='ltr'><strong>tit</strong></span> <span class='ocrx_word' id='word_1_796' title='bbox 1644 5353 1867 5408; x_wconf 86' lang='lat' dir='ltr'><strong>sacramentum</strong></span> <span class='ocrx_word' id='word_1_797' title='bbox 1881 5344 1954 5408; x_wconf 92' lang='lat' dir='ltr'><strong>reii-</strong></span> 
     </span>
     <span class='ocr_line' id='line_1_62' title="bbox 187 5426 1890 5518; baseline 0.001 -30"><span class='ocrx_word' id='word_1_798' title='bbox 187 5427 264 5502; x_wconf 82' lang='lat' dir='ltr'><strong>Quis</strong></span> <span class='ocrx_word' id='word_1_799' title='bbox 279 5426 361 5489; x_wconf 89' lang='lat' dir='ltr'><strong>euim</strong></span> <span class='ocrx_word' id='word_1_800' title='bbox 378 5443 513 5503; x_wconf 81' lang='lat' dir='ltr'><strong>nuquam</strong></span> <span class='ocrx_word' id='word_1_801' title='bbox 529 5429 614 5506; x_wconf 88' lang='lat' dir='ltr'><strong>dixit,</strong></span> <span class='ocrx_word' id='word_1_802' title='bbox 638 5447 813 5498; x_wconf 87' lang='lat' dir='ltr'><strong>sermonem</strong></span> <span class='ocrx_word' id='word_1_803' title='bbox 843 5443 984 5500; x_wconf 85' lang='lat' dir='ltr'><strong>constare</strong></span> <span class='ocrx_word' id='word_1_804' title='bbox 1008 5455 1047 5500; x_wconf 83' lang='lat' dir='ltr'><strong>ex</strong></span> <span class='ocrx_word' id='word_1_805' title='bbox 1094 5435 1205 5518; x_wconf 74' lang='lat' dir='ltr'><strong>giunta.</strong></span> <span class='ocrx_word' id='word_1_806' title='bbox 1219 5447 1289 5497; x_wconf 90' lang='lat' dir='ltr'><strong>oum</strong></span> <span class='ocrx_word' id='word_1_807' title='bbox 1305 5438 1393 5495; x_wconf 88' lang='lat' dir='ltr'><strong>antea</strong></span> <span class='ocrx_word' id='word_1_808' title='bbox 1405 5430 1494 5491; x_wconf 89' lang='lat' dir='ltr'><strong>cibus</strong></span> <span class='ocrx_word' id='word_1_809' title='bbox 1507 5434 1592 5490; x_wconf 89' lang='lat' dir='ltr'><strong>esset</strong></span> <span class='ocrx_word' id='word_1_810' title='bbox 1606 5435 1722 5489; x_wconf 90' lang='lat' dir='ltr'><strong>tantum</strong></span> <span class='ocrx_word' id='word_1_811' title='bbox 1744 5427 1890 5504; x_wconf 71' lang='lat' dir='ltr'><strong>sulpuris.</strong></span> 
     </span>
     <span class='ocr_line' id='line_1_63' title="bbox 187 5507 1955 5598; baseline 0.002 -31"><span class='ocrx_word' id='word_1_812' title='bbox 187 5526 263 5572; x_wconf 89' lang='lat' dir='ltr'><strong>roco</strong></span> <span class='ocrx_word' id='word_1_813' title='bbox 291 5515 322 5575; x_wconf 87' lang='lat' dir='ltr'><strong>el</strong></span> <span class='ocrx_word' id='word_1_814' title='bbox 336 5525 370 5570; x_wconf 92' lang='lat' dir='ltr'><strong>re</strong></span> <span class='ocrx_word' id='word_1_815' title='bbox 386 5507 577 5587; x_wconf 77' lang='lat' dir='ltr'><strong>siguiiioalal</strong></span> <span class='ocrx_word' id='word_1_816' title='bbox 591 5529 695 5577; x_wconf 89' lang='lat' dir='ltr'><strong>nonno</strong></span> <span class='ocrx_word' id='word_1_817' title='bbox 708 5517 834 5581; x_wconf 84' lang='lat' dir='ltr'><strong>relative</strong></span> <span class='ocrx_word' id='word_1_818' title='bbox 850 5527 1048 5598; x_wconf 82' lang='lat' dir='ltr'><strong>opponuntur</strong></span> <span class='ocrx_word' id='word_1_819' title='bbox 1134 5518 1318 5594; x_wconf 86' lang='lat' dir='ltr'><strong>iiespoudeo</strong></span> <span class='ocrx_word' id='word_1_820' title='bbox 1331 5513 1507 5593; x_wconf 82' lang='lat' dir='ltr'><strong>dupliciter.</strong></span> <span class='ocrx_word' id='word_1_821' title='bbox 1523 5511 1636 5576; x_wconf 86' lang='lat' dir='ltr'><strong>Primo.</strong></span> <span class='ocrx_word' id='word_1_822' title='bbox 1666 5526 1746 5590; x_wconf 79' lang='lat' dir='ltr'><strong>uano</strong></span> <span class='ocrx_word' id='word_1_823' title='bbox 1774 5511 1955 5572; x_wconf 75' lang='lat' dir='ltr'><strong>adferuntur</strong></span> 
     </span>
     <span class='ocr_line' id='line_1_64' title="bbox 189 5591 1957 5680; baseline -0.002 -24"><span class='ocrx_word' id='word_1_824' title='bbox 189 5594 312 5672; x_wconf 77' lang='lat' dir='ltr'><strong>signum</strong></span> <span class='ocrx_word' id='word_1_825' title='bbox 342 5598 374 5654; x_wconf 90' lang='lat' dir='ltr'><strong>et</strong></span> <span class='ocrx_word' id='word_1_826' title='bbox 388 5606 439 5654; x_wconf 89' lang='lat' dir='ltr'><strong>res</strong></span> <span class='ocrx_word' id='word_1_827' title='bbox 452 5591 639 5672; x_wconf 70' lang='lat' dir='ltr'><strong>significata?</strong></span> <span class='ocrx_word' id='word_1_828' title='bbox 652 5601 807 5676; x_wconf 82' lang='lat' dir='ltr'><strong>quomodo</strong></span> <span class='ocrx_word' id='word_1_829' title='bbox 827 5601 920 5678; x_wconf 75' lang='lat' dir='ltr'><strong>igitur</strong></span> <span class='ocrx_word' id='word_1_830' title='bbox 949 5609 1050 5680; x_wconf 84' lang='lat' dir='ltr'><strong>potest</strong></span> <span class='ocrx_word' id='word_1_831' title='bbox 1094 5600 1260 5674; x_wconf 88' lang='lat' dir='ltr'><strong>utsitniiio,</strong></span> <span class='ocrx_word' id='word_1_832' title='bbox 1277 5598 1394 5663; x_wconf 89' lang='lat' dir='ltr'><strong>debere</strong></span> <span class='ocrx_word' id='word_1_833' title='bbox 1408 5610 1479 5656; x_wconf 85' lang='lat' dir='ltr'><strong>esse</strong></span> <span class='ocrx_word' id='word_1_834' title='bbox 1494 5592 1603 5658; x_wconf 86' lang='lat' dir='ltr'><strong>simiiie</strong></span> <span class='ocrx_word' id='word_1_835' title='bbox 1619 5595 1651 5655; x_wconf 91' lang='lat' dir='ltr'><strong>iu</strong></span> <span class='ocrx_word' id='word_1_836' title='bbox 1673 5611 1719 5660; x_wconf 88' lang='lat' dir='ltr'><strong>re.</strong></span> <span class='ocrx_word' id='word_1_837' title='bbox 1749 5593 1789 5656; x_wconf 91' lang='lat' dir='ltr'><strong>de</strong></span> <span class='ocrx_word' id='word_1_838' title='bbox 1814 5611 1874 5673; x_wconf 83' lang='lat' dir='ltr'><strong>qna</strong></span> <span class='ocrx_word' id='word_1_839' title='bbox 1890 5593 1957 5654; x_wconf 87' lang='lat' dir='ltr'><strong>dis·</strong></span> 
     </span>
    </p>
   </div>
   <div class='ocr_carea' id='block_1_3' title="bbox 187 5674 1953 5766">
    <p class='ocr_par' dir='ltr' id='par_1_6' title="bbox 187 5674 1953 5766">
     <span class='ocr_line' id='line_1_65' title="bbox 187 5674 1953 5766; baseline 0.001 -29"><span class='ocrx_word' id='word_1_840' title='bbox 187 5674 305 5756; x_wconf 84' lang='lat' dir='ltr'><strong>aliquid</strong></span> <span class='ocrx_word' id='word_1_841' title='bbox 323 5675 1048 5763; x_wconf 73' lang='lat' dir='ltr'><strong>erepposibsconstarelielelliteumtortasse,</strong></span> <span class='ocrx_word' id='word_1_842' title='bbox 1095 5689 1306 5766; x_wconf 75' lang='lat' dir='ltr'><strong>catalaunen</strong></span> <span class='ocrx_word' id='word_1_843' title='bbox 1321 5685 1423 5746; x_wconf 84' lang='lat' dir='ltr'><strong>autern</strong></span> <span class='ocrx_word' id='word_1_844' title='bbox 1449 5677 1479 5739; x_wconf 92' lang='lat' dir='ltr'><strong>in</strong></span> <span class='ocrx_word' id='word_1_845' title='bbox 1508 5676 1664 5741; x_wconf 86' lang='lat' dir='ltr'><strong>omnibus.</strong></span> <span class='ocrx_word' id='word_1_846' title='bbox 1694 5676 1823 5740; x_wconf 80' lang='lat' dir='ltr'><strong>Volebat</strong></span> <span class='ocrx_word' id='word_1_847' title='bbox 1850 5683 1953 5739; x_wconf 88' lang='lat' dir='ltr'><strong>autern</strong></span> 
     </span>
    </p>
   </div>
   <div class='ocr_carea' id='block_1_4' title="bbox 0 0 2065 6275">
    <p class='ocr_par' dir='ltr' id='par_1_7' title="bbox 0 0 2065 6275">
     <span class='ocr_line' id='line_1_66' title="bbox 0 0 2065 6275; baseline 0 0"><span class='ocrx_word' id='word_1_848' title='bbox 0 0 2065 6275; x_wconf 95' lang='lat' dir='ltr'><strong> </strong></span> 
     </span>
    </p>
   </div>
  </div>
 </body>
</html>
