4084 6275
210 307 264 364 666
857 267 860 272 ’
1012 303 1116 366 66666

214 437 396 519 apiostolus,
432 437 500 502 sine
529 445 721 501 sacramento
752 435 942 501 eentlrmavil
970 437 1045 501 aas.
1134 437 1278 511 66666666,
1294 449 1356 499 666
1371 435 1640 511 deseriteoelom,
1664 451 1774 517 neque
1800 435 1968 500 descende

169 523 312 585 66666666
333 519 465 582 66661666
479 520 677 598 paralyticum
690 526 721 583 et
742 519 961 600 peccatricem,¹
976 520 1045 583 666·
1134 526 1219 582 motu
1233 519 1324 583 locali
1339 517 1412 580 285.
1429 515 1502 582 286.

217 622 277 682 que
308 602 506 664 confessione
522 617 648 663 6666666
665 607 875 682 peecatorum
893 602 987 680 idque
1002 602 1045 665 ie·
1090 600 1231 665 Christus
1247 603 1328 664 varie
1343 601 1527 678 apparuitin
1545 600 1636 663 terris
1656 600 1720 662 368
1742 607 1868 678 etseq.

217 689 257 747 666
276 701 336 747 666
350 683 444 745 66666
460 685 686 761 sacramentali,
700 685 755 748 sed
768 684 889 765 propria
919 701 956 748 ac
981 685 1044 748 sin·
1089 683 1229 746 66666666
1246 699 1307 745 666
1323 683 1421 744 semel
1435 683 1620 744 invisibilem
1635 699 1671 746 66
1686 682 1762 744 66666
1776 683 1860 744 336.
1879 683 1951 744 366.

217 767 313 846 gulari
330 781 384 828 saa
403 771 552 842 potestate
568 764 642 826 666.
1088 764 1230 828 cbristus
1246 765 1404 826 terebatur
1416 764 1559 827 manibus
1574 765 1653 834 6666,
1684 780 1748 825 666
1782 767 1817 825 66
1846 771 1968 844 propria

179 848 320 911 66666666
337 847 478 925 propriae
493 846 577 909 vocis
591 847 761 910 ministerio
777 848 919 911 homines
931 847 1043 928 justiti·
1129 850 1247 927 specie,
1270 847 1326 908 sed
1342 845 1372 908 in
1396 848 1497 908 aliena
1511 846 1583 908 329.
1599 846 1674 908 336.
1689 846 1767 911 399.
1785 847 1872 908 662.

217 931 303 992 66666
319 930 438 1006 absque
454 929 652 990 6666666666
683 931 906 1008 poenitentium
921 975 930 1004 ,
948 932 1043 1006 idque
1088 928 1229 993 Cbristus
1245 929 1276 989 66
1292 928 1441 990 66666666
1449 928 1487 989 666
1503 930 1651 1004 existens,
1669 937 1757 993 66666
1781 931 1852 991 6666
1870 935 1969 1006 potest

216 1019 285 1074 ante
301 1011 523 1084 institutionem
539 1013 722 1073 sacramenti
739 1010 951 1075 confessionis
967 1011 1040 1074 662.
1128 1011 1184 1073 666
1201 1011 1357 1084 detumet
1371 1010 1486 1072 donum
1502 1009 1574 1070 562.

221 1107 325 1171 neque
340 1092 580 1154 satisfactionem
597 1093 751 1172 exigebat,
766 1095 820 1156 sed
837 1109 962 1156 omrrem
977 1096 1042 1157 cut·
1088 1092 1228 1156 Cbristes
1244 1093 1334 1154 aliter
1354 1097 1401 1152 est
1417 1091 1446 1153 in
1463 1090 1665 1164 6666666666,
1688 1099 1719 1154 66
1735 1093 1834 1154 aliter
1859 1091 1970 1153 666166

221 1193 258 1256 ps
278 1181 341 1236 mel
356 1190 485 1253 poenam
503 1174 676 1239 remittebat
692 1175 762 1238 633.
780 1175 852 1239 636.
869 1176 940 1238 666.
1131 1174 1236 1250 66666,
1251 1173 1420 1235 6666666.
1436 1173 1514 1235 6666
1529 1190 1557 1235 v.
1574 1174 1783 1236 66666666666.

173 1257 313 1326 Christos
328 1273 383 1336 per
398 1272 460 1318 666
475 1256 652 1319 6666666666
668 1264 787 1336 poterat
800 1257 926 1338 quidem
940 1271 1041 1320 saera·
1089 1257 1230 1320 cbristus
1246 1256 1276 1317 in
1290 1271 1396 1317 mensa
1409 1255 1494 1317 dedit
1509 1271 1619 1332 panem
1636 1257 1800 1318 edendum
1816 1301 1825 1318 .
1844 1263 1881 1317 66
1897 1258 1970 1316 6666-

213 1345 315 1402 menla
329 1337 481 1416 conterre;
505 1343 608 1400 tamen
631 1355 691 1401 non
718 1345 765 1402 est
787 1340 948 1418 probabile
970 1355 1052 1401 eum
1132 1339 1214 1400 tibus
1231 1338 1379 1410 6666666,
1397 1353 1511 1416 corpus
1532 1337 1759 1400 vulnerandum
1776 1337 1862 1399 368.

214 1423 275 1484 666
290 1421 414 1494 iecisse,
432 1435 491 1482 nec
516 1419 649 1498 tegimus
663 1420 694 1483 id
710 1437 844 1500 unquam
875 1422 987 1484 iactum
1009 1420 1041 1483 in
1088 1417 1229 1483 cbristus
1240 1421 1389 1481 Dominus
1403 1435 1442 1481 err
1456 1420 1612 1481 communi
1628 1421 1788 1482 sententia
1818 1419 1970 1482 Euchari-

214 1503 414 1567 saeramenlis
426 1502 523 1581 magis
538 1505 724 1566 necessariis
740 1503 810 1566 656.
835 1503 905 1564 632.
1130 1502 1218 1564 stiam
1232 1501 1436 1575 manducavit,
1453 1502 1525 1564 iicet
1537 1516 1599 1562 non
1614 1504 1814 1579 exprimatur
1828 1501 1865 1561 in
1883 1517 1968 1561 6666

173 1585 315 1647 Christos
342 1585 473 1647 instituit
500 1584 593 1648 vorba
622 1590 886 1648 sacramentorum
914 1584 965 1647 66.
989 1584 1040 1647 53.
1127 1583 1208 1662 gello
1222 1582 1294 1645 632.
1308 1582 1368 1644 625
1383 1588 1492 1662 etseq.
1514 1581 1592 1646 llide
1612 1591 1789 1661 praeterea,
1820 1598 1909 1662 quae
1929 1585 1968 1645 di·

216 1666 267 1729 68.
284 1667 335 1728 69.
787 1683 788 1688 ’
1132 1671 1244 1727 curatur
1259 1666 1290 1726 in
1307 1665 1401 1728 verbo
1417 1665 1616 1742 sacrificium,
1639 1665 1693 1727 666
1715 1668 1758 1728 66
1774 1667 1967 1728 necessitate

176 1749 316 1810 cluistas
333 1752 365 1810 ut
380 1749 474 1809 borno
492 1753 539 1810 est
553 1763 660 1811 caussa
683 1748 927 1812 instrumentalis
947 1748 978 1810 66
994 1764 1043 1810 sa·
1132 1747 1380 1825 consumptionis
1394 1745 1549 1808 sacrificii.

150 1853 152 1858 ·
216 1830 392 1902 oramentis,
407 1829 461 1891 sed
479 1830 674 1892 instrumenti
692 1831 846 1910 conjuncti
862 1830 914 1892 63.
1087 1827 1228 1893 cbristus
1243 1830 1359 1900 docuit,
1377 1835 1407 1890 et
1422 1828 1564 1905 exempto
1586 1845 1645 1890 suo
1667 1829 1874 1900 coadunavit
1889 1847 1963 1890 enm·

172 1912 316 1976 Christus
329 1911 515 1990 baptismum
529 1912 670 1986 instituit,
693 1915 817 1993 quando
841 1913 908 1992 ipse
929 1911 960 1973 66
976 1910 1042 1973 lor·
1129 1913 1308 1975 munionem
1326 1911 1385 1974 sub
1402 1927 1462 1972 666
1477 1911 1595 1989 speeie,
1612 1909 1762 1974 66666666
1777 1912 1960 1974 adsalutem

216 1996 296 2057 dane
312 2010 329 2056 6
343 1993 462 2056 Joanne
479 1994 648 2073 baptizalus
670 2002 729 2063 666,
755 2001 786 2057 66
814 2001 888 2057 6666
910 1993 995 2056 66666
1010 2011 1040 2055 6·
1128 1995 1200 2055 669.

217 2077 287 2154 quis
300 2076 358 2137 vim
375 2075 587 2137 sanctificandi
605 2073 675 2139 638.
694 2075 764 2139 663.
783 2076 853 2138 666.
879 2074 949 2137 698.
969 2073 1040 2137 699.
1089 2075 1230 2139 66666666
1245 2090 1362 2152 66666,
1379 2079 1409 2136 66
1425 2073 1549 2153 proprie
1576 2081 1624 2135 est
1645 2075 1834 2137 adorandus
1865 2076 1899 2136 iu
1915 2076 1960 2136 66·

216 2156 292 2219 6666
309 2174 401 2237 supra
415 2173 444 2220 v.
459 2157 644 2238 Baptismus,
661 2158 715 2221 ubi
740 2159 780 2221 66
810 2160 995 2222 66666666666
1011 2163 1043 2219 66
1142 2157 1286 2220 666666666
1301 2155 1683 2219 66666666661666666666.

217 2239 422 2301 666666666666.
706 2301 707 2304 ,
1087 2238 1226 2301 Christus
1239 2239 1355 2318 ubique
1366 2237 1484 2300 adorari
1500 2245 1601 2314 polest
1611 2246 1643 2300 66
1656 2239 1756 2301 66666
1770 2245 1808 2300 66
1822 2251 1961 2301 6666666

177 2321 317 2382 66666666
333 2338 387 2381 666
408 2320 553 2398 baptizari
579 2320 710 2384 voluerit
731 2317 887 2399 Baptismo
915 2318 1043 2383 6666666
1127 2320 1172 2382 6666
1188 2321 1325 2384 66666666
1340 2326 1373 2383 66
1385 2321 1467 2382 6666
1478 2324 1538 2397 666
1554 2321 1697 2383 similiter
1718 2323 1753 2383 in
1770 2325 1924 2401 praesepi
1937 2334 1961 2384 66

214 2403 266 2464 99.
291 2402 627 2466 vualdelberto.
657 2403 730 2467 206.
760 2404 833 2465 262.
857 2402 932 2465 vide
962 2419 1042 2483 quae
1130 2403 1202 2464 dum
1217 2403 1404 2475 ambulabat,
1418 2402 1601 2464 adorabatur
1611 2401 1694 2464 ibid.

214 2485 348 2546 diximus
364 2483 394 2545 66
419 2501 446 2545 6.
463 2483 650 2562 Baptismus,
669 2487 720 2547 666
748 2486 786 2548 66
799 2485 971 2548 6666666666
988 2487 1041 2546 lla·
1088 2481 1229 2547 66666666
1245 2484 1413 2546 ambulavit
1427 2499 1524 2561 super
1536 2500 1632 2562 aquas
1647 2484 1720 2546 358.
1738 2487 1789 2547 cd
1805 2485 1887 2548 366.

218 2567 321 2645 ptismi
339 2565 450 2629 Cbrisli
480 2574 510 2629 66
523 2565 666 2629 loannis.
683 2567 757 2631 Vide
770 2569 860 2631 etiam
877 2567 930 2630 obi
945 2568 984 2629 de
1001 2567 1043 2630 66·
1088 2563 1229 2629 cbristus
1246 2566 1326 2628 misit
1342 2567 1510 2642 apostolos,
1534 2571 1568 2627 ul
1583 2567 1651 2644 ipse
1680 2585 1696 2628 a
1725 2566 1825 2631 Patre
1852 2569 1961 2630 missus

216 2649 350 2711 6666666
365 2649 523 2726 66666666.
1128 2647 1225 2711 luerat
1241 2647 1313 2711 669.

173 2729 314 2792 Christus
329 2729 499 2808 baptizalus
514 2736 561 2792 est
576 2747 655 2793 6666
672 2731 723 2794 36.
741 2731 849 2794 6666666
861 2747 935 2792 6666
949 2731 1019 2794 666.
1088 2729 1228 2793 Christus
1244 2729 1373 2793 instituit
1387 2729 1507 2807 aliquas
1522 2732 1738 2792 caeremonias
1757 2729 1836 2793 669.

175 2811 315 2875 cbristus
328 2815 426 2889 primo
442 2813 631 2891 Baptismom
647 2813 895 2891 aceepil,detnde
910 2814 1043 2876 descen·
1088 2812 1228 2875 cbristus
1244 2811 1387 2874 instruxit
1399 2827 1456 2872 nos
1471 2811 1510 2873 66
1534 2827 1607 2873 vero
1632 2812 1688 2874 666
1704 2814 1793 2876 66666
1820 2816 1856 2874 66
1873 2831 1960 2892 genr-

216 2895 260 2956 dil
278 2896 308 2955 in
325 2911 396 2956 eom
412 2894 567 2969 columba,
582 2896 671 2956 tertio
694 2894 816 2974 excepit
830 2911 900 2958 eum
916 2896 1042 2959 tentatio
1126 2895 1180 2955 rati
1196 2893 1265 2955 663.

216 2975 289 3038 268.
1087 2975 1229 3038 Christos
1246 2991 1307 3037 non
1322 2979 1528 3037 consueverat
1541 2975 1654 3054 gratias
1669 2991 1778 3054 agore,
1807 2977 1873 3038 nisi
1898 2995 1962 3038 eom

175 3057 316 3120 Christus
329 3056 491 3136 baptizavit
503 3055 711 3119 beatissimam
727 3058 897 3138 Virginem,
912 3064 942 3120 el
957 3059 1044 3121 666·
1128 3059 1252 3138 aliquod
1267 3073 1411 3138 magnum
1427 3062 1457 3118 66
1472 3057 1612 3119 66666666
1637 3059 1777 3120 66666666
1807 3065 1882 3120 6666
1896 3061 1962 3120 266.

214 3146 306 3215 trum,
323 3156 360 3201 66
377 3141 466 3202 eliam
478 3140 677 3218 baptizaverit
689 3142 808 3220 aliquos
824 3141 957 3204 infantes
970 3142 1041 3204 663.
1130 3146 1161 3202 66
1172 3142 1202 3201 66
1219 3141 1334 3219 quibus
1351 3140 1524 3203 actionibus
1540 3142 1679 3220 legamus
1708 3142 1820 3219 ipsum
1853 3146 1964 3219 gratias

175 3221 316 3285 Christus
337 3238 399 3284 non
415 3222 588 3299 baptizabat
602 3222 758 3286 ordinarie
781 3239 836 3302 per
850 3240 897 3299 so,
914 3225 970 3287 sed
987 3240 1043 3303 por
1130 3223 1234 3302 egisse
1255 3221 1339 3285 ibid.

176 3334 181 3341 ·
216 3304 388 3382 discipulos
403 3304 455 3366 29.
473 3303 524 3365 66.
537 3302 589 3365 99.
607 3304 678 3367 663.
694 3305 764 3368 666.
780 3304 854 3366 266.
1090 3303 1230 3367 Christus
1246 3320 1308 3365 non
1325 3309 1528 3369 consueverat
1541 3304 1730 3366 benedicere
1748 3320 1803 3367 res
1833 3309 1965 3367 insensi-

177 3385 316 3447 Clrrislus
332 3391 362 3447 el
377 3384 516 3447 Ecclesia
533 3402 658 3465 semper
684 3386 764 3449 illios
787 3388 966 3465 spirituales
989 3404 1044 3465 per
1130 3386 1222 3462 bites,
1236 3385 1294 3447 nisi
1311 3403 1380 3449 com
1396 3389 1428 3450 in
1444 3387 1491 3449 eis
1505 3386 1620 3465 aliquid
1644 3386 1790 3449 mirabile
1821 3398 1965 3466 operato·

215 3465 404 3545 Baptismum
420 3467 564 3547 gignant,
577 3468 864 3546 perEuebaristiam
892 3470 1041 3545 66666666,
1131 3484 1184 3530 666
1200 3474 1285 3529 66666
1307 3469 1378 3532 266.

216 3546 594 3691 61686266666666666666666
616 3550 763 3613 66666666
785 3550 856 3613 663.
880 3550 951 3613 666.
969 3550 1041 3614 686.
1089 3549 1167 3693 166166
1184 3566 1350 3695 6616666666
1377 3548 1535 3614 benedixit
1558 3566 1680 3629 nquam,
1711 3566 1834 3629 panem
1866 3559 1960 3613 66666

281 3677 287 3691 .
1106 3663 1109 3673 ·
1155 3648 1214 3693 666
1239 3632 1386 3700 6666666.

175 3710 314 3775 66666666
328 3729 385 3792 per
407 3729 481 3775 suos
497 3714 655 3775 ministros
671 3715 882 3786 concionator,
896 3714 1041 3791 baptizat,
1091 3713 1232 3776 Cbristos
1248 3730 1317 3775 rum
1334 3714 1451 3792 aliquid
1468 3712 1608 3775 mirabile
1629 3712 1777 3781 iaciebat.
1801 3730 1871 3777 non
1887 3733 1959 3777 sem

216 3788 357 3857 absolvit.
383 3795 468 3874 ligat,
485 3795 670 3858 saerilieiom
688 3795 788 3870 66666,
805 3804 835 3858 66
848 3812 976 3859 caussas
992 3812 1043 3860 co·
1133 3812 1188 3873 per
1204 3795 1315 3858 eodem
1329 3798 1421 3859 modo
1436 3796 1621 3874 loquebatur
1635 3794 1710 3857 686.

216 3876 338 3953 gnoscil
353 3878 458 3954 leprae
474 3877 642 3956 spiritualis
657 3876 730 3940 696.
761 3878 838 3941 6666
865 3894 943 3957 qnae
966 3878 1042 3941 dixi·
1090 3875 1231 3940 cbristus
1243 3878 1562 3941 66666666666666666
1574 3876 1604 3937 66
1621 3879 1743 3940 eoelum
1764 3879 1957 3941 6661666666

218 3974 287 4019 mus
303 3959 342 4021 de
358 3958 496 4021 ministro
510 3960 669 4038 baptismi.
1133 3959 1212 4021 Patri
1227 3961 1341 4038 gratias
1357 3965 1466 4039 ageret
1479 3958 1552 4021 629.
1570 3958 1641 4020 636.
1658 3959 1732 4021 622.
1750 3966 1785 4022 66
1797 3976 1873 4041 seq.

176 4038 315 4101 Cbrislus
330 4040 444 4119 liguros
460 4041 597 4117 implevit
612 4041 684 4104 362.
1089 4038 1228 4102 cbristus
1243 4042 1299 4104 tait
1321 4044 1472 4105 mediator
1496 4055 1553 4119 per
1578 4042 1703 4104 modum
1732 4043 1959 4123 redemptioni<

175 4118 317 4183 Cirristos
334 4138 394 4183 non
411 4124 507 4184 semet
526 4122 580 4183 6666
595 4124 765 4203 antitppon,
782 4124 875 4197 idest,
899 4128 991 4203 typus
1013 4128 1044 4188 et
1129 4122 1202 4184 629.
1215 4122 1288 4186 636.

217 4201 311 4280 ligura
328 4205 375 4265 sui
393 4204 492 4283 ipsius
505 4202 577 4265 363.
596 4202 666 4267 366.
684 4205 755 4267 368.
770 4205 827 4268 336
847 4206 892 4267 66
913 4206 987 4269 333.
1089 4202 1229 4266 cbristus
1244 4212 1292 4267 est
1307 4204 1487 4286 propitiator
1500 4220 1553 4283 pro
1569 4205 1845 4283 peccatisnostris
1859 4208 1928 4270 663.

176 4282 314 4346 cbristus
331 4287 422 4348 bomo
438 4286 562 4348 66666666
583 4287 614 4347 66
631 4289 731 4349 coelo:
747 4294 848 4349 tamen
867 4293 948 4348 extra
972 4304 1042 4350 ene·
1089 4285 1229 4350 66666666
1245 4289 1384 4366 repletus
1400 4286 1457 4349 tuit
1471 4287 1581 4364 spiritu
1597 4287 1716 4347 timoris
1733 4289 1881 4366 bomini3
1904 4308 1958 4349 666

217 4366 278 4426 lum
303 4366 392 4429 etiam
410 4383 480 4429 esse
498 4374 619 4447 potest,
647 4370 700 4431 ubi
726 4369 794 4448 ipse
817 4370 948 4433 voluerit
968 4369 1042 4432 282.
1128 4368 1301 4431 seeundum
1316 4384 1427 4431 omnes
1455 4370 1580 4449 species
1609 4369 1740 4440 timoris,
1773 4373 1837 4432 sed
1867 4372 1960 4433 solum

218 4447 289 4509 283.
1130 4453 1303 4513 secundum
1319 4450 1445 4529 species
1460 4451 1578 4512 limeris
1591 4449 1695 4512 titialts
1710 4451 1787 4513 669.

176 4528 315 4591 cbristus
327 4531 500 4593 secondom
512 4533 692 4610 praesertim
708 4533 820 4605 666666,
836 4549 896 4595 666
914 4532 1042 4612 ubique,
1092 4531 1232 4595 66666666
1246 4534 1350 4595 666666
1365 4532 1433 4595 6666
1449 4531 1544 4594 666666
1557 4533 1731 4595 secandam
1746 4535 1902 4597 ordinem
1925 4536 1963 4594 di·

218 4626 275 4672 nec
291 4627 415 4691 semper
432 4613 521 4675 nobis
536 4614 636 4690 adesl;
659 4616 831 4677 seeundum
855 4614 1042 4679 divinitatem
1136 4614 1225 4676 vinae
1239 4615 1449 4693 providentiae
1463 4614 1536 4676 532.

219 4700 332 4766 autem,
351 4695 467 4774 ubique
489 4702 518 4756 el
533 4711 657 4774 semper
673 4696 744 4759 336.
1089 4694 1230 4758 Christus
1246 4712 1306 4759 nen
1322 4696 1449 4758 omnino
1464 4696 1589 4760 sustulit
1603 4711 1639 4758 66
1651 4714 1731 4772 quac
1747 4697 1841 4760 Deus
1857 4700 1892 4759 in
1922 4716 1966 4759 re·

179 4772 320 4837 Cirrislos
335 4778 506 4838 secondum
520 4784 657 4838 naturam
673 4777 837 4840 humanam
861 4778 1048 4840 6666666666
1133 4778 1189 4839 teri
1203 4780 1474 4856 legeirrslituernl,
1497 4794 1557 4839 nec
1585 4780 1757 4840 6666666666
1789 4789 1864 4842 6666
1896 4782 1967 4841 Patri

221 4858 342 4917 coelun
358 4859 431 4920 266.
451 4860 556 4938 ibique
585 4859 710 4923 assidue
728 4860 904 4937 interpellat
920 4875 974 4939 pro
991 4876 1044 4921 uo·
1085 4929 1089 4936 ‚
1132 4875 1202 4934 suo,
1219 4860 1339 4922 autsibi
1357 4860 1430 4939 ipsi,
1447 4860 1502 4922 sed
1518 4870 1570 4921 aut
1599 4860 1739 4937 perierit,
1763 4870 1821 4922 aul
1845 4872 1967 4922 mutarn

218 4938 266 4999 bis
278 4939 349 5001 632.
1132 4941 1163 5002 66
1180 4942 1353 5016 meliorant
1365 4947 1447 5019 patet
1461 4943 1491 5003 in
1509 4942 1736 5020 praenominet
1746 4948 1968 5007 sacramentis.

178 5018 320 5083 66666666
335 5024 365 5082 66
383 5024 471 5084 eoelo
486 5028 568 5085 lotus
581 5022 684 5085 existit
705 5038 774 5086 eum
788 5023 999 5103 magnitudine
1015 5030 1046 5084 et
1138 5022 1214 5087 lide
1227 5025 1317 5085 etiam
1335 5023 1403 5085 665.

179 5126 182 5177 ς
221 5103 365 5165 omnibus
379 5104 604 5175 accidentibus,
622 5111 749 5183 excepta
763 5107 912 5168 relatione
929 5106 965 5165 66
979 5120 1049 5183 spe·
1096 5103 1235 5167 66666666
1250 5105 1419 5167 immutavit
1433 5104 1565 5183 plurima
1591 5104 1647 5166 Dei
1674 5114 1865 5185 praecepta,
1897 5128 1969 5189 quae

224 5186 289 5247 cies
304 5188 405 5264 panis,
430 5204 519 5265 quam
546 5188 650 5263 babet,
667 5192 701 5249 66
728 5193 775 5250 est
798 5188 829 5248 in
859 5187 1050 5249 66666666666
1140 5194 1346 5265 protempere
1361 5190 1428 5249 dala
1444 5193 1689 5265 mantuanense
1715 5192 1811 5250 statui
1841 5208 1969 5271 synogo-

219 5264 290 5327 336.
1126 5284 1207 5347 gae,
1226 5275 1341 5330 lantum
1359 5268 1669 5331 666666666666822.
1687 5268 1761 5332 823.

184 5344 324 5409 Christus
349 5350 649 5427 reliquitmundum,
681 5348 781 5428 quoad
812 5352 1046 5412 conversionem
1097 5346 1549 5429 Obrislnsusqoeadmorlem
1571 5356 1703 5413 serravit
1727 5352 1836 5429 legem
1861 5350 1969 5430 666666

222 5428 482 5518 6666666666,6666
498 5432 638 5494 66666666
655 5448 715 5493 666
733 5440 884 5512 repugnat
899 5448 1045 5511 proesen-
1138 5438 1168 5493 66
1180 5435 1292 5508 pasclra
1310 5450 1366 5495 suo
1386 5438 1524 5511 tempore
1547 5433 1685 5510 legitime
1700 5434 1883 5497 celebravit
1905 5436 1967 5497 396.

230 5514 288 5568 6666
304 5512 431 5573 66666666
443 5516 566 5591 generis
579 5513 651 5575 286.
669 5512 741 5575 288.
1135 5512 1207 5576 398.
1225 5522 1255 5577 66
1268 5530 1334 5593 seq.
1349 5514 1423 5577 6666
1439 5517 1530 5576 etiam
1547 5533 1574 5577 v.
1592 5515 1719 5576 666666.

185 5584 324 5651 Christus
346 5598 378 5653 ut
394 5597 581 5671 apparentia
599 5597 701 5672 terris,
718 5596 766 5657 vel
790 5601 819 5657 66
837 5612 987 5673 praesens
1009 5596 1049 5658 sit
1095 5594 1235 5659 cbristus
1250 5597 1344 5659 mulla
1359 5613 1416 5676 prr
1435 5612 1470 5659 se
1486 5613 1547 5660 oon
1560 5599 1729 5677 praecepit,
1753 5613 1839 5676 quae
1869 5606 1968 5677 poste:
