4084 6275
261 312 312 367 tis
476 309 480 318 '
914 304 961 362 ott
977 304 1208 383 eoootttoitt

184 441 403 507 Paenitentiac
417 440 516 510 ocus,
529 440 610 519 qnia
622 440 768 518 idpatest
777 442 942 517 praestare
956 438 1042 501 ordi·
1086 439 1227 518 peccatis
1240 436 1422 518 praeteritis
1430 440 1474 499 est
1483 435 1712 516 propitiandus
1721 432 1893 509 [isunnam
1907 434 1961 495 ad

183 525 377 605 notio‚quod
391 523 489 601 tropo
498 521 673 599 satisfactio
686 528 852 600 praestare
866 523 1041 585 consueuit.
1086 522 1145 585 tiae
1157 524 1357 597 cmmodusptt
1371 535 1411 581 ea
1420 535 1544 599 semper
1555 519 1649 583 liceat
1658 521 1795 597 impune
1806 518 1960 580 commit·

184 607 263 671 Hinc
277 614 360 668 certe
375 606 443 667 sine
458 604 655 681 ambiguitate
668 605 829 678 discimus,
846 606 936 684 tange
951 604 1043 666 setis·
1086 611 1163 667 tere:
1178 606 1306 667 nernini
1320 602 1408 665 enirn
1422 602 1752 667 deditiouamentum
1763 600 1959 679 peccandi.
2020 654 2021 665 ,

182 690 316 756 tortione
329 687 505 759 criminum,
519 686 734 749 reinisstooem
750 685 879 765 requiri.
899 723 902 729 ,
1087 689 1234 766 quamuis
1248 686 1435 749 miserando
1451 684 1634 759 dcieotfam
1650 685 1739 760 facta
1750 690 1904 761 peccata.
1930 683 1963 744 si

226 772 258 835 S.
274 771 335 832 Leo
351 768 375 831 i.
389 785 482 832 serm.
498 770 527 830 i.
543 768 581 830 de
609 769 729 847 jejunio
757 770 868 831 decimi
897 768 1040 830 mensis:
1085 786 1154 833 nori
1168 768 1351 847 Satisfastia
1373 783 1520 845 conpone
1537 768 1736 845 neptipotors
1754 771 1785 828 et
1810 782 1882 843 cop.
1901 765 1960 826 tt.

186 854 346 923 Oratione,
362 852 473 931 inquit,
487 852 673 929 propitiatio
687 850 745 913 Dei
765 850 945 932 quasi-itur,
955 850 1041 931 fefo·
1086 852 1130 915 οο
1144 852 1345 933 quotidianis
1356 856 1466 913 autem
1476 849 1824 928 ormitusteuttuspue
1837 864 1960 925 pecca·

185 940 242 1000 nio
258 936 519 1013 concupiscentia
540 935 649 997 earnis
674 936 888 1012 estinpuitur,
912 934 1043 997 eleemo-
1088 935 1352 1014 desinentibus
1367 934 1527 995 tiaeeoita
1540 948 1611 995 non
1624 933 1767 1002 ducitur,
1784 932 1961 1025 quotidia-
2020 954 2021 971 η

183 1020 274 1163 'syriis
285 1024 418 1097 peccata
431 1018 649 1080 redimuntur.
664 1016 752 1079 Idem
781 1018 812 1077 in
827 1019 919 1095 epist.
937 1016 987 1078 ts.
1002 1017 1039 1079 ud
1086 1034 1134 1079 no
1148 1020 1251 1080 oratio
1265 1016 1412 1093 fideiinm
1424 1016 1593 1091 satisfacit.
1607 1014 1683 1075 item
1700 1016 1729 1075 io
1744 1021 1839 1092 epist.
1857 1013 1960 1075 50.οο

212 1105 332 1173 icetem,
348 1117 417 1177 cop.
433 1101 464 1161 5.
483 1098 525 1161 οο
538 1100 580 1161 iis
594 1098 795 1173 Christianis,
808 1101 866 1177 qui
877 1100 963 1160 inter
974 1115 1038 1174 cos,
1086 1100 1298 1162 Macedonium
1316 1118 1325 1159 :
1356 1098 1442 1160 Nihil
1466 1098 1560 1161 aliod
1588 1098 1657 1175 apii
1675 1112 1772 1176 quem
1792 1098 1963 1158 omaciter

187 1182 335 1263 equitus
348 1182 480 1260 fucrant
495 1183 659 1259 captivati.
676 1182 754 1243 cibis
766 1181 981 1245 immolatitiis
991 1198 1041 1245 as·
1084 1183 1307 1263 paenitetnisi
1319 1190 1356 1245 ut
1368 1183 1405 1244 id
1419 1182 1507 1261 quod
1520 1180 1603 1243 maii
1615 1180 1733 1256 feeerit,
1747 1180 1959 1255 impunitum

181 1272 335 1329 seruntur
349 1280 416 1327 esse
427 1265 560 1343 poliuti,
576 1265 807 1327 consultationi
830 1272 905 1327 tuae
936 1265 1042 1328 coari-
1087 1282 1232 1329 essenon
1246 1268 1344 1328 sinat:
1361 1280 1398 1327 eo
1410 1265 1529 1342 quippe
1539 1264 1635 1325 modo
1648 1261 1790 1325 moines
1798 1262 1960 1339 possenti

184 1350 257 1411 totis
268 1348 327 1410 oce
342 1348 440 1410 etiam
453 1347 717 1426 respondendum
731 1363 796 1409 esse
817 1348 1015 1410 proditiosos
1032 1392 1039 1419 ,
1086 1349 1140 1411 iiic
1154 1348 1369 1428 parenorius
1382 1347 1485 1409 atium
1493 1345 1684 1425 festumque
1695 1344 1869 1423 judicium
1882 1345 1959 1405 nui·

183 1437 220 1494 ut
239 1430 460 1493 Paenitentiae
482 1429 701 1507 satisfactione
726 1434 927 1508 purpentur,
958 1447 1045 1510 quae·
1088 1432 1137 1493 tus
1153 1440 1350 1509 contemptor
1365 1431 1482 1492 euadit.
1499 1428 1574 1490 item
1588 1429 1697 1489 haunit.
1710 1426 1761 1489 50.
1774 1427 1907 1501 condi.
1921 1444 1961 1488 ex

183 1529 252 1576 non
265 1520 332 1575 tam
345 1514 496 1594 temporis
508 1512 827 1592 turpitudineqoam
840 1514 944 1575 cardis
959 1528 1041 1575 com·
1089 1515 1210 1577 11050.
1228 1514 1379 1575 hoiniiier.
1399 1512 1509 1575 Veniat
1528 1516 1679 1589 peccator
1700 1511 1745 1571 ad
1765 1509 1934 1571 antistites
1950 1558 1959 1578 .

181 1598 360 1673 punctione
373 1596 551 1675 spectanda
565 1601 622 1657 est.
636 1594 722 1657 litem
747 1597 776 1656 io
793 1596 920 1673 epistota
936 1594 988 1658 st.
1004 1597 1041 1659 od
1084 1614 1142 1675 per
1154 1599 1282 1676 questo
1296 1594 1443 1658 Ecclesia
1454 1594 1558 1659 claues
1569 1594 1811 1665 ministrantur,
1827 1598 1860 1652 et
1875 1598 1957 1653 tam·

185 1678 391 1755 Theodorum,
408 1694 530 1739 sursum
546 1677 675 1755 reperit,
686 1678 802 1739 satubri
831 1677 1042 1741 Sutisiuctiooe
1086 1681 1298 1761 quamoonus
1312 1679 1474 1755 incipiens
1483 1676 1555 1757 foro
1568 1690 1635 1739 esse
1653 1674 1757 1751 fiius,
1786 1680 1958 1736 matema

187 1761 382 1839 poenitentes
400 1760 531 1839 purgari,
550 1767 580 1821 ct
594 1759 624 1820 in
642 1761 732 1839 epist.
751 1760 802 1822 92.
819 1762 855 1822 sd
871 1760 1041 1835 Rusticum,
1085 1763 1387 1825 commembrorum
1401 1761 1517 1823 ordine
1538 1759 1693 1821 crsstodito
1719 1774 1741 1819 ο
1755 1758 1959 1835 praepositis

179 1860 254 1921 esp.
270 1843 302 1904 2.
324 1843 363 1904 de
392 1842 604 1906 sacerdotibus
630 1843 858 1921 poenitentibus
888 1843 1040 1920 inquens:
1085 1852 1364 1908 sacramentorum
1379 1844 1520 1920 accipiat
1535 1838 1771 1918 Satisfuctianis
1783 1856 1872 1901 suae
1892 1856 1961 1901 oso

191 1926 290 1991 Unde.
306 1924 607 2003 inquitfiufosmodi
621 1925 718 2003 lapsis
733 1926 778 1988 ad
790 1928 1041 1998 promerendam
1087 1930 1179 1993 dum.
1195 1933 1231 1990 ot
1243 1930 1282 1989 in
1296 1925 1458 2005 offerendo
1472 1924 1636 2001 sacmfieio
1651 1925 1762 1985 cordis
1787 1922 1956 1985 mmsiou

181 2008 443 2074 inisericordiam
456 2007 656 2087 Deipriuata
675 2010 875 2087 sstpeteorta
893 2010 1039 2082 secessio,
1089 2012 1148 2074 tati
1162 2012 1294 2073 deuotus
1315 2016 1345 2071 et
1364 2010 1516 2086 supplens,
1544 2008 1582 2069 id
1608 2010 1719 2068 tamen
1746 2012 1839 2083 apat.
1865 2008 1957 2083 quod

184 2098 221 2154 ut
235 2091 300 2153 iitis
310 2091 488 2169 satisfactio
498 2092 528 2153 si
541 2090 639 2168 fuerit
662 2091 777 2169 dipnu,
791 2092 832 2153 sit
853 2093 952 2153 etiam
973 2093 1042 2169 fou·
1086 2110 1155 2156 nan
1168 2094 1272 2156 sotum
1282 2092 1333 2154 itii
1344 2094 1446 2169 prosit
1460 2092 1506 2151 ad
1519 2088 1764 2167 suscipiendam
1783 2089 1930 2151 satutem
1946 2136 1955 2159 ‚

186 2181 308 2236 ctuosa.
1086 2177 1254 2239 sedetiam
1268 2176 1402 2236 caderis
1414 2172 1670 2249 adessentptum·
1686 2177 1716 2231 et
1733 2169 1811 2232 inire
1824 2171 1953 2249 copti.

226 2256 259 2317 S.
276 2254 417 2317 Gelasius
436 2254 461 2316 1.
479 2255 509 2315 in
532 2254 623 2332 epist.
646 2255 677 2317 t.
704 2254 741 2315 ud
768 2255 932 2334 episcopos
946 2255 1043 2318 Luco·
1087 2259 1157 2323 Νοη
1177 2257 1406 2338 sufficitmores
1418 2256 1457 2317 in
1466 2255 1582 2317 meiius
1597 2260 1811 2329 commutare,
1829 2254 1956 2329 stafa-

186 2337 267 2408 niae,
283 2337 377 2399 Brutii
400 2345 430 2399 et
455 2336 591 2401 Siciliae.
619 2354 687 2415 esp.
713 2336 765 2399 23.
797 2338 929 2411 Viduas,
959 2355 1043 2434 quae
1088 2344 1145 2405 ctis
1159 2342 1254 2403 motis
1273 2341 1432 2413 rectiora,
1453 2338 1521 2399 nisi
1534 2338 1633 2399 ettam
1648 2338 1688 2398 de
1702 2335 1764 2405 nos,
1796 2352 1885 2415 usiae
1906 2336 1952 2413 f·

182 2421 320 2498 proprio
349 2421 513 2482 uoluntate
539 2420 718 2498 professam
740 2420 872 2498 pristini
898 2422 1045 2501 cunpupt'i
1088 2428 1236 2497 ctasnnt,
1252 2420 1548 2499 satisfationem.
1564 2418 1641 2479 Item
1665 2420 1695 2479 in
1722 2418 1955 2497 perimmuni

185 2502 529 2580 casinatemxmotabiti
549 2509 655 2585 mente
667 2503 884 2573 canescunt,
905 2504 1045 2581 ponenti
1088 2508 1138 2568 itis
1155 2507 1256 2567 rerba:
1271 2507 1309 2565 ttt
1323 2507 1488 2583 apeecato
1498 2516 1569 2564 meo
1581 2501 1715 2581 mitoda
1727 2516 1793 2575 mes
1809 2500 1958 2579 tmptara

185 2600 299 2647 sanim
307 2584 466 2657 intererit,
480 2586 572 2664 pasti·
585 2583 689 2649 ocum
700 2585 922 2663 satisfactione
932 2587 1046 2666 piosa·-
1086 2588 1357 2651 misericordiam.
1370 2584 1750 2660 sedottendefustitiam
1772 2585 1957 2649 misericor·

184 2684 221 2729 rc
235 2667 383 2731 debeant.
1088 2672 1147 2734 dia
1157 2675 1202 2733 est
1214 2677 1251 2733 ut
1262 2672 1411 2747 ipnoscut
1423 2672 1564 2747 peceato,
1575 2665 1707 2746 justitia
1727 2672 1772 2727 est
1786 2672 1826 2728 ut
1836 2668 1956 2743 puniat

226 2750 349 2812 Praeter
364 2753 421 2811 tias
436 2747 609 2828 pontifices,
626 2750 776 2811 nubemus
804 2750 944 2828 insignes
959 2752 1044 2813 theo·
1087 2760 1263 2833 peecatum.
1282 2753 1365 2829 Quid
1386 2753 1479 2829 erpo?
1506 2751 1636 2829 quaeres
1664 2750 1960 2811 misericordiam?

186 2833 285 2912 iopas,
302 2849 428 2911 graecos
443 2832 610 2893 etlotinus.
627 2831 1042 2909 Sanctusiuennescnrysu·
1085 2832 1883 2916 peccotomiuzpunitamrnoaneoittrespandeat
1898 2831 1955 2892 Do·

187 2914 719 2982 stomusinetiuoesacerouoo,
743 2915 1042 2995 nuniongcsprin-
1088 2917 1476 2993 nemorumnemorum
1489 2914 1958 2987 mereanturstmtttuuid,et
2020 2916 2021 2937 ¹

187 2997 280 3075 cipio:
297 2996 367 3058 Nan
380 3004 508 3063 temere,
525 2996 633 3071 inquit,
648 2998 693 3059 ad
707 2997 898 3060 delictorum
911 3002 1045 3063 modom
1087 3001 1299 3065 iticantsttoo
1312 3000 1456 3063 Domine.
1472 3014 1542 3059 reon
1556 3001 1616 3060 erit
1628 2998 1834 3074 impunitum
1845 3014 1959 3076 pecca·

188 3084 310 3158 oportet
323 3084 352 3141 et
365 3078 517 3142 mutatam
528 3079 1046 3162 ipsamadtiiberctscdtamqoom
1088 3090 1159 3148 ium
1177 3100 1303 3157 meum,
1325 3098 1394 3146 noo
1407 3083 1604 3160 impunitum
1618 3082 1689 3154 erit,
1704 3080 1764 3144 sed
1780 3082 1861 3143 ideo
1881 3082 1958 3142 noto

189 3162 434 3242 exconjecturis
447 3161 644 3241 quibasdam
653 3164 877 3242 explorandus
889 3166 1046 3230 estdetin·
1087 3174 1172 3232 utto
1183 3170 1316 3247 punias,
1333 3168 1414 3248 quia
1428 3181 1485 3242 epo
1499 3171 1669 3242 peccatum
1703 3179 1816 3226 menos
1842 3167 1958 3242 punio

188 3244 500 3323 qomttomantmos
522 3252 579 3306 etc.
596 3254 626 3306 et
642 3246 748 3309 turno.
771 3245 823 3306 it.
840 3248 877 3308 od
901 3250 1048 3326 poputum
1079 3252 1151 3314 iiis
1166 3258 1249 3312 certe
1271 3251 1359 3312 iosus
1384 3253 1488 3324 sparte
1514 3248 1678 3316 consinsit,
1710 3245 1959 3310 suistscuoneu

188 3327 452 3388 intincticoumzi
466 3327 570 3399 nobis,
588 3328 858 3407 inquisitionem
870 3345 1046 3406 sumemus,
1093 3341 1227 3396 nostram
1244 3349 1304 3394 non
1320 3331 1434 3410 requiri
1449 3330 1548 3392 sutum
1564 3331 1600 3391 sd
1618 3329 1807 3406 exemplum,
1838 3331 1888 3390 rei
1915 3331 1958 3390 di·

182 3408 450 3486 naptacattmas
458 3408 617 3485 jndicem.
646 3411 732 3472 Idem
757 3412 840 3472 hum.
856 3411 887 3472 2.
903 3413 942 3472 de
959 3414 1048 3488 lapsu
1091 3417 1254 3495 sciptinom
1268 3415 1434 3494 politicam,
1451 3413 1507 3476 sed
1524 3421 1556 3473 ut
1572 3409 1681 3489 injurio
1698 3413 1762 3474 οοο
1777 3413 1860 3474 inste
1875 3427 1958 3473 sum·

190 3492 279 3568 primi
297 3492 440 3554 huminis:
459 3490 611 3566 Ostendit,
629 3493 738 3572 inquit,
762 3493 918 3558 Dominus
931 3496 1049 3574 quitus
1093 3505 1250 3578 pensetur.
1268 3505 1298 3559 et
1312 3497 1432 3558 divinoe
1445 3493 1579 3565 iustitiae
1595 3494 1734 3556 setisflst.

190 3571 303 3651 officiis
316 3575 440 3651 possint
454 3574 576 3637 delicta
585 3578 739 3654 purpari:
763 3577 912 3648 ostendit,
926 3579 1046 3655 confes·
1133 3582 1280 3644 tissimus
1296 3579 1402 3640 homil.
1420 3579 1450 3640 io
1467 3577 1517 3640 die
1532 3579 1683 3640 cinerum:
1701 3576 1770 3638 Non
1782 3577 1955 3656 reprenso·

79 3697 84 3710 .
183 3659 281 3718 ‘none
295 3663 324 3719 st
338 3656 540 3733 deformitate
553 3659 812 3731 conanensium
829 3675 922 3738 posse
932 3659 1046 3738 faciiti
1089 3665 1192 3741 ditur,
1208 3664 1317 3742 inquit,
1330 3662 1396 3733 iile,
1413 3661 1471 3741 qai
1481 3662 1608 3723 modum
1621 3661 1717 3722 corde
1738 3661 1847 3734 deuio,
1865 3667 1896 3722 et
1911 3661 1955 3721 tu·

188 3753 240 3800 roe
250 3739 433 3816 impetrari.
1091 3746 1187 3810 bricis
1201 3744 1360 3826 prosimus
1382 3745 1542 3806 atraoiite
1557 3743 1687 3820 elapsus
1699 3743 1831 3811 saiutis,
1848 3745 1954 3804 redin-

233 3820 423 3898 itieuptritus
437 3823 654 3885 alexandrinus
664 3823 695 3884 io
712 3823 884 3886 toncourt
900 3826 1045 3902 epistsx·
1092 3835 1218 3905 teprare
1231 3844 1264 3891 ss
1278 3828 1350 3890 Deo
1361 3833 1483 3890 moesta
1492 3827 1711 3904 poenitentiae
1727 3823 1954 3902 Sotisfaetione

190 3905 298 3963 tremo:
322 3906 510 3973 Praeterito,
540 3905 660 3981 inquit,
687 3913 823 3985 peccatu
849 3911 1051 3984 poenitentia
1092 3909 1243 3975 cadatur.
1521 3951 1525 3958 ·

190 3986 405 4081 compassus,
417 3989 583 4066 praesenti
602 3987 682 4070 fictu
707 3989 907 4057 redimamus
933 3990 1050 4067 futura
1134 3995 1266 4058 sessim
1281 3991 1429 4068 sulpitius
1445 3990 1498 4052 tib.
1515 3990 1546 4051 2.
1563 3988 1753 4066 dialogorum
1767 3988 1809 4050 de
1825 3989 1946 4050 miracu·

191 4071 328 4144 pendia,
342 4070 520 4149 aculeoque
533 4071 749 4135 emorientiae
762 4073 800 4135 io
811 4087 1050 4154 morsmapuro
1092 4077 1131 4138 tis
1147 4095 1172 4138 s.
1190 4074 1318 4137 Martini.
1336 4091 1403 4150 cop.
1421 4072 1471 4134 13.
1485 4071 1798 4147 Fornicatioinquit,
1817 4073 1946 4149 deputa·

188 4151 308 4213 nomios
328 4158 533 4228 pcccatorum
545 4154 635 4230 fucos
645 4154 852 4230 repellamus.
954 4219 959 4230 ,
1091 4165 1146 4222 tur
1160 4161 1204 4221 ad
1215 4170 1367 4237 posnam,
1390 4157 1456 4219 nisi
1471 4155 1697 4232 satisfactione
1710 4161 1881 4232 perpetus.

235 4233 267 4294 S.
282 4231 484 4312 Hieronymus
499 4237 531 4297 in
545 4253 614 4313 cop.
630 4238 660 4298 i.
681 4235 795 4308 luitis,
826 4239 983 4317 explicans
997 4240 1047 4303 iilo
1133 4241 1266 4304 ioannes
1279 4240 1442 4300 Cassianus
1457 4239 1559 4300 enitet.
1575 4235 1628 4298 20.
1643 4253 1711 4315 οορ.
1730 4235 1759 4297 i.
1788 4235 1873 4298 Duos
1887 4237 1954 4314 api·

181 4316 296 4378 -reroes
325 4316 481 4396 iccinpite
501 4333 556 4380 uos
584 4325 614 4380 et
632 4319 790 4398 pianpite.
819 4318 904 4398 Qui,
926 4323 1047 4397 innuit,
1092 4341 1164 4387 mos
1176 4322 1420 4403 poenitentiam,
1447 4325 1477 4382 ei
1490 4321 1678 4382 uitiosorum
1692 4325 1828 4381 actuum
1850 4335 1954 4382 recor·

188 4404 340 4492 peccator
349 4406 405 4469 est,
421 4405 451 4460 et
465 4417 561 4480 quem
570 4403 731 4480 remordet
740 4406 877 4480 propria
885 4406 1049 4468 eonscien-
1092 4409 1223 4469 datione
1243 4405 1440 4472 mordemur,
1462 4403 1682 4466 nescentium
1710 4407 1764 4472 ast,
1787 4407 1825 4463 ut
1845 4403 1954 4479 ipnsm

192 4484 251 4574 tra,
267 4481 372 4542 riticio
386 4484 621 4560 aociopatur;ct
631 4484 771 4563 ptanpot
783 4485 835 4548 oet
847 4489 1050 4564 propriade·
1094 4490 1310 4552 conscientiae
1324 4493 1453 4549 nostrae
1467 4486 1596 4547 atomus
1608 4501 1651 4547 em
1665 4483 1867 4560 confessione
1889 4484 1953 4545 rui

194 4560 281 4637 ncta,
296 4563 483 4642 ustpapntn
512 4572 542 4628 ct
566 4568 777 4644 inprediotur
796 4569 986 4639 ecetesiam,
1009 4569 1049 4634 do
1090 4589 1164 4650 pac,
1182 4572 1426 4650 lachrymarum
1445 4567 1549 4630 imber
1570 4569 1752 4645 emtinpuat:
1781 4579 1857 4628 aum
1882 4582 1953 4628 uere

195 4656 551 4726 quapropterpeceata
578 4649 685 4726 fuerat
711 4665 878 4727 opressus:
907 4660 938 4715 et
961 4653 1053 4716 cubet
1092 4657 1247 4734 cuiquam
1266 4655 1306 4714 in
1331 4651 1392 4713 noe
1420 4651 1601 4713 hnmilitate
1637 4650 1746 4712 cordis
1771 4655 1801 4711 et
1819 4649 1953 4727 spir-itus

190 4725 242 4787 oei
255 4725 396 4790 dormiat
406 4731 446 4792 io
457 4745 563 4802 sacca,
577 4738 614 4793 ut
624 4734 816 4810 praeteritas
830 4734 975 4810 delicias,
988 4751 1050 4814 per
1092 4738 1284 4800 contritione
1299 4735 1421 4811 defero,
1435 4736 1576 4812 atqnein
1587 4731 1696 4796 intime
1711 4737 1741 4794 et
1753 4733 1877 4810 pemitu
1887 4747 1957 4809 per·

191 4823 275 4886 auus
286 4807 587 4890 offenderatiieum,
600 4815 686 4876 uitae
700 4818 887 4880 austeritate
901 4835 1048 4896 compen·
1093 4819 1373 4896 «tarentinorum
1397 4817 1578 4879 recordatio
1607 4814 1705 4891 fuerit
1727 4815 1955 4891 conspumat

190 4896 248 4952 set.
264 4891 349 4986 idem
366 4899 397 4954 in
412 4898 503 4970 epist.
519 4897 559 4957 sd
573 4895 825 4961 Eustochiumde
840 4900 1048 4964 abituPoutee
1091 4903 1310 4966 comcientiae
1320 4900 1420 4978 opina
1439 4900 1480 4962 dc
1502 4899 1654 4962 medaiiis
1668 4899 1823 4970 animes,
1847 4897 1955 4974 pratia

192 4979 307 5045 metris,
324 4975 363 5036 ito
379 4977 499 5038 tautum
523 4979 699 5056 toquentem
721 4980 850 5044 inducit:
876 4983 1052 5060 turpanda
1094 4985 1153 5048 Dei
1164 4985 1350 5048 miserantis
1363 4981 1486 5058 muira,
1502 4985 1625 5044 certum
1639 4987 1685 5042 est
1699 4995 1775 5042 eum
1793 4978 1848 5040 ad·
1863 4979 1954 5040 satis·

188 5060 237 5152 est
249 5057 361 5134 facies.
377 5075 478 5139 auam
488 5061 673 5138 contradici
693 5069 905 5142 praeceptum
925 5082 1050 5143 purpu-
1096 5068 1246 5146 factionis
1258 5066 1471 5143 [imponetque
1483 5064 1706 5142 indutpentiae
1719 5063 1957 5139 meritapsrsc·

189 5154 272 5200 '¹⁸⁸⁰
296 5147 475 5215 0000880
494 5151 524 5206 et
542 5145 636 5206 stibio
662 5161 761 5224 saepo
787 5148 937 5225 septimi·
965 5149 1049 5229 affii-
1094 5152 1192 5216 nisse.
1208 5155 1235 5210 et
1249 5147 1534 5210 aiuniuersorum
1545 5147 1721 5208 criminum
1743 5143 1813 5206 tabe
1836 5159 1956 5222 purpo-

188 5223 332 5296 nendum
346 5241 473 5302 corpus.
495 5229 585 5304 quod
608 5229 719 5292 multis
737 5233 866 5292 uacauit
893 5231 1021 5295 doticiis
1039 5250 1047 5291 ι
1095 5241 1175 5295 tom.
1192 5232 1266 5293 Vide
1282 5233 1372 5292 etism
1387 5231 1520 5292 eundem
1537 5229 1639 5290 solist.
1656 5227 1706 5289 23.
1723 5243 1792 5305 esp.
1812 5227 1862 5288 tii.

192 5303 306 5380 mopso
319 5309 405 5368 risos
415 5310 540 5388 perpeti
550 5312 809 5389 compensandus
820 5319 866 5374 est
877 5312 1051 5393 deturosai·
1135 5315 1347 5376 Theodoretus
1362 5316 1393 5375 in
1410 5314 1544 5390 epitome
1558 5311 1729 5373 diuinorum
1745 5313 1952 5375 decreturum.

191 5383 238 5446 iia
252 5387 446 5484 iinteamt'na
472 5397 502 5452 ei
514 5393 620 5455 serica
630 5395 874 5471 pretiosissima,
890 5398 1047 5476 asperita-
1092 5415 1163 5474 asp.
1180 5398 1220 5458 de
1234 5396 1433 5459 Paenitentia:
1448 5394 1544 5470 Suni3
1561 5393 1670 5470 induit,
1689 5390 1901 5456 moneatitia
1912 5399 1949 5453 et·

191 5473 220 5524 te
230 5468 330 5567 οοιοη
344 5475 587 5536 commentanda.
1092 5482 1164 5544 iam
1177 5486 1345 5557 quacpost
1355 5477 1557 5555 Baptismum
1569 5477 1667 5552 fiunt,
1682 5476 1834 5538 miinoris·
1854 5475 1953 5538 medi·

193 5627 199 5639 ι
232 5552 466 5649 siugustmus
480 5558 510 5616 iu
527 5556 710 5632 enchiridio,
725 5576 794 5637 esp.
809 5559 858 5621 to.
870 5560 911 5624 in
928 5563 1046 5626 metiris
1095 5563 1215 5626 cubitio
1228 5571 1338 5624 autem
1350 5577 1419 5624 non
1432 5565 1469 5623 ut
1483 5560 1634 5636 stimme·
1646 5558 1752 5622 soiarn
1762 5557 1953 5633 fidsoidsta

190 5638 303 5708 utiquo,
316 5644 360 5698 cst
373 5641 441 5697 rito
461 5639 635 5714 mutanda,
650 5647 680 5702 et
690 5658 752 5719 per
766 5641 984 5722 eleemosynas
1003 5647 1046 5708 de
1091 5647 1292 5720 remissione,
1314 5645 1443 5722 sedper
1455 5643 1574 5707 mutius
1589 5641 1783 5721 montuosos,
1801 5645 1837 5705 -et
1850 5639 1951 5719 fietus,
