4084 6275
824 343 942 434 'treet
960 369 1098 431 renatus
1200 375 1204 382 ·
1700 356 1770 426 ‘aas

83 507 167 568 motu
182 507 214 566 et
229 501 332 582 quiete
344 519 414 567 oum
428 503 619 586 nauigamus:
636 511 777 587 putamus
791 509 873 571 enim
887 512 936 574 lit·
981 511 1088 590 itaqua
1100 508 1131 570 in
1146 506 1223 584 ipsis
1237 504 1335 588 signis
1349 505 1431 568 nulla
1444 509 1492 569 est
1511 502 1639 577 falsitas,
1661 501 1771 566 eumid
1787 520 1838 567 so-

82 595 146 652 tora
165 588 326 658 recodere,
343 588 487 649 atharim
502 589 675 668 quiescere.
982 595 1045 656 lum
1060 591 1244 672 significent,
1261 591 1437 652 naturaliter
1460 590 1519 652 suh
1534 588 1584 649 illa
1610 586 1716 666 specie
1741 587 1837 649 latera

122 669 237 744 Tertio,
254 683 322 732 vera
337 675 385 732 εει
396 671 435 733 de
450 671 570 750 obiecto
584 673 718 752 proprio,
735 674 837 737 si'sint
850 689 937 756 orga-
982 675 1182 737 substantiam
1198 674 1298 752 panis.
1312 673 1398 745 tluod
1423 673 1450 733 ει
1479 670 1653 749 imaginatio
1678 669 1838 747 hominum

78 768 167 828 uum,
184 759 215 814 et
229 752 362 814 medium
378 753 458 815 bena
474 753 704 833 dispositamam
720 757 833 837 alioqui
847 759 936 822 etiarn
981 757 1096 818 fallitur
1106 758 1137 818 in
1152 759 1207 818 hac
1222 772 1266 827 re,
1283 756 1312 816 id
1326 756 1461 817 nascitur
1474 771 1512 816 ειι
1526 752 1753 830 ipsorumritio:
1767 769 1838 814 nam

76 837 161 898 circa
178 836 335 914 proprium
351 835 509 916 objectum
529 837 590 898 lulli
606 854 783 916 possumus3
801 857 894 920 saepe
907 858 939 906 ea
983 841 1031 903 rel
1046 846 1119 901 sunt
1133 839 1251 911 lideles,
1268 839 1316 899 rel
1328 837 1517 900 inlideles.Si
1532 834 1642 912 fideles
1653 851 1714 896 non
1731 834 1840 898 iailun·

77 919 145 980 nim
160 934 216 998 per
231 917 324 979 ririda
340 917 513 996 perspicilla
529 919 663 982 colorem
678 922 780 984 ulhum
796 932 938 1002 putamus
984 929 1043 993 tur,
1056 924 1126 1000 quia
1142 924 1244 984 sciunt
1256 920 1430 982 testimonio
1445 920 1545 987 liciat
1560 918 1716 980 Ecclesiae
1731 917 1774 980 ihi
1791 934 1840 980 es-

76 1001 299 1077 esscriridem3
314 1007 345 1062 et
355 1005 464 1080 gustus
478 1000 609 1064 inlectus
624 1004 724 1066 dulcia
737 1005 853 1088 judicat
868 1025 938 1072 esse
983 1020 1018 1067 se
1033 1004 1200 1066 accidentia
1216 1006 1284 1064 siue
1298 1001 1512 1064 substautiasi
1528 999 1841 1082 iulidelesdaliuutur,

76 1099 194 1146 amara.
982 1089 1031 1150 rel
1047 1087 1117 1164 quia
1133 1087 1258 1149 credere
1271 1087 1379 1147 nolunt
1408 1084 1470 1146 lieo
1493 1089 1524 1146 ει
1550 1082 1729 1157 Ecclesiae,
1744 1085 1794 1145 rel
1816 1083 1843 1146 si

121 1171 245 1238 Quarto,
262 1180 331 1226 rara
347 1170 396 1227 est
407 1165 445 1226 de
468 1165 590 1245 objecto
606 1170 729 1247 proprio
744 1171 774 1231 iu
790 1175 939 1253 generaii3
984 1173 1061 1233 torte
1078 1185 1139 1230 nou
1155 1169 1316 1230 audierunt
1331 1165 1497 1244 quidquam
1518 1167 1558 1227 de
1585 1165 1645 1226 hoc
1672 1166 1816 1245 mysterio
1833 1211 1842 1236 ,

77 1265 149 1308 nam
171 1247 202 1308 in
218 1248 391 1326 particulari
407 1247 525 1310 ridetur
540 1265 633 1328 posse
646 1253 824 1334 contingere
840 1273 937 1330 error,
982 1253 1127 1316 ialluntur
1141 1249 1321 1329 simpliciter
1335 1267 1372 1311 ex
1386 1249 1553 1328 ignorantia
1570 1247 1716 1326 mysterii,
1733 1265 1795 1311 oon
1807 1264 1845 1310 ειι

76 1331 171 1392 etiam
186 1346 313 1410 organo.
330 1338 360 1392 et
371 1331 474 1392 medio
487 1340 572 1394 reete
586 1333 756 1410 dispositis.
790 1337 865 1400 tlara
892 1347 957 1402 est¹
984 1336 1125 1405 falsitate,
1142 1351 1221 1412 quae
1242 1334 1282 1394 sit
1303 1334 1333 1393 in
1347 1349 1393 1393 re.
1410 1331 1445 1390 Et
1460 1332 1520 1392 hoc
1544 1330 1661 1391 nullum
1678 1336 1725 1392 est
1739 1333 1845 1399 ahsor-

75 1413 232 1492 (iuquaml
247 1413 287 1474 dc
301 1413 424 1492 objecta
439 1413 471 1474 in
483 1429 608 1490 genere,
623 1415 692 1496 quia
708 1433 819 1481 sensus
835 1423 938 1483 uiden·
984 1421 1069 1481 dum:
1088 1433 1155 1477 narn
1171 1417 1229 1477 hoc
1243 1415 1335 1476 modo
1350 1413 1539 1475 fallebantur
1552 1414 1642 1474 etiarn
1658 1413 1756 1473 sancti
1773 1415 1839 1486 riri,

77 1498 108 1556 di
126 1513 187 1557 non
204 1502 285 1557 errat
300 1513 434 1574 unquam
448 1495 479 1556 in
495 1513 545 1570 eo,
561 1501 644 1575 quod
672 1503 877 1577 apprehendit
888 1521 940 1566 aa·
984 1500 1146 1566 abraham.
1162 1499 1248 1569 Loth,
1266 1497 1388 1570 Tobios,
1404 1495 1524 1570 Manue,
1541 1493 1666 1556 dedeo‘n
1682 1503 1713 1555 et
1724 1497 1846 1575 alii‚qui

76 1579 186 1651 iorem,
203 1578 250 1639 rel
266 1579 382 1640 lumen:
399 1578 482 1640 nullo
497 1581 579 1642 enim
593 1581 682 1643 modo
698 1581 762 1644 lieri
778 1593 888 1664 potest,
908 1595 940 1649 ut
984 1585 1111 1663 angelos
1126 1584 1157 1643 in
1171 1582 1278 1658 specie
1300 1582 1431 1642 huruuua
1445 1578 1504 1640 sihi
1517 1583 1701 1656 apparentes
1717 1622 1726 1649 ,
1756 1593 1847 1640 ueros

76 1660 293 1739 apprehendat
314 1675 457 1737 saporem
479 1667 509 1722 et
523 1663 674 1739 odorem,
705 1676 756 1727 aut
780 1668 894 1748 aliquid
910 1684 939 1730 o·
985 1663 1401 1733 homiuesessecrcdehaut‚
1419 1667 1449 1722 et
1464 1669 1496 1724 ut
1510 1660 1652 1722 homiues
1667 1659 1844 1722 tractabant:

76 1744 154 1817 liud,
170 1744 414 1821 erceplooelore
439 1749 470 1806 et
483 1744 774 1820 luminaeuomaua
789 1752 879 1812 etiam
894 1751 940 1813 in·
985 1757 1017 1812 ει
1027 1751 1089 1810 duo
1104 1747 1248 1826 discipuli
1269 1745 1463 1823 iailebqntur‚
1485 1744 1538 1820 qui
1562 1742 1725 1804 Ilomiuum
1755 1759 1843 1821 pere·

76 1827 223 1891 tellectus
235 1842 297 1887 uon
311 1832 390 1886 errat
405 1825 434 1886 iu
452 1840 500 1899 eo,
517 1829 599 1906 quod
612 1831 815 1908 apprehendit
829 1851 886 1896 cns
908 1835 939 1897 iu
984 1834 1106 1914 grinum
1122 1829 1254 1910 aliquem
1268 1843 1338 1890 esse
1350 1826 1574 1890 existimabant:
1603 1831 1634 1886 et
1648 1824 1824 1904 llagdaioua
1839 1871 1848 1900 ,

77 1923 208 1986 genere:
224 1916 255 1970 at
269 1909 299 1970 iu
316 1907 490 1986 particulari
505 1909 623 1972 ridetur
646 1927 740 1990 posse
761 1918 941 1996 contingere
984 1931 1064 1997 quae
1078 1914 1210 1976 eundem
1223 1911 1416 1973 hortulanum
1433 1925 1503 1971 esse
1517 1907 1652 1986 putabat.

78 2007 177 2061 error,
194 1992 351 2062 nimirum,
382 1997 415 2052 ut
426 1992 635 2070 apprehendat
662 2011 755 2057 unum
786 2013 839 2076 pro
867 2001 939 2062 alin.
1026 2000 1246 2073 Argumentum
1262 1993 1385 2056 Sextum
1401 1996 1449 2053 est
1462 1992 1541 2068 apud
1554 1990 1686 2053 eundem
1702 1989 1850 2062 obiectio·

79 2073 154 2135 llam
166 2073 196 2134 iu
210 2074 288 2137 iride
296 2072 525 2152 judicautouuli
539 2075 793 2142 rarissimusasse
808 2082 939 2156 colores,
986 2097 1027 2144 ne
1048 2079 1100 2141 oti.
1112 2077 1164 2140 oi.
1180 2075 1231 2139 68.
1247 2075 1299 2138 69.
1314 2073 1364 2137 ιιι.
1381 2075 1433 2136 ιι.
1450 2074 1501 2136 ιι.
1527 2073 1576 2135 te.
1601 2072 1703 2136 Parat's
1717 2073 1845 2136 Eucha-

80 2158 134 2234 qui
147 2163 247 2218 tumen
264 2161 419 2230 nunaunt,
433 2156 492 2218 uisi
508 2157 612 2220 iumen
626 2159 785 2224 reflexum.
800 2161 874 2226 curn
887 2166 942 2244 igi·
984 2165 1097 2226 rictioe
1109 2161 1303 2223 mutationes
1316 2159 1427 2221 uarios
1437 2156 1564 2235 recipit,
1579 2171 1664 2235 quae
1677 2157 1770 2218 raalio
1780 2173 1850 2220 mo·

81 2246 130 2300 tur
145 2241 222 2301 haec
236 2240 275 2300 ila
291 2239 363 2311 sint,
381 2240 487 2300 merito
502 2239 606 2303 Patres
618 2245 848 2321 reprehendunt
863 2263 940 2320 eos,
987 2249 1028 2310 do
1042 2245 1115 2322 fieri
1126 2248 1261 2322 poseant
1270 2239 1534 2304 aiaesuhatarrtic
1545 2238 1665 2317 perata,
1697 2254 1783 2318 quoe
1807 2240 1850 2301 ait

79 2322 131 2400 qui
149 2322 606 2400 exappreheusioneseusuum
619 2325 657 2387 de
671 2325 728 2388 hoc
740 2338 941 2402 sacramento,
986 2327 1165 2408 subjeetum
1177 2325 1312 2388 illarum
1331 2323 1564 2397 mutationum·
1580 2337 1655 2399 erqo
1669 2321 1851 2385 substantia

82 2410 115 2464 et
128 2403 198 2467 aliis
211 2405 306 2466 rebus
319 2403 391 2466 tidei
405 2403 546 2484 judicare
561 2407 679 2468 uolunt.
701 2407 777 2472 Vide
793 2409 939 2492 cyrillum
984 2411 1095 2493 partia,
1112 2415 1143 2471 et
1153 2425 1224 2471 raon
1235 2408 1308 2471 sola
1321 2405 1505 2468 oceideotia
1524 2405 1563 2466 ιιι
1576 2403 1785 2466 Eucharistia
1796 2420 1847 2466 re·

80 2486 238 2548 catechesi
252 2494 359 2564 quarta
375 2489 594 2567 mystagogica.
624 2489 872 2569 chrysostomum
890 2496 943 2558 ho·
986 2495 1171 2574 peiuntar.
1186 2491 1383 2553 Antecedeoa
1396 2487 1563 2567 molatur,
1581 2487 1663 2566 quio
1675 2487 1773 2564 pacis
1786 2487 1852 2550 Eo·

80 2571 146 2631 mil.
159 2568 211 2631 83.
228 2570 259 2631 iu
275 2569 380 2630 llalth.
396 2569 640 2650 ethuguslinum
656 2574 804 2639 serundd.
822 2579 860 2639 de
875 2594 942 2640 rer·
987 2576 1162 2639 charistioe
1180 2578 1282 2652 potest
1295 2571 1441 2637 elimari.
1457 2576 1495 2631 ιιι
1504 2569 1655 2644 εειειιειι,
1683 2569 1784 2631 immo
1806 2575 1851 2633 et·

79 2652 130 2712 bis
146 2652 278 2714 [lomini-
986 2654 1448 2734 icmaeaertoiralieireoaatat
1459 2654 1548 2715 caim
1566 2651 1853 2730 Victoremiilpc·

123 2735 167 2796 hd
181 2734 358 2797 Secundum
374 2735 548 2812 respondeo
563 2743 666 2798 contra
682 2737 943 2816 llarciouemlla·
985 2758 1077 2822 pam,
1093 2747 1124 2803 et
1134 2741 1312 2802 Hearierrm
1330 2737 1395 2798 ill.
1410 2736 1640 2813 imperatorem
1655 2749 1783 2797 =aeraerto
1796 2752 1852 2813 pc·

79 2818 257 2888 nichaeum,
281 2824 312 2878 et
328 2817 459 2889 slmiles,
476 2818 599 2896 probari
614 2835 630 2881 a
646 2819 807 2897 Patribus,
832 2823 943 2889 Christi
986 2826 1092 2890 ιιιεεε.
1105 2824 1194 2899 quod
1205 2823 1244 2884 ιιι
1257 2819 1622 2897 Εεειιιινιιιιεροειιιιιιι
1640 2816 1854 2893 scarcellam

80 2915 196 2976 corpus
209 2915 315 2962 rerum
331 2907 361 2960 et
375 2901 586 2974 solidum,non
601 2907 701 2964 autem
718 2907 943 2982 phantasticum
984 2908 1084 2988 porris
1098 2906 1326 2968 Eucharistiae
1338 2903 1519 2982 aliquando
1531 2901 1794 2977 commederet
1806 2902 1858 2964 ira·

82 2983 181 3043 tuisse
193 2983 405 3060 experimento
420 2985 678 3063 sensuumidque
691 2988 864 3052 rectissime
877 3007 945 3068 pro·
988 2994 1029 3055 de
1043 2990 1137 3052 aliud
1150 2994 1338 3067 amantur:
1352 3001 1437 3048 cara
1451 3000 1494 3046 ear
1514 2998 1550 3044 eo
1572 2981 1717 3043 homines
1731 2983 1855 3046 ιιιιιιιιι

80 3070 151 3143 pter
165 3065 242 3126 duas
257 3081 526 3140 caussas,quarum
539 3073 667 3147 utraque
680 3067 768 3132 deest
781 3087 945 3153 argumen-
989 3078 1123 3147 certaret,
1140 3079 1169 3134 et
1178 3085 1300 3136 uermes
1313 3070 1393 3131 iride
1403 3065 1582 3146 procreari,
1599 3070 1629 3128 et
1644 3063 1854 3129 illumatiam

81 3157 111 3208 to
123 3148 369 3211 adversariarum
381 3150 461 3211 circa
477 3165 586 3229 panem
603 3151 823 3217 Eucharistiae.
845 3156 943 3219 Prima
987 3174 1081 3237 posse
1095 3154 1253 3230 combure
1268 3160 1299 3215 et
1310 3153 1423 3215 uinum
1444 3148 1671 3213 Eucharistiae
1684 3150 1766 3211 certa·
1791 3151 1853 3213 ali·

78 3246 188 3291 caussa
210 3236 268 3302 εει,
294 3232 362 3309 quia
385 3230 597 3310 disputabatur
607 3250 678 3296 cum
700 3234 762 3298 illia
778 3238 944 3303 haereticis
989 3242 1125 3322 quoodo
1139 3241 1178 3302 ia
1192 3242 1329 3300 acetum.

78 3315 119 3373 de
135 3312 259 3391 abjectu
274 3314 396 3392 proprio
411 3330 571 3387 sensuum,
590 3315 695 3385 idest,
725 3319 763 3379 ιιε
788 3321 942 3385 soliditate
1028 3322 1225 3400 Respondeo:
1242 3320 1420 3380 Tractentur
1448 3314 1525 3377 haec
1551 3315 1653 3375 omnia
1665 3318 1807 3376 accurate
1831 3332 1848 3376 a

77 3396 231 3473 eorporis;
248 3396 427 3472 phantasma
439 3398 520 3459 enim
538 3400 620 3476 tangi
633 3399 839 3477 nequittinde
851 3406 943 3466 etiarn
986 3403 1197 3468 Scholasticis:
1211 3402 1267 3463 sed
1283 3400 1366 3480 quod
1381 3396 1488 3459 attinet
1502 3396 1539 3457 ad
1555 3405 1732 3475 argumenta
1747 3400 1853 3459 adrer-

77 3478 229 3540 llomiuus
245 3478 319 3541 Luc.
335 3478 509 3557 hprobanit
521 3496 556 3542 se
569 3497 631 3543 uon
644 3496 714 3545 esse
729 3485 870 3562 spiritum
885 3504 941 3549 seu
987 3490 1150 3559 sariorum,
1174 3484 1262 3546 iacile
1283 3482 1359 3545 solui
1371 3485 1513 3560 possunt.
1527 3478 1600 3540 llam
1616 3479 1664 3540 rel
1677 3481 1802 3540 mutatio
1818 3481 1850 3541 ιιι

78 3562 271 3638 phantasma,
288 3563 343 3623 sed
356 3577 469 3641 corpus
480 3563 611 3625 solidum
639 3580 675 3627 eu
700 3571 792 3629 tactu:
809 3567 945 3649 Palpcte
987 3586 1068 3651 pane
1089 3566 1301 3630 Eucharistiae
1317 3570 1365 3626 εει
1378 3563 1443 3626 εειε
1458 3561 1607 3632 ειιειειιο,
1623 3561 1672 3622 rei
1683 3570 1731 3623 est
1746 3578 1851 3623 eorru-

81 3649 112 3703 rt
125 3644 246 3710 uidete,
261 3645 343 3723 quia
355 3646 490 3723 spiritua
518 3662 652 3711 carnem
672 3653 701 3709 et
716 3664 790 3711 aare
802 3667 871 3713 ιιειι
891 3653 947 3715 ha·
988 3652 1108 3730 ptiust
1124 3651 1188 3712 sola
1210 3648 1359 3715 alteratio,
1388 3652 1422 3707 ιιι
1437 3643 1622 3716 εειειεειιο,
1645 3646 1847 3708 condensatio

77 3725 142 3800 het,
158 3727 243 3788 sicut
256 3742 308 3787 rrae
322 3726 436 3789 uidetis
451 3727 580 3791 habere.
611 3728 671 3792 tius
687 3736 786 3794 autem
803 3750 871 3795 curn
888 3736 946 3798 Lu·
989 3742 1050 3798 etc.
1067 3742 1131 3796 tum
1143 3749 1204 3794 non
1221 3730 1388 3811 requiritur
1401 3726 1539 3798 panteria,
1567 3741 1623 3787 seu
1652 3728 1823 3789 suhstautia
1842 3747 1852 3803 ;

78 3809 218 3869 thermus
233 3807 425 3887 disputamus
439 3813 478 3873 de
490 3812 657 3873 substantia
673 3814 773 3892 panis,
790 3832 867 3893 quae
884 3836 945 3882 non
988 3834 1059 3880 nam
1075 3814 1244 3878 accidentia
1260 3813 1361 3875 omnia
1379 3825 1432 3887 pro
1448 3807 1590 3885 suhje‘cto
1607 3808 1721 3869 habent
1734 3811 1855 3889 quanli·

78 3898 128 3953 est
144 3890 301 3969 obiectum
314 3908 535 3965 sensuum‚uee
551 3896 720 3973 proprium,
738 3914 796 3959 uec
811 3916 946 3963 commu·
989 3907 1093 3967 tatem,
1110 3899 1231 3979 quaein
1246 3898 1437 3959 sacramento
1453 3889 1657 3953 mauel.Unde
1671 3891 1772 3953 hostia
1783 3909 1857 3955 con-

79 3989 132 4041 ae,
150 3974 209 4034 nisi
222 3988 278 4051 per
293 3976 455 4049 accidens,¹
473 3984 504 4038 et
525 3976 556 4037 in
573 3992 633 4056 quo
648 3994 741 4058 saepe
757 3987 883 4043 erratur.
990 3994 1107 4046 sacrata
1121 3983 1232 4043 dicitur
1253 3980 1333 4050 alba,
1350 3974 1456 4051 sapida
1474 4022 1482 4046 ,
1507 3973 1648 4045 rotunda,
1677 3990 1766 4049 parra
1793 3981 1854 4037 etc.

122 4056 265 4117 Secunda
279 4074 389 4119 caussa
405 4065 463 4128 est,
478 4059 547 4137 quia
564 4059 717 4138 Scriptura
733 4078 883 4143 nusquam
900 4066 944 4127 dl·
989 4068 1068 4128 haec
1081 4066 1164 4127 enim
1175 4062 1278 4135 omnia
1294 4060 1493 4122 denominant
1503 4057 1714 4134 quantitatem,
1739 4056 1855 4137 alioqui

78 4137 290 4200 citdhristum
307 4156 367 4202 non
384 4142 497 4203 hahere
512 4156 614 4203 verum
626 4159 750 4223 eorpus,
767 4145 859 4207 immo
875 4164 948 4209 con·
990 4165 1051 4209 non
1067 4152 1172 4226 posset
1185 4145 1251 4207 ilari
1265 4146 1321 4205 ista
1337 4140 1557 4203 denominatio:
1575 4154 1638 4201 non
1665 4139 1747 4202 euim
1771 4144 1851 4201 acci·

80 4221 207 4283 trurium
229 4220 367 4296 affirmat,
383 4230 414 4284 et
429 4224 569 4286 similiter
583 4224 720 4289 Ecclesia
750 4227 780 4288 in
807 4230 946 4293 conciliis
990 4232 1091 4292 dentia
1107 4231 1147 4291 de
1161 4228 1274 4306 seipsis
1288 4224 1433 4287 dicuntur
1447 4225 1477 4282 in
1493 4228 1662 4292 concretos
1678 4222 1733 4283 sed
1749 4223 1852 4284 solum

80 4304 164 4365 idem
181 4319 305 4382 semper
319 4307 434 4368 docuit.
450 4307 552 4368 Posito
567 4316 665 4370 autem
680 4310 946 4375 hociuudameuto
991 4315 1030 4375 de
1045 4312 1199 4392 subjecto,
1218 4315 1343 4387 excepta
1370 4305 1548 4384 quantitate,
1574 4320 1653 4383 quae
1682 4310 1713 4365 et
1741 4305 1856 4368 dicitnr

77 4385 154 4449 lirici
171 4404 206 4447 ex
228 4389 321 4450 rerho
336 4388 391 4450 Dei
408 4404 462 4470 par
476 4388 643 4451 Ecclesiam
672 4391 832 4469 explicato,
862 4402 946 4459 recte
992 4398 1321 4476 quantitasetquanta.
1334 4388 1370 4451 Et
1381 4385 1538 4451 sicutiieri
1549 4393 1699 4466 potestat
1710 4396 1855 4449 maneant

78 4468 267 4531 adhiheatur
288 4472 389 4532 omnia
405 4476 583 4551 argumenta
600 4474 669 4547 alia,
682 4490 760 4554 quae
774 4474 855 4537 idem
872 4494 945 4540 con·
992 4480 1153 4557 qualitates
1167 4478 1199 4537 iu
1215 4475 1382 4553 quantitate
1395 4476 1560 4548 separatae
1578 4472 1723 4543 materia,
1746 4469 1793 4531 sic
1806 4477 1850 4532 et·

78 4552 200 4613 llrmara
216 4554 569 4633 possunt31icetalioqui
600 4572 659 4618 nou
682 4558 804 4635 possint
821 4561 945 4621 certitu·
990 4562 1049 4622 iam
1066 4566 1166 4640 potest
1180 4558 1257 4628 ilari,
1274 4564 1306 4618 ut
1320 4555 1550 4616 introducantur
1565 4568 1660 4614 norae
1688 4552 1851 4632 qualitates

82 4638 190 4696 dinem
203 4631 275 4697 fidei
292 4638 460 4698 catholicae
476 4636 647 4701 edicerent
662 4639 692 4701 iu
709 4657 815 4703 caussa
833 4640 945 4707 Luthe·
990 4643 1023 4705 in
1038 4642 1167 4705 eaudern
1196 4641 1393 4719 quantitatem
1420 4652 1435 4695 a
1461 4635 1588 4695 materia
1613 4643 1796 4710 separatam.
1814 4636 1847 4700 si

78 4734 239 4788 rariorum,
256 4718 382 4781 uerbum
399 4720 452 4782 Ilei
469 4736 524 4797 per
534 4720 702 4785 Ecclesiam
718 4724 896 4787 catholicam
913 4726 944 4789 in
989 4744 1061 4789 reru
1077 4726 1117 4787 ειι
1131 4724 1286 4801 corruptio
1297 4720 1472 4798 specierum
1490 4764 1498 4789 ,
1522 4723 1553 4778 ut
1570 4720 1601 4778 iu
1618 4718 1780 4786 nutritione
1795 4720 1852 4781 hu·

78 4799 185 4861 inuitis
200 4802 536 4865 conciliisdeclaratum
552 4806 689 4875 affirmat,
705 4807 736 4869 iu
753 4806 944 4873 Eucharistia
990 4826 1090 4879 mauu,
1103 4805 1316 4869 combustione
1332 4807 1457 4863 etatum
1473 4800 1637 4879 requiritur
1649 4800 1772 4877 quidem
1789 4817 1851 4860 ma·

78 4899 141 4943 uon
157 4898 229 4945 esse
244 4900 366 4961 panem:
380 4887 692 4963 proindeargumanta
706 4905 742 4951 ex
754 4891 944 4968 experimen·
989 4893 1075 4961 teria,
1091 4892 1146 4953 sed
1162 4906 1197 4951 eu
1213 4885 1405 4951 substituitur
1419 4902 1435 4945 a
1456 4882 1519 4945 ileo
1535 4883 1564 4943 in
1581 4882 1634 4943 illo
1650 4886 1716 4960 ipso
1732 4883 1848 4943 instau-

78 4974 108 5025 ιε
124 4981 287 5031 εειιειιιιιιι.
303 4984 382 5043 quae
397 4969 444 5045 (ut
455 4970 590 5047 ostendi)
612 4970 642 5030 in
659 4986 693 5033 se
709 4972 827 5034 iallucia
843 4980 940 5049 suut,
990 4974 1021 5044 ιι,
1033 4990 1093 5052 quo
1109 4973 1254 5036 desinunt
1265 4985 1334 5032 esse
1346 4968 1417 5029 illae
1432 4966 1566 5040 species,
1590 4971 1620 5026 et
1640 4964 1671 5027 iu
1687 4982 1749 5044 quo
1763 4964 1847 5026 aliud

77 5052 107 5107 iu
124 5050 183 5107 hac
199 5064 231 5109 re
244 5050 438 5113 tallaeissinra
452 5051 618 5129 judicanda
640 5060 722 5117 suut.
987 5064 1163 5135 generatum
1179 5062 1210 5118 ct
1225 5057 1284 5115 hoc
1295 5053 1363 5114 sine
1379 5048 1537 5111 miraculo.
1561 5047 1648 5109 Siout
1673 5048 1756 5108 enirn
1778 5064 1850 5110 curu

118 5132 163 5190 td
180 5140 391 5209 argumentum
407 5133 501 5206 Septi,
518 5134 588 5197 dieu
602 5136 679 5197 nihil
691 5152 760 5198 esso
773 5136 839 5199 latai
855 5138 885 5198 in
901 5138 941 5198 si·
986 5139 1133 5217 disposita
1149 5143 1197 5200 est
1217 5135 1340 5203 materia
1356 5130 1631 5208 corporishumani
1646 5129 1846 5203 sufficienter,

76 5229 140 5285 gno
157 5215 298 5274 seusihili
314 5213 536 5290 Eucharistiaer
553 5217 623 5297 quia
636 5219 803 5281 accidentia
829 5222 878 5281 illa
901 5220 943 5282 si·
988 5221 1212 5284 Deusauimam
1226 5224 1311 5281 creat
1338 5222 1367 5277 ει
1381 5212 1524 5285 ιιιιιιιιιιιι,
1542 5220 1572 5275 ει
1586 5213 1645 5273 hoc
1660 5226 1721 5274 uun
1738 5213 1850 5275 dicitur

76 5294 227 5365 gnitieuut
241 5300 416 5360 naturaiiter
431 5300 489 5361 sub
505 5300 554 5359 illa
571 5302 676 5379 specie
692 5303 786 5363 lutere
801 5304 943 5364 substau-
988 5304 1180 5368 miraculum,
1203 5302 1273 5379 quia
1290 5300 1348 5361 hoc
1364 5296 1457 5374 exigit
1478 5295 1554 5356 ordo
1569 5311 1671 5357 rerum
1687 5313 1702 5356 a
1725 5296 1788 5357 [leo
1804 5296 1851 5356 in·

78 5390 150 5437 uam
165 5378 265 5454 panis,
282 5386 311 5439 at
327 5380 408 5444 ideo.
426 5382 483 5441 nisi
502 5390 621 5459 praeter
635 5402 770 5457 cursum,
787 5386 940 5447 ordinem·
988 5390 1122 5450 stitutus:
1140 5387 1178 5447 ita
1191 5385 1281 5445 ctiam
1296 5378 1491 5458 quando-per
1505 5378 1714 5439 alterationem
1730 5379 1850 5459 speeie·

77 5476 140 5535 que
157 5466 284 5522 naturae
299 5461 381 5523 licus
395 5463 510 5541 aliquid
524 5464 623 5536 iaciat,
640 5484 695 5546 per
708 5467 758 5530 illa
773 5468 939 5530 accidentia
986 5486 1053 5533 rum
1067 5468 1156 5548 panis
1171 5481 1209 5529 eo
1222 5466 1388 5532 reclinant
1402 5458 1502 5521 adsint
1513 5458 1733 5538 dispositiones
1747 5462 1848 5543 requi·

78 5543 201 5604 aeuitur
215 5545 462 5623 incognitionem
478 5546 677 5612 substantiae.
694 5550 728 5612 ln
752 5550 941 5613 Eucharistia
987 5555 1064 5615 sitae
1084 5552 1121 5613 ad
1137 5551 1269 5628 aliquam
1285 5548 1411 5607 turmam
1427 5542 1689 5620 introducendam,
1707 5545 1848 5625 erigente

77 5634 180 5687 auteur
197 5642 257 5687 uon
275 5629 462 5691 naturaliter.
484 5630 539 5691 sed
555 5648 646 5710 supra
662 5634 800 5695 ordinem
817 5641 943 5697 naturae
988 5636 1097 5697 ordine
1112 5649 1224 5705 rerum,
1241 5632 1324 5693 Deus
1337 5624 1493 5689 materiam
1508 5626 1676 5699 substituit,
1701 5637 1731 5691 et
1748 5629 1778 5690 in
1793 5628 1847 5690 illo

79 5710 123 5787 tir,
142 5716 175 5773 ιιι
190 5710 249 5775 sub
264 5712 328 5775 illis
342 5711 553 5779 accidentibus
568 5716 648 5779 desit
663 5715 831 5781 substantia
844 5716 943 5799 panis.
989 5718 1058 5799 ipso
1070 5717 1193 5782 instanti
1216 5715 1254 5778 ah
1275 5718 1385 5794 agente
1400 5707 1538 5785 naturali,
1556 5707 1764 5775 mediantibus
1787 5712 1851 5773 dis·
