4084 6275
805 364 901 421 ernau
922 364 1074 431 cataros
1470 330 1472 337 '
1566 412 1572 421 .
1704 364 1757 421 ue

6 466 9 583 ζ
61 481 185 589 hetin,
200 496 369 572 planetum,
390 495 556 578 jejunium,
582 512 705 561 saccum
731 501 792 561 etc.
817 496 924 578 licque
967 503 1053 573 dom,
1069 499 1124 564 sed
1140 470 1235 561 eiiam·
1246 497 1283 561 ad
1299 494 1500 577 ligandum3ei
1515 494 1584 558 ideo
1599 496 1715 559 sicuila
1731 498 1823 575 culpa

62 595 136 639 cnm
151 579 295 665 dicuntur
308 580 402 659 aliqui
416 596 535 660 poenas
548 586 658 659 sponte
672 596 726 643 sua
751 595 929 658 assumeres
967 587 1162 664 poenitentes
1177 583 1347 655 absolvunt,
1363 580 1401 641 iia
1417 580 1506 641 etiam
1532 594 1624 659 posse
1646 596 1683 643 aa
1707 579 1823 643 debere

7 689 9 746 l
61 660 154 731 titud,
177 666 363 739 monastic
384 664 781 727 nouercludlimaodatnm
806 664 861 726 liei
882 665 923 729 de
967 667 1094 731 eosdem
1120 665 1157 728 ad
1183 671 1264 729 certa
1289 662 1495 743 poeniteutiae
1521 674 1613 741 opera
1639 663 1775 742 alligare:
1793 670 1824 725 et

7 791 8 802 ,
59 744 252 819 poenitentia
273 745 403 823 agenda.
426 752 457 808 ei
478 747 626 824 operibus
651 744 813 809 laboriosis
836 761 923 810 asso·
967 749 1221 829 quemadmodum
1238 752 1360 825 peccata
1375 746 1532 808 remittunt
1545 745 1777 825 quaadcuipam
1793 753 1824 808 ei

7 821 9 914 ᾗ
61 826 199 902 mendis}
214 828 271 889 sed
287 828 422 891 excludit
437 836 500 891 inm
515 828 671 907 peculiare
685 830 854 891 sacerdotis
869 831 924 892 im·
967 829 1097 913 po‘enam
1113 839 1278 903 aeternam,
1295 832 1366 891 dum
1383 829 1554 903 absolvunt,
1571 827 1616 890 sic
1640 828 1729 891 eiiam
1752 846 1823 908 pee-

7 959 8 998 ,
58 910 384 986 perium3iumeiiam
412 919 529 974 certum
551 926 650 990 genus
673 918 725 974 aui
748 928 923 975 mensuram
966 912 1736 993 auiaretinentuuoadpoenamternpcrai·em‚dum
1749 912 1824 975 mul·

55 1006 190 1069 operum
206 992 536 1070 laboriosorum,uuem
551 994 705 1073 Scriptura
720 1003 772 1058 aui
787 996 923 1059 Ecclesia
967 1004 1047 1061 aiam
1063 999 1232 1076 poenitenti
1248 998 1420 1073 imponunt.

57 1074 92 1135 iu
111 1076 287 1151 particulari
304 1076 549 1153 praescripserit.
1006 1082 1145 1143 Ridicula
1161 1085 1262 1142 autem
1276 1084 1325 1140 esi
1339 1076 1472 1155 obiectio
1487 1075 1622 1149 botheri,
1649 1077 1730 1152 quod
1755 1090 1825 1155 pec·

101 1157 181 1220 iilud
197 1158 384 1221 autemzliou
399 1160 683 1235 accides,uuorsum
694 1159 928 1224 adducituriue·
967 1170 1043 1234 cata,
1059 1164 1145 1241 ligari
1162 1169 1192 1225 et
1205 1162 1281 1224 salvi
1295 1161 1446 1221 dieantur:
1464 1173 1524 1220 nan
1541 1158 1762 1231 contaminant
1777 1175 1825 1221 sa·

58 1256 124 1319 que
140 1241 223 1301 enim
239 1242 322 1304 ullus
336 1248 473 1304 nostrum
489 1241 597 1320 probri
618 1241 769 1311 eiusmodi
795 1260 924 1325 poenae,
969 1248 1109 1309 tisiactio.
1126 1246 1196 1307 Nam
1212 1260 1312 1323 neque
1329 1258 1385 1303 nos
1401 1241 1543 1310 dicimus,
1567 1240 1654 1319 ligari
1681 1241 1728 1303 rel
1749 1242 1827 1304 solvi

57 1338 141 1401 quae
158 1331 300 1395 mortem,
316 1331 367 1385 aut
380 1323 488 1385 mortis
503 1322 673 1401 perieulum
688 1326 815 1389 adierat.
831 1327 925 1389 Porro
967 1329 1206 1405 coniessionem‚
1230 1334 1282 1389 aot
1302 1322 1551 1388 satisfactionem:
1579 1338 1680 1403 neque
1702 1327 1826 1401 proprie

56 1406 194 1485 jejunia,
210 1420 333 1485 preces,
345 1407 427 1468 sacci
440 1409 766 1486 eicaeieraecorporia
778 1411 925 1488 asperiia·
968 1418 1092 1491 peccata
1108 1414 1278 1481 salvuntur,
1294 1413 1346 1471 aui
1360 1407 1503 1486 ligantum
1521 1406 1575 1467 scd
1587 1406 1730 1468 homiues
1741 1413 1826 1480 sunt,

58 1489 435 1560 iesadeouonacciduni,
447 1489 880 1571 uteremitaeiilireteres‚aui
893 1493 925 1553 in
968 1496 1020 1573 qui
1036 1512 1052 1557 u
1067 1494 1199 1556 vinculis
1213 1499 1407 1571 peecatorum
1424 1490 1633 1565 absolvuntur,
1651 1491 1699 1551 vei
1714 1504 1827 1567 poene·

56 1569 216 1649 ejusmodi
228 1572 377 1648 operibus
388 1577 511 1649 praeter
521 1576 660 1644 caeteros
674 1573 817 1636 homiues
837 1590 922 1637 caer·
968 1578 1035 1642 rum
1050 1576 1181 1640 vinculis
1196 1577 1370 1654 alligantur.

54 1654 217 1726 (rebantur,
234 1654 406 1716 diutissime
420 1655 533 1716 uixisse
549 1657 706 1733 legantur:
734 1673 836 1734 neque
847 1658 924 1719 iliud
1008 1661 1101 1723 Porro
1117 1662 1148 1723 in
1165 1665 1314 1737 potestate
1329 1656 1459 1718 clavium
1482 1652 1643 1723 contineri,
1669 1656 1702 1715 ut
1726 1670 1828 1716 sacer·

56 1737 169 1811 negari
183 1742 295 1815 potest,
308 1737 382 1815 quin
398 1735 502 1815 piures
516 1738 745 1817 copulandam
757 1739 924 1820 J'eJ'unium:
968 1744 1057 1806 dotes
1070 1742 1299 1824 poenitentibus
1311 1754 1402 1817 opera
1415 1737 1564 1817 quaedam
1577 1736 1728 1798 laboriosa
1739 1752 1827 1813 prae-

53 1819 202 1894 deliciae,
218 1836 310 1897 iianm
321 1818 442 1881 iabores
453 1820 632 1882 occiderint.
968 1827 1118 1901 scribani;
1134 1844 1169 1888 ac
1185 1842 1239 1905 per
1253 1826 1324 1896 hoc,
1341 1822 1377 1883 ad
1389 1821 1601 1901 inediarum,
1629 1834 1690 1881 non
1711 1819 1748 1880 ad
1771 1820 1826 1880 bu·

99 1902 237 1980 benique
251 1900 461 1975 iiiod,llabeio
475 1903 629 1967 honorem
643 1904 866 1983 corpori.auod
887 1920 926 1967 cr
969 1924 1074 1971 manas
1089 1910 1267 1971 traditiones
1282 1908 1342 1969 huc
1357 1905 1523 1982 pertinere,
1541 1907 1666 1963 testator
1680 1917 1706 1963 s.
1722 1901 1784 1965 Leo
1797 1903 1827 1963 in

54 2001 131 2063 cati·
147 1984 178 2046 2·
195 1985 231 2047 td
248 1982 368 2047 Coloss-
383 1984 560 2056 bulherum,
577 1990 727 2065 corbolii,
755 2004 845 2067 uuam
860 1989 924 2048 eol·
968 1993 1063 2069 epist.
1078 1991 1129 2055 it.
1146 1993 1182 2054 ad
1199 1991 1391 2053 Theodorum
1409 1988 1458 2047 bis
1472 1983 1584 2046 vorbis:
1600 1983 1756 2047 Mediator
1770 1984 1828 2057 liei

54 2084 129 2128 mae
144 2066 359 2138 studiosiores,
377 2068 493 2147 passim
518 2069 640 2131 adierre
664 2071 779 2145 soient,
802 2070 924 2133 duobus
968 2081 998 2137 et
1012 2076 1193 2147 hominum,
1209 2074 1292 2136 hauc
1305 2069 1498 2151 praepositis
1512 2066 1673 2129 Ecclesiae
1694 2068 1830 2130 tradidit

54 2149 160 2212 modis
175 2150 427 2213 commodissime
442 2154 623 2230 explicatur.
638 2151 711 2215 Nam
723 2155 750 2215 si
769 2168 923 2215 carnuten-
965 2162 1202 2235 potestatem‚ei
1214 2162 1251 2219 ui
1264 2152 1485 2231 confitentibus
1498 2150 1830 2230 acitaaerupoeoitea·

54 2232 169 2295 tarium
185 2234 282 2294 saucii
296 2230 426 2295 ioannis
440 2236 643 2313 chrysostomi
670 2238 757 2315 sequi
780 2238 922 2309 rotimus,
963 2242 1028 2303 tiae
1044 2242 1169 2315 duceni,
1187 2244 1215 2303 el
1228 2238 1356 2301 eosdem
1367 2234 1491 2299 salubri
1505 2232 1725 2307 satisfactione
1738 2250 1816 2311 pur·

55 2318 211 2377 sententia
228 2315 362 2395 hpostoii
379 2318 437 2379 erit
450 2324 483 2379 nt
495 2317 619 2379 debitus
630 2317 729 2379 bonor
740 2322 860 2397 corpori
873 2320 924 2382 tri·
963 2329 1065 2401 gaios,
1083 2324 1127 2386 ad
1141 2320 1399 2387 communionem
1413 2320 1690 2379 sacramentorum
1703 2332 1763 2395 per
1771 2317 1825 2394 ja·

54 2400 182 2460 buaiur.
198 2398 297 2477 litigii
310 2405 410 2460 autem
426 2400 550 2463 debitus
563 2402 665 2461 honor
678 2405 829 2480 eorporis.
844 2408 879 2464 ui
893 2404 922 2465 ei
963 2422 1070 2471 uuam
1082 2404 1358 2470 reconciliationis
1373 2400 1589 2463 admilierent.

52 2483 234 2543 necessaria
249 2482 476 2561 provideantur,
493 2483 576 2561 quod
593 2482 765 2545 iaciendum
779 2494 850 2564 cese
864 2502 922 2548 nos
1005 2488 1137 2551 Sanctus
1152 2490 1242 2550 eiiam
1258 2486 1427 2566 Cyprianus
1443 2485 1472 2543 in
1488 2479 1623 2543 sermda
1638 2479 1821 2557 lapsis,dum

52 2565 185 2626 minime
199 2579 359 2642 negamus3
376 2580 437 2627 non
454 2571 553 2627 autern
569 2565 673 2642 exigit.
692 2573 724 2628 ul
738 2568 779 2629 ob
800 2565 921 2631 animae
965 2572 1124 2635 contendit
1140 2586 1202 2637 non
1218 2575 1359 2649 oportere
1375 2567 1410 2629 ad
1426 2570 1590 2644 martyrum
1603 2564 1829 2641 precasremit·

54 2649 191 2709 salutem
206 2664 266 2709 nou
282 2647 441 2726 affligatur.
458 2649 572 2725 alioqui
587 2648 702 2710 Paulus
726 2650 795 2728 ipsc
816 2656 921 2713 contra
966 2660 1029 2716 iere
1046 2660 1169 2733 peccata
1185 2654 1291 2729 lapsis
1309 2650 1368 2712 nisi
1384 2650 1470 2729 prius
1492 2646 1681 2724 expleverint
1704 2645 1828 2722 imposi-

55 2747 152 2791 suum
168 2733 363 2808 praecepium
380 2730 505 2808 egisset,
522 2732 645 2811 quando
666 2734 835 2812 castigabit
854 2750 921 2795 cor·
964 2744 1010 2798 tas
1026 2739 1165 2811 mulctas,
1182 2736 1219 2798 ad
1234 2735 1427 2811 evangellum
1441 2728 1580 2793 recurrit:
1599 2727 1716 2790 Contra
1733 2744 1829 2791 man·

52 2828 235 2889 passuum,
252 2818 283 2873 ei
294 2815 323 2872 iu
339 2813 514 2875 servitutem
529 2813 700 2892 redigebat,
718 2816 748 2877 1.
765 2815 835 2879 Cor.
850 2816 919 2879 681
961 2822 1050 2898 getii.
1066 2820 1177 2895 inquit,
1193 2820 1347 2895 uigorem,
1364 2820 1478 2877 couira
1490 2812 1620 2873 llomiui
1641 2826 1679 2873 ac
1704 2809 1761 2872 Dei
1784 2812 1827 2873 ie·

52 2910 133 2956 vero
146 2902 287 2956 sanctum
303 2895 503 2973 Augustinum
519 2896 679 2959 audiamus
693 2899 725 2959 in
749 2899 842 2977 cpisi.
865 2898 917 2962 59.
961 2904 1216 2980 gemtcmeriiale
1226 2900 1444 2980 cuonrandum
1454 2895 1828 2957 taaaturiacauaseam·

7 2973 8 3006 ³
52 2978 97 3038 ad
114 2978 283 3049 Paulinum,
298 2983 414 3039 tautum
429 2978 574 3052 aberit,ui
589 2979 639 3041 bic
654 2980 741 3041 iocus
755 2986 797 3042 sit
812 2988 919 3045 contra
961 2986 1153 3048 mimicaiio.
1171 2985 1270 3047 irrita
1296 2986 1326 3045 ei
1339 2982 1423 3059 sclao
1436 2992 1517 3058 pota,
1532 2976 1716 3054 animosa
1740 2976 1823 3039 dan·

7 3081 8 3086 ¹
51 3060 270 3128 nosuteiiam
284 3060 918 3141 maximoiaciaipronobisiiamexlu·
961 3058 1824 3146 tibue‚elnihilaccipienlibttaproiuiurc.·Nouercae-

52 3143 175 3222 gusiiui
191 3143 355 3217 seniculis,
371 3143 404 3205 b.
419 3144 531 3208 Paulus
544 3146 745 3221 reprehendit
759 3148 919 3225 quasdam,
963 3157 1043 3214 ruhi
1056 3152 1235 3215 sanctitatis
1248 3147 1456 3229 patientium,
1471 3159 1530 3208 nec
1543 3157 1655 3204 ceram
1669 3145 1710 3204 de
1725 3139 1825 3205 Satis·

52 3225 111 3302 qui
127 3241 164 3286 ex
179 3226 398 3302 superstitione
410 3242 523 3305 corpus
537 3226 725 3307 affligebant,
741 3244 803 3290 non
815 3239 916 3291 autem
961 3235 1102 3312 [actione
1115 3235 1327 3304 medicinam,
1342 3236 1373 3292 et
1386 3229 1475 3290 inira:
1493 3227 1611 3289 cantra
1621 3224 1826 3304 euangelium

52 3307 182 3371 utillud
198 3309 239 3372 ob
253 3309 374 3371 animae
388 3311 519 3372 satutem
534 3310 729 3389 castigarent:
744 3311 795 3375 obi
811 3329 919 3388 corpo·
961 3317 1069 3393 fucere
1082 3331 1152 3379 cah
1164 3320 1309 3395 possunt,
1333 3313 1392 3393 aui
1416 3309 1456 3374 de
1480 3309 1645 3388 euangelio
1666 3315 1825 3389 martyres

53 3389 133 3450 ralis
147 3390 271 3453 alliictia
286 3397 398 3470 sponte
416 3399 571 3471 assumpta
592 3393 744 3467 laudatur,
771 3395 827 3457 sed
848 3395 918 3458 buis
962 3398 1056 3476 ficui.
1241 3433 1244 3440 -

52 3473 158 3535 nialus
172 3476 420 3555 reprehenditur:
442 3476 596 3538 Videntur
609 3477 753 3553 quidem,
768 3477 867 3554 inquit
880 3480 916 3540 h·
1004 3480 1041 3542 Ει
1056 3498 1083 3543 s.
1101 3479 1265 3556 Gregorius
1280 3477 1335 3540 lib.
1351 3477 1381 3538 3.
1398 3475 1429 3536 in
1452 3475 1481 3535 i.
1508 3473 1637 3552 lingum,
1664 3472 1823 3549 explicans

53 3556 210 3632 postolos,
228 3573 315 3637 quae
326 3558 382 3620 isli
393 3557 520 3633 faciani
531 3559 694 3621 rationem
704 3558 858 3623 habenda
867 3577 919 3623 aa·
962 3579 1031 3641 cup.
1049 3564 1079 3624 1.
1092 3562 1238 3643 Afflictis
1253 3559 1361 3638 inquii,
1380 3555 1605 3621 Poertiientiao.
1622 3556 1667 3616 ud
1682 3555 1823 3618 aalmaa

49 3640 201 3717 pientiae
213 3640 252 3701 in
263 3642 491 3720 superstitione
518 3647 549 3702 et
570 3641 761 3712 humililate,
782 3658 852 3706 aaa
872 3645 918 3713 ad
960 3650 1095 3724 peccota
1108 3647 1228 3708 idaraea
1242 3649 1298 3714 asi,
1315 3657 1390 3704 cum
1402 3637 1576 3702 amedaeo
1589 3635 1688 3714 metit
1697 3636 1824 3717 jocata

48 3723 262 3800 parcendum
274 3724 483 3798 corporinoa
496 3724 534 3786 iu
547 3724 669 3786 honam
683 3726 794 3804 aliquo
809 3727 854 3790 ad
866 3743 918 3790 sa·
961 3731 1135 3808 imperata.
1144 3743 1220 3790 curu
1233 3727 1274 3789 oh
1289 3741 1325 3788 ca
1340 3721 1562 3799 erudientium
1570 3718 1693 3781 cadmia
1702 3720 1824 3782 docus·

52 3807 227 3867 iuriimem
239 3806 362 3879 comis,
378 3807 435 3868 hoc
449 3813 508 3880 osi,
526 3805 653 3869 Videtur
677 3810 801 3885 guidem
827 3810 920 3871 absti-
960 3813 1016 3877 sis.
1031 3825 1092 3890 pro
1103 3811 1198 3874 modo
1213 3809 1371 3882 ammireis,
1386 3820 1468 3868 onus
1482 3804 1528 3866 eis
1542 3803 1726 3865 decumiur
1742 3801 1824 3881 ailli-

51 3888 163 3948 neniia
179 3889 305 3951 istorum
326 3888 441 3951 babere
463 3890 611 3968 quasdam
636 3892 773 3952 rationes
796 3893 919 3968 sapien·
962 3894 1090 3957 abacis

52 3971 206 4049 tinemuta
222 3972 281 4034 hoc
296 3973 396 4035 iacere
411 3972 552 4035 videniur
566 3973 603 4034 ad
620 3973 839 4036 humiliandum
855 3991 918 4050 cor,
1002 3977 1047 4039 td
1059 3977 1137 4038 haec
1160 3975 1242 4055 pieni
1259 3977 1330 4035 suni
1344 3969 1543 4035 conciliorum
1564 3965 1634 4028 iibri
1649 3966 1820 4029 canonibus

55 4058 91 4113 ei
106 4054 315 4133 castigandum
333 4068 457 4134 corpus,
474 4071 536 4117 uon
552 4055 764 4117 honorandum
784 4062 815 4118 et
837 4063 918 4119 saio·
961 4058 1058 4138 (quod
1075 4075 1133 4120 nec
1148 4057 1313 4120 adversarii
1329 4041 1454 4133 negarit)
1476 4050 1589 4126 utribus
1613 4056 1729 4110 cerium
1746 4055 1820 4110 tem·

54 4135 203 4198 randum:
220 4142 320 4200 tamen
336 4139 408 4216 quia
433 4153 471 4200 ex
494 4138 714 4214 superstitione
738 4138 769 4200 id
793 4139 917 4217 iaciunt,
961 4159 1021 4220 pus
1035 4141 1074 4204 ad
1089 4140 1338 4203 salisiacieudum
1352 4134 1580 4214 poenitentibus
1591 4132 1821 4211 praescribitur.

60 4233 128 4280 non
144 4233 182 4281 ex
198 4235 266 4284 reru
283 4222 407 4300 pictate,
424 4221 500 4283 nihil
517 4223 563 4284 eis
578 4221 716 4301 prodest.
961 4225 999 4287 iit
1014 4225 1152 4306 quamvis
1168 4239 1260 4303 opera
1289 4219 1439 4306 laboriosa
1457 4264 1465 4290 ‚
1494 4213 1725 4294 poenitentibus
1746 4215 1820 4278 oiim

960 4307 1271 4370 anteabsoluiiouem
1292 4301 1527 4379 imponebantur
1547 4303 1578 4362 et
1592 4297 1793 4375 capiebantur
1813 4314 1823 4374 3

960 4398 1061 4453 tamen
1078 4406 1139 4452 nou
1156 4389 1251 4453 inisse
1268 4387 1298 4448 id
1315 4385 1455 4450 absolute
1470 4379 1750 4446 necessariurnsed
1767 4395 1819 4456 pa·

398 4503 515 4571 CAPUT
543 4503 568 4567 v
683 4471 689 4482 ’
960 4474 1057 4535 tuisse
1072 4473 1160 4534 etiam
1177 4470 1293 4551 expleri
1306 4475 1374 4548 posi
1385 4465 1658 4560 absolutionemui
1673 4465 1731 4558 hoc
1745 4467 1820 4524 iem·

391 4578 393 4583 ·
570 4551 580 4567 ⁹
960 4554 1117 4632 purchart
1133 4557 1224 4633 solet3
1241 4571 1276 4616 ac
1293 4567 1348 4632 per
1362 4552 1420 4612 hoc
1435 4546 1658 4610 satisfactiones
1674 4547 1742 4606 ritas
1758 4559 1820 4606 non

957 4646 1018 4700 iam
1041 4639 1078 4700 ad
1094 4639 1229 4716 cuipam,
1244 4651 1336 4715 quam
1350 4633 1387 4694 ad
1400 4645 1531 4710 poenam
1554 4626 1754 4706 iemporeiem
1769 4641 1821 4688 ex·

59 4749 169 4829 ‘'W“
182 4751 302 4833 quaa
315 4751 918 4835 acarnaniapetrariam-aa,
958 4711 1822 4882 111111ῗέ’.ἧῗξῗᾞωῗῗέἶῗῖἷὲἰῗι..ἵζὲἷῗεὲἰθῗέιῗῃῗῗοῗ

238 4861 323 4921 ’we
333 4873 355 4920 α
367 4857 588 4922 ”mmm
596 4859 743 4939 ‘'nm“
959 4886 1130 4949 nitentibus
1145 4883 1391 4948 communionem
1406 4879 1482 4948 dari,
1495 4877 1614 4940 etiamsi
1643 4875 1738 4965 anila:
1767 4881 1820 4936 aui

961 4987 1024 5032 non
1040 4970 1129 5046 plena
1145 4965 1348 5046 praecesserit
1363 4961 1546 5034 Satisiactim
1562 4959 1618 5020 sed
1640 4965 1740 5020 tamen
1768 4958 1821 5018 ad'·

53 5052 58 5059 ·
100 5039 383 5106 Demonstravimus
396 5043 546 5108 hactenus
560 5060 653 5124 opera
664 5044 817 5108 laboriosa
828 5061 922 5126 spon·
962 5053 1094 5122 monast,
1111 5058 1146 5113 ur
1159 5051 1183 5114 st
1199 5050 1276 5112 topia
1291 5044 1650 5127 gupewtgepnrpmagfg
1664 5039 1825 5120 poeninen.

57 5131 89 5186 ¹⁰
105 5129 218 5187 issum*
234 5141 339 5205 9⁰⁸⁸&
355 5125 506 5207 sequitur,
522 5133 556 5190 1¹¹
570 5144 604 5191 0⁸
620 5144 715 5206 l⁰S⁸⁰
739 5143 864 5208 quoquc
885 5145 922 5190 ιθ
962 5137 1035 5198 iiam
1051 5134 1110 5197 sibi
1125 5135 1292 5214 injunctam
1306 5130 1462 5209 expleant.
1481 5125 1554 5188 llide
1582 5123 1748 5186 concilium
1779 5122 1823 5183 ui·

56 5207 174 5270 debera
185 5226 201 5269 a
212 5210 427 5272 sacerdotibus
450 5209 569 5292 injungi
586 5257 594 5289 ,
625 5211 759 5275 breviter
779 5213 924 5274 ostenda·
963 5233 1105 5290 caenum,
1122 5233 1190 5278 can.
1209 5216 1258 5277 12.
1272 5214 1350 5277 alias
1366 5211 1416 5274 16.
1432 5208 1679 5288 carthaginiense
1693 5204 1743 5268 1v.
1751 5219 1821 5267 cun.

57 5305 141 5352 '⁰¹¹⁸-
964 5295 1574 5378 3.moguntinumsubliabauo,canou.
1590 5289 1642 5352 aa.
1659 5288 1734 5352 Item
1749 5304 1819 5362 cap.

97 5373 231 5452 Primum
247 5375 341 5456 iilnur
354 5373 446 5436 'ilbi
462 5374 513 5436 ⁵¹¹⁸
531 5375 666 5438 ὓθῐθῑΰῖ·
693 5374 925 5456 Quodcumque
964 5382 1016 5446 86.
1033 5397 1209 5462 graecarum
1225 5381 1412 5461 synodorum
1441 5395 1456 5435 a
1485 5374 1613 5437 liartino
1640 5369 1819 5436 bracarensi

56 5455 219 5535 ligaveris.
234 5454 339 5521 dietih.
357 5458 407 5519 16.
424 5463 465 5531 ei,
485 5455 711 5539 Quaecumque
736 5459 919 5538 alligaveri-
965 5465 1209 5528 collectarum2et
1223 5479 1260 5526 ex
1273 5457 1486 5524 Paenitentiaii
1497 5454 1649 5518 Theodori
1661 5455 1740 5534 apud
1753 5451 1826 5516 Gra·

57 5540 107 5613 tie,
124 5539 228 5602 lisith.
245 5540 295 5603 tit.
312 5541 387 5605 satis
401 5547 506 5620 aperte
521 5543 580 5621 hoc
593 5543 716 5604 duceni.
732 5543 825 5605 ilecto
837 5541 920 5604 enim
966 5550 1093 5622 hunum,
1109 5547 1162 5609 26.
1179 5553 1297 5626 quaest.
1315 5545 1345 5608 1.
1361 5559 1431 5606 can.
1446 5542 1489 5604 th
1504 5539 1647 5603 inilrmis.

57 5622 224 5686 concilium
239 5625 438 5688 tridentinum
455 5639 537 5686 sess.
564 5625 615 5688 tt.
641 5641 710 5688 can.
739 5625 789 5688 15.
816 5625 919 5688 docel:
1006 5628 1067 5693 lien
1081 5647 1153 5692 varo
1168 5629 1280 5692 desunt
1294 5621 1633 5709 optinuerattonaspb
1645 5635 1720 5698 quas
1734 5619 1825 5712 plana

56 5703 164 5771 cirros
178 5709 391 5774 sacerdotibus
406 5707 493 5773 datus
508 5723 571 5772 uon
599 5713 715 5774 mutuor
739 5710 778 5774 ad
799 5710 920 5774 solven-
966 5729 1144 5795 congruens
1158 5713 1260 5792 inerit,
1288 5717 1321 5776 ut
1335 5711 1368 5776 in
1395 5711 1587 5774 sacramento
1616 5703 1826 5769 poenitenliae
