4084 6275
275 326 328 381 sn
1019 308 1183 373 ocurssa
1300 272 1302 277 ’

206 460 248 521 tio
263 461 293 519 et
307 450 499 533 dispensatio
513 447 695 513 sacramenti
709 447 766 513 luit
779 449 810 510 in
823 464 882 511 usu
895 445 1066 528 primitivae
1111 446 1205 520 ciant,
1219 445 1440 527 sicntoportet,
1463 445 1520 509 sed
1539 444 1655 515 ⁴diuites
1680 444 1812 509 seorsim
1838 450 1869 509 et
1891 444 1981 511 laute

204 538 361 603 Ecclesiae
376 536 406 597 in
422 533 628 597 celebratione
638 546 755 594 coenae
769 530 902 594 Domini.
1111 529 1320 607 concitentur,
1337 544 1489 610 pauperes
1504 534 1605 593 autem
1621 528 1710 591 etiam
1721 530 1864 605 seorsim,
1881 534 1915 591 et
1929 530 1982 589 rix

247 620 445 700 Respondeo:
461 615 542 679 Nihil
557 615 659 677 retius
673 613 735 676 dici
749 620 863 691 potcst3
874 613 930 677 sed
945 630 1007 676 non
1018 616 1067 677 in·
1111 614 1147 674 ad
1163 612 1332 677 satietatem
1344 612 1529 676 reficiantur:
1544 612 1626 675 hunc
1641 617 1741 674 autem
1770 612 1903 677 abusum
1929 628 1981 673 re-

205 703 477 782 desequiturnon
504 713 599 777 posse
622 712 759 775 uuquam
786 695 972 759 sacrificinm
997 698 1067 761 sine
1111 694 1279 775 prehendit
1292 694 1354 759 iilis
1368 695 1483 758 verbis:
1499 694 1574 756 lom
1600 708 1670 756 non
1698 700 1744 759 eat
1769 694 1983 759 Βοιιιιιιιιαιη

205 784 439 865 dispensatione
455 778 571 843 olierri.
587 778 660 841 Nam
676 785 707 841 ot
721 779 802 858 apud
828 794 885 852 nos
898 780 931 841 in
944 782 1067 860 templis
1111 792 1248 840 coenam
1268 780 1485 852 mandassem
1508 777 1736 857 nmmqnisqne
1763 778 1852 841 enim
1879 793 1983 839 meam

204 868 351 931 omnibus
363 863 535 929 celebratur
548 862 672 942 synaxis
688 878 756 923 cum
772 862 1002 941 dispensatione
1017 880 1066 929 sa·
1111 874 1246 923 comeam
1258 862 1436 939 mammet
1450 866 1508 923 etc.
1524 859 1589 923 lioo
1604 858 1662 921 est:
1679 858 1784 923 Vestra
1798 862 1857 922 ista
1872 860 1982 921 conri-

205 950 366 1022 cramonti,
382 954 412 1011 et
427 954 529 1009 tamen
553 961 617 1007 non
642 944 713 1007 ideo
742 944 925 1006 damnantur
951 963 1065 1020 sacra,
1112 944 1172 1017 ria,
1189 950 1318 1007 utounc
1333 944 1539 1013 celebrantur,
1555 958 1632 1003 non
1657 940 1893 1019 repraesentant
1915 958 1982 1003 am·

145 1054 151 1063 ·
205 1048 286 1112 quae
301 1033 333 1093 io
348 1026 634 1110 privatisorotoriis,
661 1028 709 1090 ret
722 1027 847 1089 sacellis
867 1028 936 1090 sice
958 1030 1066 1094 tatidi·
1111 1026 1195 1104 ptius
1210 1041 1336 1089 coenam
1367 1026 1571 1088 bominicam.
1593 1024 1745 1087 Dominus
1773 1025 1857 1087 enim
1882 1026 1982 1087 *simut

206 1113 408 1195 spensatione
421 1112 628 1174 celebrantur.
1111 1123 1181 1169 cum
1196 1108 1358 1187 discipulis
1379 1111 1410 1171 in
1427 1109 1533 1170 eadem
1550 1122 1655 1171 mensa
1672 1107 1826 1175 accubuit,
1854 1107 1979 1170 etiamsi

247 1196 347 1259 Tertia
361 1193 503 1269 obiectio.
519 1192 553 1253 D.
569 1192 680 1255 Paulos
696 1193 725 1253 i.
742 1190 934 1255 Corinthltt.
950 1194 1067 1257 deseri·
1112 1191 1180 1270 ipse
1195 1190 1355 1266 Dominus,
1369 1191 1413 1253 illi
1429 1192 1510 1253 servi
1523 1196 1640 1267 esseot3
1657 1204 1710 1251 ros
1736 1196 1837 1251 antero
1866 1190 1979 1252 iratres

207 1279 289 1343 bens
303 1279 394 1341 ritum
408 1289 523 1340 coenae
538 1274 671 1344 Domini,
697 1280 802 1352 aperte
817 1276 935 1350 scribit,
953 1293 1067 1357 eorpus
1111 1278 1240 1341 vestros.
1257 1276 1337 1352 quod
1355 1288 1508 1352 pauperes
1522 1274 1594 1343 sint,
1609 1291 1624 1333 a
1640 1288 1747 1335 mensa
1760 1280 1858 1335 restra
1873 1274 1980 1335 exclu-

207 1361 329 1424 Domioi
357 1357 576 1425 communicari
598 1361 629 1419 et
652 1356 795 1419 distribui
816 1356 972 1433 fidelibus,
988 1369 1019 1421 et
1032 1361 1067 1423 li-
1111 1356 1184 1417 ditis
1199 1362 1258 1418 etc.
1276 1360 1361 1434 Quae
1380 1358 1482 1419 omnia
1496 1356 1533 1418 od
1550 1355 1685 1417 convicia
1713 1356 1763 1417 iila
1793 1356 1978 1435 pertinent,

207 1445 296 1506 deles
310 1442 475 1523 participes
489 1455 561 1505 esse
575 1454 701 1502 mensae
715 1437 914 1513 Domini,nou
926 1450 1067 1522 spectan-
1113 1454 1173 1499 oon
1189 1438 1226 1498 ad
1241 1440 1476 1503 Eucharistiam:
1491 1454 1560 1501 nam
1576 1438 1659 1514 quod
1673 1437 1780 1501 attinet
1795 1438 1833 1501 ad
1858 1437 1980 1499 Eucha-

207 1527 247 1589 do
264 1542 357 1589 uourn
372 1524 618 1595 manducantem,
635 1521 691 1584 scd
706 1522 929 1585 manducando.
1110 1520 1238 1593 ristinm,
1254 1540 1363 1585 ornnes
1384 1538 1483 1601 aeque
1510 1520 1614 1584 sobrie
1635 1526 1666 1582 et
1690 1537 1788 1599 aeque
1803 1522 1888 1582 laute
1904 1536 1980 1597 epu·

248 1608 444 1687 Respondent
462 1606 630 1685 Apostolus
641 1620 679 1666 eo
704 1603 773 1666 loco
788 1621 851 1667 non
866 1607 1014 1671 describit
1029 1609 1069 1671 ri·
1112 1604 1338 1679 labantur,com
1355 1606 1500 1668 omnihus
1515 1603 1640 1665 daretur
1655 1618 1768 1681 corpus
1780 1604 1980 1665 Dominicum

209 1696 272 1753 tum
288 1706 403 1753 coenae
414 1688 548 1757 Domini,
563 1694 597 1749 ut
611 1686 747 1749 declaret
761 1688 834 1766 quid
849 1690 889 1749 sit
904 1689 969 1766 ipsa
985 1692 1067 1754 cele·
1112 1685 1143 1745 in
1158 1687 1277 1749 modico
1292 1690 1398 1767 specie
1413 1687 1514 1767 panis.
1530 1686 1636 1763 ltaque
1649 1691 1745 1747 totum
1761 1692 1979 1765 argumentum

207 1772 306 1835 bratio
320 1771 413 1852 hujus
426 1769 573 1847 mysterii,
588 1770 635 1831 rel
656 1769 688 1831 in
702 1786 764 1848 quo
777 1771 944 1849 praecipue
964 1775 1067 1836 consi·
1112 1768 1255 1849 liemoitii
1272 1772 1302 1832 in
1318 1769 1569 1849 aequivocatione
1585 1768 1715 1829 laborat.

208 1861 279 1929 stat,
296 1856 352 1917 sed
368 1859 482 1915 tanturn
497 1858 531 1914 ut
549 1851 761 1926 ostendat,eos
775 1850 828 1931 qui
843 1852 1067 1920 Eucharistiam
1153 1850 1309 1916 Secundo:
1321 1852 1446 1915 Etiamsi
1458 1851 1604 1915 balacius
1618 1849 1856 1913 deductaristia
1871 1851 1980 1928 loque·

208 1942 344 2009 sumant,
360 1936 526 2015 participes
541 1950 612 1998 esse
624 1949 750 1996 mensae
764 1934 896 2009 Domini,
912 1944 943 1999 et
964 1940 1068 2003 socios
1113 1938 1209 2005 reiut,
1239 1952 1308 1998 cum
1324 1951 1453 2003 coenam
1475 1950 1670 1997 communem
1685 1935 1820 2011 priratac
1835 1933 1978 2011 opponit,

208 2018 320 2083 Christi
334 2017 413 2081 deri:
429 2018 687 2098 quemadmodum
701 2016 780 2079 liunt
799 2018 876 2079 socii
891 2019 1068 2085 daemonio·
1114 2016 1384 2092 creberrimam,
1402 2025 1431 2079 et
1446 2017 1541 2093 aliqui
1556 2017 1608 2077 alii
1624 2023 1761 2078 veterum
1777 2016 1980 2093 probabiliter
2031 2020 2032 2059 3

207 2118 289 2176 rum,
304 2107 335 2163 et
350 2096 515 2180 participes
528 2098 715 2162 suntaltaris
726 2099 889 2173 idolorum,
903 2104 1070 2181 quispian·
1114 2099 1238 2161 docent:
1257 2100 1333 2163 nihil
1350 2100 1421 2161 inde
1436 2100 1540 2178 colligi
1568 2104 1675 2177 posset
1695 2114 1751 2177 pro
1780 2098 1978 2161 adversariis.

208 2191 256 2247 ter
269 2185 454 2247 manducant
467 2182 643 2259 idolothyta.
659 2180 703 2243 Er
727 2198 789 2261 quo
814 2200 875 2245 noo
896 2188 1067 2264 sequitur,
1113 2180 1226 2243 Paulus
1241 2185 1324 2245 enim
1335 2182 1536 2261 reprehendit
1550 2196 1677 2244 coenam
1709 2181 1868 2258 privatam.
1886 2198 1903 2241 fl
1920 2198 1978 2260 que

210 2267 336 2328 missam
347 2265 418 2329 sine
431 2266 648 2328 communione
660 2265 766 2343 populi
781 2280 852 2327 esse
867 2266 1069 2343 illicitam,vcl
1114 2264 1320 2328 excluduntur
1332 2266 1395 2337 otii,
1412 2280 1472 2326 non
1488 2264 1525 2325 ad
1541 2280 1631 2343 quarn
1649 2278 1710 2325 non
1726 2270 1891 2342 coguntur.
1908 2264 1978 2327 Por·

212 2364 280 2423 eos,
296 2349 347 2427 qni
360 2349 475 2410 missae
502 2347 656 2409 intersunt
679 2353 711 2408 et
731 2361 793 2408 non
815 2351 1067 2428 communicant,
1114 2361 1149 2406 ro
1171 2349 1282 2410 missae
1299 2355 1421 2410 nostrae
1440 2364 1501 2408 non
1516 2347 1685 2409 excludunt
1697 2348 1977 2422 communicantem

204 2432 289 2493 nibil
303 2429 440 2494 utilitatis
453 2428 652 2509 caperellam
663 2428 720 2491 ista
731 2428 886 2492 affirmans
900 2436 1070 2511 propositio
1114 2427 1207 2491 immo
1223 2431 1431 2493 otoonciiium
1453 2430 1651 2491 tridentinum
1672 2428 1802 2491 affirmat
1823 2444 1906 2491 sess.
1923 2428 1974 2489 22.

208 2512 369 2576 rarissima
383 2518 442 2585 cst,
458 2519 537 2575 etex
551 2511 643 2573 Paulo
658 2511 883 2591 colligitur,Qui
895 2514 996 2594 reipsa
1011 2517 1070 2581 liar·
1115 2525 1183 2571 0³⁰·
1206 2513 1236 2575 6·
1253 2520 1336 2592 Opici
1350 2512 1501 2583 Ecclesia,
1528 2518 1561 2573 ili
1574 2511 1615 2573 iit
1629 2512 1762 2589 singtilis
1791 2512 1909 2581 missis.
1926 2512 1978 2588 titii

210 2596 386 2659 charistiam
400 2596 585 2667 manducat,
601 2609 672 2655 curn
697 2593 819 2660 Christo
847 2595 1043 2676 coniungitur
1059 2619 1067 2661 ι
1114 2593 1246 2666 adstant,
1262 2595 1503 2670 communiccot3
1529 2595 1584 2657 sed
1600 2594 1625 2655 si
1641 2594 1719 2656 nulli
1740 2599 1812 2655 sunt
1826 2596 1878 2673 qui
1895 2610 1977 2655 eom·

211 2680 271 2741 ista
285 2683 385 2740 entem
397 2692 515 2757 negans
529 2676 605 2739 laisa
621 2682 679 2752 est,
692 2677 892 2740 necbabetur
905 2678 936 2741 io
953 2680 1068 2755 Paulo,
1115 2678 1271 2743 manicare
1286 2678 1392 2750 reliot,
1422 2678 1504 2739 nulia
1533 2678 1623 2755 culpa
1648 2684 1696 2739 est
1719 2677 1901 2751 sacerdotis,
1919 2693 1979 2739 nec
2031 2686 2032 2765 j

211 2761 268 2835 Qui
281 2776 343 2823 ooo
358 2756 452 2822 admit
465 2759 568 2838 reipsa
582 2758 818 2832 Eucharistiam,
843 2760 979 2823 sedsolo
1000 2772 1070 2827 roto
1115 2764 1216 2833 potest
1227 2761 1438 2836 reprehendi,
1464 2761 1552 2838 quasi
1581 2760 1675 2821 solus·
1697 2759 1878 2839 participare
1906 2761 1979 2822 relit
2031 2770 2032 2799 ³

210 2859 248 2905 ac
261 2842 429 2917 desiderio,
445 2842 530 2904 notio
546 2841 637 2902 modo
652 2857 723 2904 cum
733 2840 853 2904 Christo
864 2842 1072 2923 jungitur,ant
1116 2855 1243 2904 coenam
1260 2843 1461 2905 Dominieam.

212 2925 322 2987 irustra
337 2925 465 2986 interest
478 2923 640 2985 sacrilleio.
830 2990 832 2994 Α
1100 2990 1103 2997 κ
1160 2924 1268 3003 Quinta
1284 2925 1428 3005 objectio.
1442 2924 1476 2986 ln
1492 2921 1585 2986 reteri
1608 2922 1748 2986 Ecclesia
1763 2939 1888 3003 semper
1899 2925 1976 2985 ina

254 3006 364 3083 Quarta
377 3006 523 3086 objectio.
538 3004 706 3084 Apostolus
720 3002 868 3068 beerith.
879 3007 930 3069 ll.
944 3011 1072 3088 opponit
1116 3012 1218 3072 ctione
1230 3024 1345 3071 menae
1356 3006 1476 3070 Domini
1488 3006 1580 3068 tiebat
1590 3006 1765 3069 distributio
1777 3009 1975 3077 sacramenti,

213 3088 294 3151 inter
308 3104 343 3151 se
354 3088 544 3151 Dominicom
559 3103 688 3150 coenam
704 3095 735 3151 et
750 3087 894 3167 privatam
920 3108 1071 3171 coenam3
1116 3100 1149 3156 ut
1163 3098 1245 3172 patet
1258 3106 1295 3153 ex
1310 3091 1518 3170 descriptione
1532 3088 1667 3154 omniurn
1682 3088 1884 3170 liturgiarum,
1898 3106 1978 3170 quae

214 3178 246 3234 et
260 3171 384 3251 quidem
399 3170 498 3243 itant
511 3170 682 3245 confirmet,
698 3170 752 3234 ubi
766 3173 878 3249 privata
891 3189 988 3236 coeno
1003 3177 1068 3256 agi·
1117 3176 1197 3256 apud
1210 3175 1313 3236 Patres
1329 3180 1460 3235 exstant.
1531 3245 1533 3248 ¹
1770 3239 1772 3244 ,
1865 3201 1868 3206 ·

212 3260 275 3325 ιιι,
292 3254 334 3315 ibi
349 3269 411 3316 ooo
425 3269 520 3333 posse
540 3249 729 3315 Dominioam
755 3269 885 3316 coenam
909 3258 1072 3323 celebrari.
1159 3259 1350 3336 despondeo:
1367 3255 1555 3319 contrariom
1572 3254 1727 3330 colligitur
1742 3260 1850 3318 exiam
1873 3256 1979 3318 multis

212 3335 327 3398 Debuit
340 3341 440 3398 autern
456 3336 602 3413 privatam
617 3351 758 3409 coenam,
774 3337 905 3416 nbiqois
919 3340 1071 3416 privatim,
1118 3341 1281 3419 exemplis,
1298 3355 1376 3417 quac
1392 3355 1448 3400 nos
1463 3355 1555 3416 sopra
1581 3336 1749 3399 attulimus.
1777 3338 1870 3399 Porro
1894 3339 1927 3400 in
1944 3340 1980 3400 ti·

215 3418 299 3497 qnod
313 3433 430 3481 coenae
444 3418 621 3480 Dominicae
634 3425 692 3490 est,
709 3418 872 3481 manducat
895 3428 927 3482 et
946 3438 1074 3500 praeoc·
1119 3424 1215 3502 turgis
1229 3421 1262 3484 lit
1277 3423 1392 3483 mentio
1407 3419 1643 3483 distributionis:
1676 3423 1748 3496 quia
1771 3425 1804 3481 nt
1829 3419 1977 3493 diximus,

216 3507 308 3580 eupat
322 3516 383 3563 non
398 3501 490 3576 simut
506 3499 757 3580 participantibus
772 3502 851 3563 aliis:
864 3507 894 3564 et
908 3503 993 3580 dicit,
1010 3523 1073 3569 noo
1118 3522 1243 3584 semper
1261 3505 1327 3566 lieri
1344 3510 1445 3583 potest
1459 3519 1494 3564 ac
1509 3503 1604 3564 debet
1631 3503 1815 3564 sacramenti
1831 3503 1980 3565 distribu-

217 3583 369 3647 dissimilc
384 3598 466 3655 esse,
483 3601 519 3646 oc
533 3585 559 3645 si
576 3584 779 3646 instrueretur
803 3587 872 3646 talis
886 3601 996 3660 coena,
1019 3590 1074 3652 ubi
1120 3592 1162 3651 tto
1177 3592 1208 3650 in
1226 3588 1317 3649 missa
1334 3602 1438 3649 eorum
1455 3586 1659 3652 sacerdotum.
1676 3586 1728 3661 qui
1744 3599 1848 3648 curam
1863 3588 1979 3648 anima·

217 3682 300 3727 unos
314 3673 511 3737 saturaretur,
524 3667 600 3727 alter
611 3683 683 3728 rero
703 3670 1075 3746 cogereturesurirezllie
1119 3687 1187 3734 rurn
1202 3686 1239 3733 ex
1254 3669 1355 3732 allicio
1370 3675 1490 3747 gerunt,
1506 3667 1533 3729 si
1549 3669 1611 3729 sint
1624 3668 1718 3746 aliqui
1734 3667 1829 3744 parati
1844 3669 1883 3730 ad
1895 3685 1978 3730 cour·

211 3753 301 3810 'certe
313 3749 401 3810 moras
414 3755 583 3830 tamqnam
595 3748 731 3825 salmon,
754 3749 854 3829 inquit
874 3749 1073 3824 llemnitius,
1124 3753 1356 3816 municandum:
1374 3751 1434 3812 Sed
1451 3765 1513 3812 non
1530 3750 1598 3812 ideo
1613 3751 1799 3812 cessandum
1823 3756 1872 3812 cst
1892 3769 1910 3812 a
1933 3769 1980 3814 sa·

216 3832 390 3908 prosternit
401 3833 547 3912 priuatos
557 3832 803 3911 pontificiorum
812 3834 939 3905 missas
953 3835 992 3896 in
1006 3839 1078 3918 qnc'·
1125 3837 1254 3902 orificio.
1269 3835 1294 3897 si
1311 3834 1387 3896 nulli
1403 3835 1475 3904 sint,
1492 3833 1543 3912 qui
1558 3833 1785 3895 commonicare
1799 3833 1908 3894 velint.

216 3912 277 3996 bna
307 3913 395 3976 aohcs
423 3915 573 3977 smerdes
605 3914 770 3978 celebrans
799 3919 1081 3983 sacramentaliter
1165 3921 1253 3980 Sexta
1279 3917 1425 3996 objectio.
1449 3916 1678 3987 commentum,
1704 3916 1787 3992 quod
1812 3917 1980 3980 celebratio

215 3997 491 4058 communicabat
505 3997 745 4075 clarissimam
768 3996 981 4078 chrysostomi
1007 4017 1080 4065 sen·
1125 4017 1241 4064 coenae
1256 3996 1623 4076 bominicooprositillis,
1641 3997 1693 4073 qni
1720 4014 1781 4060 non
1806 4004 1979 4061 communi-

222 4078 324 4139 tcntr'a
336 4078 375 4140 in
387 4079 483 4142 iilum
497 4079 594 4141 nanti
614 4080 735 4142 lenanu
766 4078 856 4154 Qcoc
875 4081 1081 4148 Dominicnm
1125 4091 1206 4154 cant,
1223 4084 1278 4145 scd
1294 4088 1408 4144 tanturn
1422 4080 1574 4142 intersunt
1586 4086 1617 4141 et
1631 4081 1769 4154 audiunt,
1786 4086 1817 4142 et
1837 4097 1910 4143 cum
1925 4084 1977 4143 dc·

223 4165 279 4228 eat,
294 4160 458 4238 parntem
468 4162 625 4240 serenant·
640 4177 743 4224 coena
766 4164 854 4224 enim
881 4162 1013 4227 Domini
1027 4169 1081 4230 de·
1124 4168 1247 4228 notione
1261 4171 1401 4245 spectant
1415 4164 1496 4241 quod
1512 4161 1657 4224 sacerdos
1671 4165 1744 4242 agit,
1771 4178 1833 4224 oon
1861 4169 1977 4226 tantum

225 4241 276 4302 bet
289 4257 355 4304 esse
369 4244 549 4306 commanis
561 4250 618 4306 etc.
1124 4248 1261 4325 ignotum
1276 4255 1325 4309 est
1339 4246 1521 4325 antiquitati,
1537 4245 1592 4306 sed
1607 4245 1689 4307 serio
1718 4252 1748 4306 ct
1758 4245 1918 4324 gravitera
1930 4263 1979 4308 re·

262 4321 593 4402 Respondemi’rimum
608 4342 676 4387 eum
692 4325 1080 4405 Paulnsopponitcoeoam
1125 4333 1242 4394 teribus
1256 4330 1502 4406 reprehenditur.
1528 4325 1763 4406 chrysostomus
1784 4328 1869 4390 hom.
1892 4329 1925 4390 3.
1948 4329 1978 4391 in

220 4405 340 4468 Domini
355 4422 471 4469 coenae
487 4410 631 4487 privatae,
654 4425 716 4471 non
732 4410 865 4487 loquitur
879 4411 918 4472 de
933 4412 1079 4477 Euchari-
1125 4414 1217 4491 epist.
1234 4416 1271 4475 nd
1287 4414 1401 4491 liphes.
1417 4410 1564 4480 anatra,
1581 4410 1690 4488 inquit,
1708 4409 1843 4472 babetur
1857 4409 1979 4473 oblatio

219 4488 287 4557 stia,
304 4488 359 4550 sed
373 4489 411 4550 de
423 4491 572 4552 conririo.
586 4491 668 4568 qood
679 4491 711 4552 in
723 4491 858 4554 Ecclesia
874 4493 946 4555 oiim
959 4497 989 4558 in
1005 4515 1078 4575 pau·
1125 4499 1333 4574 quotidiana,
1350 4511 1423 4556 enm
1436 4508 1531 4556 nemo
1542 4493 1596 4560 ait.
1614 4494 1671 4571 qui
1684 4492 1978 4572 stmatporneipn.

217 4586 328 4652 perum
343 4571 535 4650 refrigerium
551 4573 617 4634 sseri
632 4574 773 4648 solebat,
803 4576 885 4653 quod
907 4580 1079 4642 concivium
1125 4580 1162 4642 itt
1176 4581 1264 4641 inira:
1283 4577 1432 4657 Quisquis
1444 4575 1672 4656 mpstanornm
1686 4591 1817 4638 consors
1828 4591 1900 4639 nrm
1921 4584 1978 4646 est,

217 4657 308 4714 vocat
321 4669 448 4716 coenam
463 4655 599 4729 Domini,
621 4661 655 4716 ut
670 4655 903 4735 chrysostomos
931 4662 1079 4742 interpre·
1122 4663 1297 4741 impudens
1317 4667 1347 4723 ct
1369 4659 1535 4736 improbus
1557 4659 1677 4720 ‘adstat
1704 4657 1740 4718 lit
1765 4673 1918 4719 rursum:
1945 4661 1980 4722 si

219 4741 309 4831 tator,
327 4737 396 4831 quia
411 4736 504 4799 tiebat
526 4737 563 4799 ad
575 4741 864 4816 repraesentandam
879 4757 1006 4805 coenam
1023 4746 1079 4807 lto·
1125 4748 1209 4824 quis,
1225 4743 1334 4824 inquit,
1352 4740 1591 4804 ad-conor'rrinm
1605 4747 1747 4812 coccias,
1760 4755 1885 4804 nranns
1904 4745 1980 4838 qni·

215 4833 293 4879 mrnr
308 4820 442 4880 attimaro
454 4836 524 4881 cnm
539 4820 712 4899 discipulis3
736 4829 766 4883 et
790 4826 879 4885 etiam
901 4827 1081 4904 quiescebat
1125 4831 1198 4890 dem
1213 4827 1326 4889 lacerti
1340 4832 1369 4888 et
1382 4823 1579 4889 occecinerit,
1596 4827 1626 4884 ei
1653 4829 1762 4884 tameo
1784 4821 1871 4885 niidi
1894 4824 1980 4886 caho-

217 4901 250 4962 in
264 4901 333 4962 loco
348 4918 447 4975 sacro,
464 4908 494 4964 et
506 4903 640 4983 denique
655 4905 725 4980 quia
741 4906 986 4985 conjungebatur
1007 4927 1079 4971 curn
1123 4925 1198 4972 rnna
1211 4909 1395 4988 portacent,
1410 4921 1520 4968 nonne
1533 4905 1633 4982 infert
1647 4905 1877 4968 contumeliam
1902 4919 1980 4969 oon·

213 4983 427 5048 Eucharistiae
441 4987 817 5061 communicationeiiuod
829 4994 929 5050 autem
939 5007 995 5070 per
1008 5007 1079 5054 coe·
1122 4993 1261 5055 mentori
1274 5007 1296 5053 a
1309 5004 1374 5070 qno
1386 4989 1495 5065 [nnat
1507 4991 1705 5050 noeniusian
1715 5003 1783 5049 non
1795 4989 1899 5050 satine
1909 4989 1981 5065 sue·

146 5119 155 5142 ,
217 5082 288 5127 nam
303 5066 423 5129 Domini
438 5066 625 5148 intelligatur
639 5070 809 5131 cooririnm
831 5071 908 5133 illud
923 5120 931 5146 ,
960 5075 1078 5152 perspi·
1122 5078 1175 5138 rit.
1192 5091 1266 5136 enm
1280 5076 1338 5154 qai
1353 5072 1426 5134 tatis
1440 5078 1495 5142 est,
1509 5085 1643 5149 prorsus
1653 5085 1722 5132 non
1736 5073 1980 5148 compensasse?

215 5164 306 5209 cuum
322 5156 369 5211 est
383 5155 420 5212 ex·
435 5149 498 5212 illis
513 5150 627 5215 verbis:
646 5151 730 5213 Unus
745 5153 855 5227 esurit,
871 5155 957 5218 olins
969 5163 1078 5220 entem
1122 5157 1235 5231 Anda,
1252 5157 1412 5235 sthunqit
1425 5154 1608 5223 llemuitius,
1624 5168 1694 5216 non
1707 5151 1816 5216 cerba.
1838 5155 1899 5215 sed
1912 5155 1979 5229 [nt-

216 5229 324 5325 ebmm
336 5237 392 5294 est.
408 5229 472 5293 Non
489 5233 570 5294 enirn
586 5236 618 5294 io
640 5237 917 5299 communicatione
928 5239 1075 5302 Euchari·
1120 5243 1215 5302 mino
1229 5245 1342 5320 contro
1355 5235 1555 5315 pontificiam
1578 5237 1826 5316 persuasionem
1848 5237 1891 5298 de
1904 5253 1978 5316 spe-

218 5321 295 5374 strae
309 5321 427 5392 poterat
441 5316 560 5377 esuries
588 5322 640 5378 aut
667 5317 800 5380 ebrietas
824 5319 979 5395 inveniri,
1002 5337 1073 5384 cnm
1121 5323 1459 5400 etacnloprioctarnrn
1471 5319 1657 5381 missorem.

214 5392 265 5454 ilia
280 5395 321 5457 sit
334 5398 424 5458 cibus
437 5399 561 5469 meotis,
579 5415 640 5460 non
652 5400 778 5462 reatris.
790 5401 909 5465 Deinde
924 5404 1004 5466 idem
1021 5421 1072 5482 pn·
1159 5405 1355 5483 ttespondeo:
1373 5402 1532 5464 Veteribus
1548 5417 1607 5462 uon
1624 5401 1720 5462 luisse
1733 5400 1926 5480 incognitum
1943 5421 1977 5463 u·

158 5501 162 5504 ·
214 5481 265 5550 ιιι,
278 5493 317 5538 ex
333 5482 488 5558 proposito
504 5481 597 5543 Pauli.
624 5482 693 5542 Vult
706 5485 787 5544 enirn
802 5485 1073 5567 ipseichrpsosto·
1118 5503 1187 5549 suro
1202 5487 1366 5549 assistendi
1383 5488 1495 5548 missae
1510 5483 1673 5555 saeritlcio,
1699 5489 1730 5544 et
1759 5489 1872 5544 tameo·
1887 5488 1921 5546 in
1937 5485 1978 5546 iis

212 5571 275 5630 roo,
291 5565 322 5621 et
336 5562 481 5625 omnihus
494 5563 562 5624 aliis
577 5564 818 5645 exponentibus)
832 5565 1006 5631 Corinthios
1020 5585 1067 5633 re·
1114 5587 1175 5633 non
1193 5569 1440 5632 communicandi
1466 5566 1745 5640 sacramentaliter,
1772 5568 1977 5644 perspicuum

213 5642 419 5723 prehendere,
442 5646 524 5722 quod
553 5660 616 5708 ooo
640 5647 772 5728 amplius
799 5649 936 5716 cooriria
960 5652 1012 5715 illa
1027 5651 1068 5716 ia·
1115 5661 1163 5718 est
1176 5669 1213 5714 ea
1230 5653 1362 5716 oorrcilio
1376 5648 1535 5729 agathensi
1551 5655 1621 5711 ante
1647 5647 1738 5710 roco.
1764 5663 1863 5710 annos
1890 5650 1976 5714 cele·
2031 5693 2032 5706 .
