4084 6275
805 349 1062 409 eluet-nutritis
1710 345 1764 402 683

23 491 24 516 t
69 485 163 559 atquc
173 479 619 562 deliquerintooofrtebuotur
631 489 800 564 peceatum
815 501 925 548 anum.
969 499 1064 564 opere
1079 489 1215 562 operate,
1229 489 1260 546 et
1270 483 1342 546 ideo
1356 484 1432 546 satis
1443 489 1508 545 erat
1520 482 1754 552 conveniebant
1768 495 1830 540 non

23 569 24 610 l
68 564 122 624 libi
138 563 198 622 duo
212 570 284 624 sont
296 565 499 630 observando.
517 569 649 648 Primum
678 569 766 640 illud,
789 563 926 646 'Confite-
970 567 1315 646 solumbaptioarentor
1329 567 1380 644 noi
1397 567 1433 628 ad
1448 565 1606 630 toanrmm·
1620 563 1832 626 accedebant:

23 651 24 692 t
70 646 199 712 buntur.
217 661 287 708 esse
303 646 334 709 in
350 652 566 726 coniugatione
582 653 709 729 lritpael‚
732 669 811 728 ortae
837 657 944 728 anpet‘
969 651 1132 712 sedetiam
1148 649 1378 724 confiterentur,
1395 657 1427 712 ut
1442 650 1533 712 variis
1569 647 1668 708 anodis
1683 648 1718 707 ad
1736 661 1836 705 veram

23 737 25 776 t
65 727 373 806 signilloationernita
390 738 423 794 ut
438 733 515 795 illud
540 739 656 836 patron
674 742 756 796 reete
768 735 841 796 vorti
856 750 926 810 pos·
969 734 1184 795 contritionem
1198 741 1228 794 et
1242 733 1480 795 satisfactionem
1494 736 1709 793 excitarentur.
1723 727 1833 790 coristi

23 819 24 858 t
67 813 116 870 stt:
133 809 291 886 nemisse
317 820 347 874 et
361 815 510 878 distincte
538 814 788 892 confitebuntur.
807 818 925 878 Deinde
971 833 1043 878 vero
1058 816 1230 892 Baptismus
1241 832 1304 877 non
1320 817 1446 891 ponenti
1459 816 1593 887 obicem,
1606 830 1643 874 ex
1654 829 1748 891 opere
1761 827 1834 889 ope-

68 893 117 954 illa
133 894 237 954 rerba:
256 894 497 972 Comfilebtmtur
508 906 678 978 peccatum
690 915 799 972 reem,
826 891 927 960 in'lre·
970 906 1036 960 rato
1052 907 1175 976 peccata
1187 901 1303 969 omnia,
1319 905 1383 959 tnm
1396 899 1494 977 quoad
1511 898 1715 976 culpamtum
1733 893 1833 973 quoad

23 987 24 1022 t
67 977 159 1036 braeo
172 976 278 1038 baberi
295 995 364 1041 cuov
381 981 486 1059 majori
500 983 767 1060 explicabone‚sie
783 985 864 1042 enim
883 985 924 1042 le·
971 998 1101 1060 poenam
1116 982 1243 1042 omnino
1259 981 1430 1052 remittitet
1442 981 1512 1042 ideo
1528 995 1677 1057 nusquam
1693 980 1836 1056 leguntur

23 1075 24 1080 ¹
68 1058 178 1136 pimus:
191 1057 431 1137 confitebuntur
446 1071 615 1141 peecatum
627 1079 723 1128 samm
735 1073 809 1154 tete
830 1071 926 1140 war,
969 1063 1100 1142 apostoli
1117 1071 1187 1125 ante
1203 1063 1390 1140 Baptismum
1406 1063 1635 1126 contessionem
1664 1063 1806 1137 exegisse
1824 1106 1831 1132 ,

68 1142 157 1202 rdest.
174 1146 263 1219 quod
276 1143 433 1219 lecerunt.
464 1143 506 1209 Da
527 1149 645 1225 ’quibos
675 1150 852 1225 colligimus
869 1153 927 1207 troo
972 1154 1023 1208 ant
1038 1146 1278 1207 satisfactionem
1295 1147 1386 1207 ollam
1404 1147 1566 1206 indixisse.

67 1225 133 1284 loeo
147 1225 301 1301 imperari,
320 1235 351 1287 nt
373 1236 530 1303 peccatum
548 1233 578 1292 in
604 1232 710 1308 specie
732 1245 787 1308 per
802 1231 926 1290 manile·
1012 1228 1121 1300 Quinta
1136 1228 1232 1299 lipara
1250 1229 1380 1289 babetur
1392 1228 1539 1289 loan.tl.
1556 1229 1589 1288 in⁴
1603 1227 1729 1288 bistoria
1745 1225 1832 1286 Laea-

66 1311 142 1366 stam
157 1305 386 1370 contessionem
404 1312 559 1385 prodatur:
589 1313 616 1373 si
642 1313 723 1373 enirn
753 1314 783 1372 in
813 1329 927 1391 genere
971 1312 1008 1372 ri.
1025 1312 1111 1384 Quod
1128 1313 1210 1373 eninr
1227 1311 1375 1373 Donrinns
1387 1327 1404 1373 e
1416 1312 1583 1389 sepulchro
1596 1310 1718 1387 prodire
1730 1307 1833 1385 jusso·

71 1396 184 1450 tantem
200 1390 354 1458 cunllteri.
371 1392 537 1464 sufficeret,
550 1411 610 1456 non
627 1395 743 1456 diceret
758 1395 925 1472 Scriptura:
971 1397 1009 1456 rit
1024 1395 1212 1457 betarumct
1227 1396 1266 1456 ab
1281 1395 1429 1472 apostolis
1444 1393 1520 1454 solvi
1537 1393 1667 1453 voluerit
1682 1391 1831 1453 lunerniia

69 1469 311 1547 confitebuntur
322 1485 432 1553 operte
446 1477 722 1554 peceatumillud‚
746 1479 834 1555 qood
847 1477 926 1554 feee-
971 1477 1021 1538 illa
1038 1478 1158 1539 vineata
1174 1477 1288 1555 quibus
1303 1477 1415 1550 liparus
1431 1480 1516 1546 erat,
1545 1475 1712 1552 significari
1729 1475 1834 1534 Patres

66 1561 153 1626 rent,
169 1557 224 1616 sed
241 1555 434 1633 simpliciter.
451 1558 683 1622 Gondtebantur
698 1566 821 1639 peecata
838 1575 905 1621 sea.
973 1561 1091 1632 dieunt,
1108 1567 1288 1638 peccatores
1303 1561 1402 1620 divina
1419 1575 1494 1620 voce
1509 1557 1751 1625 excitatnsleras
1764 1573 1833 1634 pro·

104 1638 137 1697 ln
152 1638 248 1700 berit.
273 1657 341 1718 cap.
360 1640 391 1702 5.
418 1643 470 1703 nbi
498 1651 600 1705 nostra
617 1644 711 1705 editio
727 1642 829 1704 babel:
845 1641 928 1720 Aput
972 1643 1038 1703 dire
1054 1648 1109 1720 per
1123 1642 1350 1704 contessionem
1368 1651 1397 1702 et
1409 1642 1579 1702 ministerio
1594 1640 1787 1700 sacerdotum
1804 1640 1839 1699 li·

66 1719 371 1803 Poenitento'oavpro
387 1731 530 1800 peccate·
544 1728 575 1788 in
587 1725 674 1790 hebr.
693 1732 740 1788 est
756 1726 828 1787 illud
845 1726 927 1788 idem
972 1725 1072 1787 beravi
1089 1742 1104 1785 a
1121 1731 1316 1802 peccaterum
1348 1725 1482 1786 vinculis
1509 1740 1566 1802 per
1594 1722 1833 1784 absolutionem.

69 1803 266 1874 venabulum,
282 1806 364 1884 qrvod
381 1807 410 1867 in
427 1807 483 1870 lib.
499 1809 588 1870 llum
615 1807 660 1871 sic
685 1811 768 1869 enirn
783 1808 927 1883 legimns.
973 1809 1006 1871 S.
1020 1808 1169 1869 irenaeus
1185 1809 1239 1870 lib.
1252 1808 1283 1869 5.
1300 1807 1423 1885 capii.
1437 1805 1704 1888 Hoespmbolem.
1720 1804 1832 1877 invonit.

67 1892 224 1955 natntn’
237 1876 345 1958 oborn
356 1888 582 1969 ilv'tttbttwitt
594 1897 635 1964 t:
646 1899 732 1963 ntttt
747 1898 830 1962 ttmn
843 1885 930 1966 ibit<
974 1896 1044 1970 ejus
1059 1890 1212 1959 bominis.
1230 1893 1286 1969 qui
1299 1892 1459 1969 inliputns
1477 1890 1585 1966 feteret
1599 1889 1790 1967 inpeccatis
1807 1893 1840 1947 et

67 1969 105 2028 ΕΙ
119 1969 179 2030 erit
192 1983 269 2030 eum
281 1973 460 2046 peccauerit
473 1975 511 2034 ie
521 1989 589 2036 uuo
615 1988 658 2036 em
679 1973 728 2036 lois
745 2020 752 2048 ,
769 1970 928 2049 confitebi-
970 1979 1104 2052 propter
1117 1974 1175 2035 boe
1191 1975 1238 2037 cit
1251 1973 1418 2035 Dominus:
1436 1972 1552 2034 Solvite
1563 1973 1659 2034 illum
1688 1977 1717 2031 et
1729 1972 1837 2032 divnit-

67 2057 119 2111 tm·
131 2057 242 2128 apeme
253 2060 422 2130 petentem
436 2056 687 2135 quodpeooceit.
810 2097 812 2104 ,
973 2060 1028 2118 tite
1042 2071 1117 2119 cem
1128 2056 1229 2119 abire.
1247 2056 1280 2118 S.
1302 2056 1482 2119 Ambrosios
1498 2057 1552 2116 lib.
1569 2057 1599 2115 2.
1623 2055 1664 2114 de
1678 2054 1839 2114 Paeniten-

23 2153 24 2158 ’
107 2133 148 2192 ld
166 2137 243 2195 traee
272 2137 445 2198 testimonia
472 2131 648 2202 rabinorum
679 2144 709 2198 et
738 2136 929 2201 consuetudo
973 2140 1012 2200 tia
1029 2157 1099 2218 cap.
1117 2139 1145 2200 i.
1163 2142 1194 2200 S.
1210 2140 1398 2217 Augustinus
1413 2139 1559 2200 tractet.
1574 2136 1605 2198 in
1622 2135 1743 2198 louein
1758 2135 1836 2210 psal.

23 2269 24 2272 ,
66 2217 178 2293 pontis,
202 2217 277 2278 satis
292 2227 397 2294 aperte
412 2222 557 2294 ostendit,
591 2222 929 2299 praeceptomboein·
975 2222 1253 2284 llll.eenoione2.
1270 2237 1365 2283 serm.
1380 2220 1412 2281 8.
1429 2219 1521 2282 erat.
1536 2222 1575 2281 de
1591 2219 1836 2287 verbisDomiui.

23 2327 24 2358 r
68 2300 267 2378 telltgendum
284 2315 355 2364 esse
378 2304 417 2364 de
432 2305 629 2367 conlessiono
658 2304 813 2370 distincto.
840 2311 871 2364 et
896 2303 928 2364 in
974 2311 1003 2367 et
1020 2305 1125 2365 homil.
1142 2305 1194 2366 2Ι.
1211 2307 1241 2365 in
1258 2305 1312 2366 lib.
1329 2304 1380 2366 50.
1398 2304 1603 2373 homiliarem,
1631 2310 1661 2363 et
1686 2318 1712 2362 s.
1726 2302 1839 2372 Grepo·

23 2403 24 2460 ς
67 2385 172 2457 specie
187 2383 258 2458 ejas
273 2386 403 2460 peccati,
420 2401 477 2466 pro
492 2403 553 2464 que
579 2386 731 2464 expiando
753 2385 928 2448 saoridcon-
974 2389 1039 2449 rius
1054 2388 1136 2448 bom.
1154 2386 1206 2449 to.
1223 2387 1253 2447 in
1270 2388 1444 2464 evangelet
1457 2387 1511 2447 tto.
1525 2387 1577 2447 22.
1593 2385 1698 2446 lloral.
1712 2383 1835 2462 capto.

68 2465 142 2526 dum
157 2473 232 2526 erat.
249 2465 292 2526 De
314 2470 540 2530 consuetudine
569 2469 777 2532 Hebraeorum
796 2515 803 2534 .
835 2475 930 2530 testes
975 2470 1106 2533 eandem
1122 2469 1249 2550 liguram
1265 2477 1437 2548 agnoscunt
1449 2478 1479 2528 et
1494 2476 1663 2545 exponunt.
1689 2504 1693 2511 ‹

23 2569 24 2608 r
68 2553 140 2613 srvat
153 2547 287 2610 'lbemas
300 2550 469 2620 waldensis
485 2557 567 2613 terno
596 2551 627 2612 2.
658 2553 697 2613 de
726 2553 928 2613 sacramentis
1016 2553 1075 2614 Sed
1092 2554 1225 2614 occurrit
1238 2551 1373 2614 loannes
1389 2551 1531 2612 Calvinus
1547 2550 1635 2612 liba.
1650 2549 1837 2610 institution.

23 2651 24 2690 r
69 2629 268 2707 eap.l3l.ubi
281 2633 389 2696 scribit
401 2649 436 2696 se
451 2634 481 2696 in
498 2634 618 2696 dustria
637 2635 674 2696 ab
691 2633 929 2712 ipsisllebraeis
974 2651 1042 2712 cap.
1059 2636 1089 2696 Ι.
1106 2633 1122 2715 Ι
1137 2635 1167 2697 5.
1184 2653 1219 2697 ne
1233 2637 1363 2712 primurn
1379 2636 1463 2707 dicit,
1480 2638 1657 2714 argumenta
1673 2649 1710 2692 ea
1723 2631 1838 2707 altopo-

23 2763 24 2772 ,
69 2713 254 2792 cognovisse
269 2713 349 2778 bono
365 2731 469 2778 eorum
487 2718 742 2779 consuetudinem
758 2735 765 2776 :
781 2722 812 2777 et
827 2731 853 2777 s.
872 2721 928 2777 An·
973 2719 1028 2779 riis
1050 2730 1112 2779 non
1125 2719 1252 2780 multum
1267 2718 1376 2794 valere
1397 2718 1435 2779 ad
1458 2718 1595 2795 degravato
1618 2713 1838 2777 confirmanda.

69 2797 195 2855 teninns
209 2795 240 2855 3.
264 2806 341 2874 part.
358 2800 404 2860 tit.
428 2799 477 2862 tl.
490 2815 559 2878 cop.
575 2799 607 2862 ll.
624 2798 641 2880 Ι
657 2801 828 2861 lsummae
845 2801 929 2862 tlvee·
975 2801 1035 2862 Sed
1046 2816 1149 2879 neque
1163 2817 1220 2861 nos
1231 2801 1261 2861 in
1275 2800 1426 2870 ejusmodi
1440 2800 1629 2878 argumentis
1639 2799 1838 2876 praecipuum

68 2878 200 2953 logicae.
219 2879 270 2938 ubi
287 2881 370 2953 dicit,
388 2883 489 2944 solere
517 2881 653 2944 ludaeos
681 2884 836 2944 doctiores
858 2888 928 2944 ante
975 2883 1208 2945 tundamentum
1231 2884 1267 2942 nd
1297 2882 1505 2943 conlirmanda
1537 2884 1676 2959 dogmata
1706 2881 1838 2940 ‹selloca-

67 2966 197 3021 nrovteov
213 2962 352 3024 ceollteri
368 2966 468 3025 omnia
497 2972 620 3039 peccata
647 2966 756 3026 levitae
781 2964 928 3033 uticensi
963 2977 1055 3035 mes,
1073 2968 1131 3026 nisi
1147 2966 1313 3040 allegoriae
1324 2965 1359 3024 ‘in
1376 2965 1441 3040 ipsa
1460 2965 1615 3042 Scriptura¹
1630 2963 1837 3041 explicentur,

67 3058 160 3116 quem
177 3043 255 3106 torte
271 3047 350 3107 nacti
368 3047 538 3110 luerint.Do
553 3047 738 3109 testimoniis
753 3046 928 3108 rabinorum
974 3051 1020 3109 vel
1039 3048 1194 3109 communi
1209 3049 1325 3108 Petrum
1340 3054 1564 3112 consensuaut
1575 3054 1654 3108 certa
1665 3046 1765 3120 aliqua
1784 3045 1840 3105 Do·
1945 3078 1953 3095 ·

65 3126 135 3187 vide
150 3125 272 3189 Petrum
288 3128 457 3191 Galatinom
476 3130 530 3192 lib.
548 3129 597 3192 ΙΙΙ.
614 3145 683 3209 cap.
700 3129 730 3193 3.
748 3129 800 3193 ubi
824 3134 928 3194 multis
975 3132 1089 3194 etesiae
1104 3129 1284 3193 delinitione
1300 3135 1431 3203 constet,
1461 3146 1606 3208 quorsum
1637 3129 1835 3206 pertineant:

67 3209 252 3272 testimoniis
268 3214 442 3275 rabinorum
456 3213 575 3291 prebat.
605 3213 779 3291 oportuisse
809 3214 840 3273 in
857 3232 930 3275 cun·
975 3214 1048 3293 quio
1066 3221 1165 3275 tamen
1182 3213 1341 3292 probabile
1357 3219 1569 3290 argumentum
1586 3212 1658 3273 inde
1671 3211 1750 3271 sumi
1769 3228 1839 3286 pos·

67 3292 203 3355 lessione
215 3294 362 3375 detegere
378 3302 536 3375 peecatum
553 3298 584 3357 io
599 3297 705 3375 specie
733 3300 764 3357 et
779 3310 848 3357 oum
864 3299 929 3359 suis
975 3300 1027 3365 stt,
1041 3300 1163 3377 quando
1179 3297 1279 3373 anagni
1296 3294 1475 3374 viri‚quales
1490 3304 1561 3356 sunt
1574 3312 1652 3375 quies
1668 3293 1838 3366 citavimus,

67 3374 317 3441 circumstantiis.
807 3386 809 3391 '
977 3378 1140 3457 allegorias
1156 3384 1325 3453 exponunt,
1343 3378 1446 3452 negari
1465 3379 1550 3439 nullo
1566 3380 1658 3438 modo
1674 3377 1778 3438 debet.

108 3458 192 3517 ltdde
207 3462 289 3536 qued
304 3462 430 3523 omnino
445 3460 604 3541 probabile
617 3460 929 3531 estlioolesiastioum
1016 3461 1135 3523 Deinde
1151 3461 1235 3522 addit
1260 3459 1413 3532 Calvinus,
1436 3460 1558 3521 mentiri
1584 3474 1651 3529 cos,
1681 3463 1732 3535 oni
1762 3459 1838 3543 scri-

69 3556 137 3615 onp.
150 3541 181 3601 Ι.
198 3542 236 3602 ad
255 3544 322 3606 bec
348 3551 548 3622 praeceptum
578 3544 676 3621 legale
704 3544 928 3605 observandum
977 3544 1066 3611 bunt.
1083 3543 1235 3606 Christum
1252 3543 1425 3619 imperasse
1442 3541 1616 3620 discipulis.
1646 3547 1679 3603 nt
1693 3542 1837 3603 Lanarum

69 3625 306 3699 rrrtrnrtartoom
322 3629 374 3689 ott:
388 3628 456 3689 tlon
470 3627 685 3704 commenderis
700 3624 845 3703 confiteri
856 3644 929 3705 pec·
974 3628 1190 3689 dissolverent:
1207 3624 1334 3697 Diceret,
1350 3625 1460 3701 inquit,
1483 3624 1639 3686 Dominus
1668 3624 1838 3699 discipulis

70 3712 143 3766 «trote
157 3714 227 3768 teu.
244 3708 335 3771 Porro
351 3712 493 3771 conlusio
508 3712 608 3772 timeri
625 3724 685 3771 oon
701 3710 780 3769 solet
807 3712 836 3769 in
854 3726 925 3771 con·
972 3710 1148 3788 praecepit.
1164 3715 1201 3770 ott
1213 3710 1403 3770 smmtctnm
1424 3707 1585 3768 lozarum
1602 3708 1713 3783 fasciis
1737 3706 1837 3768 solec-

70 3790 217 3861 t'essiene‚
234 3808 312 3868 quae
328 3790 385 3853 solt
401 3792 465 3855 Dee
480 3790 524 3859 bt.
541 3799 592 3853 ant
606 3808 685 3869 qnae
701 3791 859 3853 lltlromini
875 3808 927 3871 go·
973 3798 1048 3854 relat
1076 3800 1105 3855 et
1120 3792 1321 3868 expedirent.
1347 3789 1412 3851 Deo
1437 3791 1582 3868 primum
1610 3792 1834 3851 mentientur:

70 3874 209 3938 notatim.
226 3876 281 3935 sed
295 3874 325 3935 io
341 3890 376 3937 ea
392 3876 504 3945 sotum,
521 3890 600 3955 quae
615 3874 649 3937 ΙΙΙ
673 3874 790 3935 bomini
812 3875 842 3935 in
859 3890 929 3953 spe·
971 3892 1138 3955 amquam
1152 3876 1240 3936 enim
1251 3874 1378 3952 lepiter.
1391 3873 1450 3934 loeo
1466 3872 1589 3933 dimisse
1600 3869 1774 3934 Dominum
1789 3868 1838 3933 di·

70 3956 128 4019 cie.
143 3963 174 4016 nt
186 3959 374 4035 experientia
390 3959 464 4019 satis
479 3964 618 4019 testator.
701 3992 709 4002 ·
972 3958 1118 4036 scipulis,
1135 3964 1243 4034 estque
1263 3956 1365 4017 multo
1379 3956 1610 4020 nemsimilins.
1641 3957 1764 4018 dimisae
1779 3954 1836 4016 le·
1913 4006 1919 4021 .

111 4039 220 4109 Quarta
236 4039 331 4119 lipara
349 4047 396 4102 ost
409 4041 513 4101 llattlr.
530 4042 560 4101 3.
577 4047 607 4102 et
622 4040 713 4102 llaroi
731 4040 759 4100 t.
784 4039 836 4100 nbi
852 4040 926 4118 legi·
972 4042 1065 4103 ducis
1078 4040 1270 4105 astantibus.
1286 4055 1351 4118 quo
1366 4039 1449 4100 oilae
1462 4038 1566 4098 tillem
1586 4036 1717 4114 fructetis
1731 4040 1834 4112 suspi-

70 4136 137 4182 mus
154 4123 304 4199 plurimos
319 4126 490 4186 accurrisse
505 4126 541 4187 ad
558 4124 744 4199 Baptismom
770 4121 898 4183 loannis
916 4170 923 4197 ‚
972 4126 1100 4187 cionem
1114 4122 1294 4184 euidentius
1304 4120 1644 4199 fieretnoircomlone‚et
1657 4121 1765 4198 an'or
1777 4136 1841 4180 see

70 4206 252 4266 contituentes
268 4215 392 4284 peccata
408 4222 474 4268 suo.
488 4207 575 4269 Siout
589 4205 670 4267 cniva
687 4206 860 4283 Baptismus
874 4205 926 4266 lo·
971 4208 1074 4269 mrtem
1088 4206 1237 4272 eluceret.
1254 4205 1342 4282 qnod
1354 4204 1445 4266 atelle
1462 4207 1569 4278 tecto,
1584 4205 1643 4266 sed
1666 4206 1737 4266 solo
1762 4219 1839 4264 uoce

75 4286 273 4367 annisllguva
291 4290 347 4349 tuit
370 4289 516 4365 baptismi
544 4288 667 4358 Christi,
699 4290 737 4348 ita
762 4296 931 4365 quoquest
972 4289 1306 4352 mortocossesoitaret.
1676 4289 1678 4294 '

50 4400 54 4409 ·
76 4371 241 4433 contessto.
260 4387 338 4450 quae
352 4372 461 4432 loanni
476 4370 679 4450 llelratllgura
695 4371 750 4432 luit
764 4370 931 4435 conlassie·
1019 4372 1110 4433 lltror
1123 4371 1344 4449 impudentiam
1367 4368 1480 4429 Calvini
1498 4415 1506 4440 ‚
1538 4370 1589 4448 qni
1620 4377 1680 4430 lom
1696 4369 1841 4429 audacter

77 4456 134 4521 nis,
151 4471 230 4530 uuae
248 4453 357 4516 Dtrristt
374 4455 520 4516 ministris
535 4454 673 4515 iacienda
690 4460 764 4514 erat.
979 4472 1006 4517 s.
1023 4455 1237 4533 Augustinom,
1250 4460 1281 4513 et
1295 4470 1322 4513 s.
1340 4450 1522 4530 Gregoriutn
1542 4452 1695 4515 mendacii
1712 4468 1840 4529 arguero

116 4536 201 4605 Quod
218 4544 320 4599 autem
337 4537 478 4599 Calvinus
493 4537 587 4599 tto.3.
599 4536 737 4598 -lnstitut
753 4535 855 4612 capi.
872 4534 931 4616 ΙΙΙ,
979 4554 1041 4597 non
1058 4545 1190 4599 veretur.
1207 4535 1394 4614 Augustinus
1409 4535 1491 4596 enim
1504 4540 1562 4607 est,
1579 4536 1632 4614 qui
1648 4550 1742 4597 serm.
1757 4532 1789 4595 8.
1807 4542 1837 4595 et

78 4625 105 4677 et
120 4618 296 4681 llemnitius
311 4622 341 4681 in
357 4620 388 4682 3.
416 4630 501 4699 perte
527 4620 676 4685 examinis
706 4635 774 4699 pag.
798 4616 869 4680 986.
887 4620 931 4681 di·
979 4620 1031 4681 lt.
1048 4621 1086 4682 de
1102 4620 1203 4682 verbis
1218 4618 1367 4697 dpestoli.
1383 4618 1519 4694 scripsit,
1537 4619 1627 4680 verba
1641 4618 1707 4680 illae
1723 4615 1841 4680 Solvite

77 4709 158 4775 eunt,
176 4718 232 4764 eos
249 4705 301 4779 qui
317 4702 541 4764 eonlllebantur
553 4701 673 4769 Joanni,
691 4718 753 4762 non
780 4700 809 4760 io
825 4706 931 4778 specie
977 4703 1072 4764 illum
1087 4708 1116 4765 et
1128 4703 1224 4764 sinite
1239 4701 1340 4774 obire,
1357 4700 1394 4759 ad
1410 4699 1581 4778 discipulos
1595 4702 1673 4762 diota
1687 4718 1702 4761 a
1718 4701 1840 4763 Christo

75 4792 198 4853 peecata
213 4802 269 4847 sna
286 4788 458 4856 comesses,
476 4786 531 4847 sed
560 4789 593 4846 in
623 4800 737 4863 genere
765 4790 932 4847 lanternae
967 4788 1086 4862 luisse3
1100 4787 1181 4861 oded
1197 4786 1280 4845 idem
1295 4798 1357 4843 nen
1374 4784 1471 4845 semei
1502 4785 1613 4862 repetit
1634 4784 1806 4864 'Gregorius
1827 4831 1835 4857 ‚

74 4876 253 4938 peecatores
266 4870 440 4947 agnovisse:
454 4884 515 4931 non
531 4875 580 4929 est
604 4867 760 4929 conlocare
785 4868 886 4929 verbis
901 4884 931 4929 e·
978 4870 1085 4931 tremit.
1101 4868 1152 4929 to.
1169 4870 1200 4929 in
1216 4866 1387 4944 evangelia.

73 4953 323 5027 varegelistavum.
337 4952 466 5027 lltereue
482 4952 564 5013 enirn
590 4950 775 5028 evangeliste
806 4950 930 5011 disertis
1016 4952 1079 5013 Sed
1095 4969 1156 5030 nno
1171 4956 1364 5029 argumento,
1379 4964 1506 5026 quaeso,
1537 4947 1680 5011 Calvinus
1696 4949 1839 5026 Augusti·

72 5034 172 5093 verbis
187 5034 302 5112 posuit:
321 5033 509 5109 Confitentes
521 5039 656 5111 peccate
678 5045 751 5095 stre.
775 5038 806 5094 ct
820 5050 930 5111 graece
978 5050 1050 5095 num
1066 5040 1097 5094 et
1111 5035 1291 5113 Gregorinm
1304 5033 1448 5093 mentitos
1464 5048 1536 5093 esse
1552 5032 1730 5094 convincet?
1744 5032 1839 5107 sioni·

73 5109 345 5197 ἐξομολογούμενοι
363 5115 422 5188 τὰς
441 5112 591 5198 &papatus
606 5116 715 5189 ἀυτῶν,
732 5115 813 5177 aliud
827 5124 928 5179 autern
975 5120 1046 5177 rtem
1062 5118 1091 5176 in
1108 5114 1268 5193 evangelio
1282 5121 1397 5176 tantum
1413 5115 1546 5192 legimus
1562 5132 1570 5175 :
1587 5114 1678 5177 Dimit
1705 5117 1762 5189 eis,
1777 5115 1838 5175 sol·

74 5204 130 5264 est,
145 5218 317 5279 agriosoeve
332 5216 367 5263 se
382 5208 586 5280 peccatorem,
610 5201 704 5274 aliud,
734 5205 857 5277 peccata
872 5216 926 5263 sua
972 5202 1036 5262 cite
1048 5198 1143 5261 illem
1157 5204 1215 5260 eto.
1232 5213 1334 5275 aeque
1349 5198 1464 5275 aliquid
1480 5198 1739 5276 praeoedit‚onde
1754 5205 1838 5258 certo

74 5279 161 5341 alieni
177 5282 330 5345 contlteri.
833 5308 836 5311 ·
974 5281 1168 5361 colligamus,
1184 5280 1260 5342 illud
1276 5294 1459 5361 prenomen,
1490 5281 1548 5355 eis,
1578 5297 1640 5341 non
1669 5279 1776 5343 reterri
1799 5281 1837 5340 ad

111 5362 213 5439 deone
226 5368 353 5427 multum
370 5367 570 5446 aeterternae
587 5367 635 5427 itta
665 5366 820 5427 confessio
849 5380 927 5441 eoae
973 5365 1156 5442 discipulos.
1572 5377 1574 5382 ·

74 5456 171 5505 coram
192 5447 311 5510 loaone
325 5449 430 5523 debat,
446 5464 515 5513 oum
532 5449 684 5528 baptismo
699 5452 860 5527 conjuncte
876 5464 925 5509 es·
1015 5447 1142 5509 Videtur
1155 5452 1255 5508 autem
1269 5441 1356 5518 illud,
1374 5448 1430 5513 eis.
1446 5446 1484 5507 ad
1500 5460 1554 5506 eos
1575 5446 1695 5518 reterri,
1719 5446 1832 5525 quibus

76 5534 130 5616 set.
147 5544 216 5591 curn
232 5538 334 5595 nostra
350 5534 505 5596 conlessie
520 5532 749 5594 sacramentalis
777 5530 876 5591 solem
893 5531 922 5591 in
970 5531 1063 5611 paulo
1077 5536 1147 5591 ante
1162 5530 1276 5590 dietum
1292 5535 1350 5590 est:
1369 5530 1476 5594 Tollite
1498 5529 1652 5609 lapidem,
1676 5529 1785 5591 iisdem
1804 5546 1836 5590 c·

74 5618 110 5699 trs
123 5610 224 5674 locum
240 5615 363 5686 babeat,
393 5618 444 5698 qui
469 5623 544 5695 post
571 5614 758 5692 Baptismnm
785 5622 923 5692 peceant.
971 5613 1135 5674 nimdixit:
1155 5612 1262 5689 l'ollite
1277 5612 1477 5689 lepidemet,
1495 5612 1611 5674 Solvite
1623 5628 1709 5674 como.
1727 5612 1834 5687 loram

75 5686 141 5752 barn
157 5694 328 5774 Baprtismus
343 5698 469 5763 loannis
486 5714 545 5761 non
563 5697 733 5761 remittebat
749 5703 874 5776 peecata
888 5712 924 5759 ex
973 5696 1080 5759 tellite
1096 5697 1249 5774 lapidem,
1266 5696 1341 5757 divit
1356 5695 1637 5769 circumstantibus,
1654 5712 1715 5756 non
1732 5694 1832 5774 expri-
