4084 6275
857 333 955 392 ttbtttt
974 327 1101 396 taines

13 427 17 554 J
71 464 105 525 id
124 463 208 526 euim
223 462 317 542 exigit
331 468 437 527 natura
449 468 650 538 contractos,
672 465 726 543 qui
740 466 937 547 de‘persoois
1309 472 1428 538 eleut
1449 473 1512 537 Vll.

13 592 17 636 1
70 547 319 608 contrabentium
334 546 380 609 itt.
402 547 667 621 Quemadmodum
688 549 795 622 euim,
821 552 849 614 si
864 554 935 631 quis

13 676 16 721 ι
70 629 105 689 io
120 643 244 690 sertum
258 629 350 692 elicui
365 647 400 692 se
415 632 483 710 ipse
498 632 655 704 tenderet,
672 631 753 693 idem
765 638 850 696 esset
862 651 934 698 vec·

14 762 16 803 ι
70 711 166 782 dens,
181 719 213 773 et
226 726 278 774 res
292 713 424 780 vendita,
437 713 576 775 alliciens
587 720 617 776 et
631 714 768 778 materia:
784 715 831 778 sie¹
844 717 935 780 etiam
980 707 1078 770 omne
1092 707 1269 788 tepitimnm
1283 707 1525 775 Matrimonium
1538 710 1622 774 inter
1645 709 1840 778 Christianos

72 795 105 855 in
121 793 399 864 Matrimooio,cum
413 797 473 874 ipsi
488 795 638 872 mutones
652 813 688 860 sc
702 806 807 861 mutue
818 802 937 862 trudant
1142 814 1345 873 contractum
1358 827 1424 874 0339
1437 817 1689 876 sacramentam,

14 932 15 945 ,
69 893 110 937 ee
124 878 255 952 dooeut3
269 878 330 958 ipsi
345 877 527 950 allicientes,
543 884 574 940 et
587 878 648 956 ipsi
661 883 784 942 materia
799 889 882 944 suot.
900 884 937 945 tet

68 975 258 1038 quemquam
273 962 439 1038 requiritur
450 978 487 1023 ex
501 961 626 1023 decreto
647 960 820 1035 Ecclesiae,
847 965 936 1028 miei·

68 1048 137 1103 ster
152 1043 397 1114 ecclesiasticus,
415 1044 467 1121 qui
482 1058 670 1106 eonsensum
698 1045 867 1126 conjugum
882 1065 933 1111 ex·
1018 1043 1104 1106 Nunc
1118 1044 1267 1108 aduersus
1283 1043 1357 1107 Cani
1373 1041 1550 1124 opinionem
1573 1041 1763 1121 probandum
1779 1045 1838 1114 est,

68 1125 185 1200 quirat,
202 1133 233 1187 et
246 1127 379 1189 eundem
391 1127 540 1204 approbet
554 1130 585 1187 et
599 1126 745 1201 declaret,
762 1135 793 1190 ct
808 1129 935 1192 benedi·
979 1143 1040 1188 noo
1057 1128 1145 1188 atium
1161 1143 1233 1190 esse
1248 1129 1374 1190 termam
1389 1125 1586 1189 essentialem
1605 1171 1613 1194 ι
1630 1141 1731 1203 neque
1747 1124 1839 1188 allum

67 1208 176 1269 ctione
191 1208 378 1271 sacerdotali
390 1208 573 1284 condrmet3
597 1216 698 1275 tameo
728 1213 851 1290 proprie
879 1215 933 1294 qui
979 1209 1152 1272 ministrum
1167 1210 1351 1272 sacrementi
1366 1207 1546 1272 Matrimonii
1563 1226 1572 1285 3
1589 1207 1679 1270 aliam
1695 1223 1767 1270 rere
1782 1205 1840 1268 ior-

66 1288 256 1354 Matrimouii
270 1297 496 1354 sacramentum
511 1289 671 1366 ellleiuut,
698 1293 759 1370 ipsi
783 1293 935 1376 conjuges
978 1309 1059 1356 mem
1075 1291 1211 1355 etalium
1236 1293 1408 1355 ministrum
1428 1297 1604 1354 contractus
1633 1288 1812 1351 Matrimonii
1832 1335 1839 1362 ,

66 1379 157 1436 sunt.
620 1410 623 1414 -
978 1382 1010 1438 ct
1025 1379 1186 1453 propterea
1202 1376 1321 1437 nullum
1336 1374 1485 1437 celebrari
1502 1373 1581 1436 inter
1592 1370 1783 1436 Christianos
1798 1370 1841 1434 le·

109 1454 154 1516 Ειι
166 1455 215 1518 bis
225 1454 323 1517 rotelli
335 1454 624 1533 possuutMemuitii
636 1457 936 1538 calumniaettbjieit
977 1458 1118 1538 glitmum
1132 1458 1370 1532 Matrimonium,
1386 1457 1461 1536 quio
1476 1456 1508 1518 id
1523 1456 1670 1519 contiuuo
1685 1455 1725 1516 sit
1750 1453 1842 1517 etiam

62 1534 133 1612 itte,
152 1539 181 1597 io
196 1538 228 1599 2.
244 1553 311 1615 par.
325 1554 424 1600 exam.
441 1555 512 1618 pap.
529 1537 665 1602 tremet
679 1541 934 1618 sequeutiscbo·
978 1557 1082 1604 rerum
1100 1541 1258 1604 Ecclesiae
1273 1545 1513 1604 sacramentum.

62 1618 195 1680 lestines
210 1620 348 1682 noudum
360 1618 478 1699 degere
494 1621 632 1700 potuisse
644 1622 858 1702 aliquidquod
872 1643 934 1688 mu-
1019 1624 1061 1685 de
1077 1624 1175 1704 primo
1190 1624 1220 1685 id
1237 1624 1415 1701 probamus,
1431 1623 1502 1700 qnia
1519 1620 1544 1682 si
1557 1636 1626 1683 vera
1639 1623 1723 1681 esset
1736 1617 1842 1695 opinio

62 1701 144 1762 teria
160 1707 191 1763 et
206 1701 303 1764 lorum
319 1702 351 1765 io
366 1703 426 1764 boe
440 1710 633 1766 sacramento
647 1711 731 1767 reete
746 1707 806 1768 dici
822 1712 934 1786 possit.
978 1704 1063 1777 ceni,
1080 1722 1142 1768 non
1159 1721 1330 1787 possemus¹
1345 1721 1383 1768 ex
1409 1703 1575 1782 Scripturis
1605 1709 1635 1764 et
1655 1700 1797 1764 conciliis
1809 1717 1843 1761 o·

63 1782 160 1845 boot-t
174 1784 335 1861 theologos
347 1792 378 1847 ot
389 1786 619 1866 jureconsultos
635 1794 756 1850 nostros
767 1789 933 1854 admodum
976 1790 1122 1851 stendere
1137 1789 1271 1870 conjugii
1287 1795 1535 1863 sacramentum,
1567 1799 1667 1863 oeque
1690 1782 1843 1846 immerito

62 1865 166 1928 sarias
194 1874 226 1929 et
240 1867 375 1930 incertas
389 1869 556 1947 opiniones
569 1869 609 1931 de
624 1871 682 1931 bac
697 1886 730 1931 re
746 1871 872 1935 bebere:
888 1891 934 1935 ar·
978 1874 1118 1934 dicerent
1132 1871 1278 1934 baeretici
1296 1871 1355 1933 bec
1366 1876 1592 1933 sacromentum
1605 1868 1643 1928 ab
1653 1865 1842 1940 bominibus,

61 1949 132 2025 guil
147 1951 346 2014 tridentinum
362 1952 542 2021 concilium,
558 1953 640 2029 quod
668 1953 745 2014 nibil
761 1955 793 2016 in
821 1972 855 2018 re
871 1966 931 2018 mm
978 1954 1071 2029 idone
1087 1969 1208 2029 reeens,
1226 1953 1431 2033 excogitatum
1445 1952 1555 2016 luisse,
1571 1951 1642 2014 Mam
1659 1951 1689 2010 iu
1705 1949 1841 2027 Scriptu-

63 2030 161 2092 dubia
177 2034 439 2096 determinarent:
454 2034 573 2113 colligit
586 2051 624 2096 er
639 2036 688 2097 bis
699 2036 856 2107 omuibus,
873 2056 934 2101 eon
976 2039 1020 2101 ris
1033 2038 1183 2100 babemus
1197 2037 1335 2116 quinem.
1351 2035 1574 2098 Matrimonium
1603 2032 1742 2095 fidelium
1770 2046 1842 2093 esse

64 2129 162 2189 posse
177 2117 269 2177 etiam
285 2133 301 2177 e
317 2116 408 2180 nobis
423 2124 508 2179 certo
518 2117 629 2192 asseri,
646 2117 871 2184 Matrimonium
886 2139 935 2185 es·
976 2127 1218 2194 sacramentum
1234 2117 1290 2182 sed
1308 2135 1404 2182 norae
1419 2118 1551 2196 alicuius
1566 2116 1682 2178 termae
1697 2161 1705 2186 ,
1721 2120 1773 2174 eut
1787 2112 1843 2175 mi·

63 2211 102 2256 se
117 2206 358 2261 sacramentum.
978 2203 1069 2264 nistri
1085 2201 1247 2282 vestigium
1265 2201 1383 2264 nullum
1400 2202 1429 2262 in
1459 2199 1571 2262 diuinis
1596 2199 1696 2260 literis
1725 2195 1841 2272 reperi·
1916 2203 1923 2218 '

107 2278 170 2340 Sed
193 2281 271 2342 bace
285 2283 388 2344 omnia
404 2280 484 2343 teria
509 2287 583 2344 sunt
608 2287 640 2345 et
665 2283 779 2345 innota.
810 2284 882 2347 Mam
899 2287 933 2349 ln
978 2301 1059 2346 mus.
1077 2285 1176 2358 Quare
1192 2285 1218 2346 si
1234 2285 1327 2348 torma
1343 2289 1374 2345 et
1389 2283 1530 2345 minister
1554 2286 1729 2344 contrectus
1745 2279 1843 2342 Metri-

63 2359 175 2438 primis
186 2364 354 2424 concilium
371 2365 447 2424 nibil
463 2364 688 2440 determinavit,
705 2369 776 2444 quie
793 2383 854 2430 noo
870 2376 935 2430 eret
979 2367 1086 2438 tironii,
1104 2366 1247 2431 sitellam
1263 2367 1358 2428 torma
1386 2371 1416 2428 et
1432 2365 1571 2428 minister
1584 2362 1767 2426 sacramenti
1781 2361 1842 2426 Me·

63 2459 159 2518 opus.
176 2444 262 2506 Sicut
276 2445 359 2507 euim
376 2445 527 2507 Dominus
543 2447 611 2522 ipsc
626 2464 686 2510 non
704 2451 857 2528 expressit
872 2468 935 2513 ma·
977 2449 1125 2526 trimouii;
1140 2451 1233 2513 torma
1249 2457 1280 2510 et
1294 2450 1434 2512 minister
1450 2449 1541 2525 bujus
1556 2444 1739 2509 sacrementi
1755 2444 1785 2506 iu
1798 2444 1842 2506 di·

65 2527 173 2588 teriam
203 2532 234 2588 ct
247 2526 376 2589 turmam
392 2525 486 2596 baius
503 2531 702 2602 sacramenti,
716 2533 788 2608 quie
803 2549 864 2594 ooo
880 2551 935 2597 uo·
977 2532 1055 2596 riuis
1070 2534 1168 2596 literis
1184 2533 1348 2612 perspicua
1371 2530 1641 2594 demonstrabitur:
1668 2525 1695 2590 si
1711 2541 1781 2588 uero
1802 2526 1844 2588 sit
1884 2589 1893 2602 ,

64 2609 933 2690 rumsymbolumiostitnitsedbumaoumusitatomoue
976 2617 1035 2677 alia
1052 2618 1146 2678 terma
1162 2615 1350 2693 quaerenda,
1368 2613 1510 2692 aliusque
1524 2612 1675 2684 minister,
1689 2610 1762 2672 alibi
1777 2625 1843 2672 cer·
1954 2685 1956 2688 Ι

63 2697 254 2753 contractum
269 2694 369 2754 erexit
382 2693 420 2753 ed
435 2694 620 2756 sacramenti
642 2694 834 2773 dignitatem,
849 2700 933 2760 attri-
977 2698 1167 2776 tequemio
1183 2697 1295 2758 divinis
1310 2697 1408 2758 literis
1420 2697 1477 2758 ista
1492 2693 1669 2774 quaerenda
1686 2697 1788 2756 erant.
1829 2765 1834 2776 ι

62 2772 167 2835 bueus
182 2775 226 2835 illl
238 2776 406 2837 contractui
421 2776 805 2856 noram'sigoilieationcm
818 2786 848 2840 et
864 2797 932 2858 gra·
1017 2779 1188 2842 Concilium
1204 2779 1401 2842 florentinum
1417 2785 1448 2840 et
1462 2778 1663 2840 tridentinum
1680 2821 1689 2845 ,
1717 2774 1750 2835 io
1776 2773 1843 2850 oui·

63 2854 126 2917 tiae
143 2856 393 2933 premissionem:
421 2860 468 2920 sie
493 2859 585 2919 etiam
615 2861 795 2922 concilium·
810 2865 931 2927 muneri
977 2864 1036 2926 bus
1053 2869 1178 2941 propter
1194 2877 1288 2925 noras
1305 2861 1451 2924 haereses
1466 2862 1526 2923 boe
1541 2862 1651 2940 dogma
1663 2855 1843 2936 diligentius
1947 2905 1950 2912 .

63 2953 124 2998 suo
138 2939 299 3014 setisleeit,
322 2957 393 3003 eum
408 2939 557 3019 explicuit
577 2941 768 3006 bomioieem
797 2945 934 3009 traditio-
975 2946 1162 3023 explicatum
1179 2950 1237 3016 est,
1254 2942 1439 3006 debuissent
1453 2942 1579 3004 omniuo
1601 2940 1727 3003 lormem
1744 2943 1775 3000 et
1789 2938 1845 3000 mi·

63 3036 150 3081 nem.
976 3029 1106 3092 nistrum
1119 3029 1213 3109 buius
1228 3027 1413 3088 sacramenti
1429 3025 1600 3104 assignare,
1616 3023 1641 3085 si
1659 3039 1717 3101 qua
1734 3025 1844 3115 essent

103 3102 235 3167 Deinde:
250 3103 400 3185 Tbeolossi
414 3102 545 3169 mirilico
566 3103 647 3169 iuter
675 3123 710 3170 se
738 3110 928 3174 coureniuot
975 3117 1104 3192 praeter·
1113 3112 1241 3173 termam
1256 3116 1286 3171 et
1297 3107 1471 3171 ministrum
1485 3112 1665 3169 contractus
1689 3103 1843 3167 Matrimo-

63 3202 126 3261 ouo
141 3187 179 3250 ad
193 3185 321 3249 lormam
337 3187 565 3251 etministrum:
582 3191 691 3268 quoad
704 3194 863 3255 materiam
879 3189 932 3256 au·
977 3194 1033 3255 nii.
1049 3197 1084 3256 tt
1100 3196 1157 3257 istu
1172 3192 1303 3256 concilia
1320 3208 1359 3253 ne
1371 3191 1464 3253 verbo
1479 3191 1605 3269 quidem
1628 3203 1735 3251 uorem
1753 3187 1842 3249 istem

63 3273 126 3329 tem
141 3286 203 3331 non
228 3271 270 3331 ita
290 3270 489 3346 dissentiunt,
519 3278 552 3333 ut
573 3271 662 3335 laeile
683 3274 841 3337 conciliari
869 3293 932 3340 uon
976 3278 1102 3339 formiam
1119 3282 1150 3339 et
1164 3276 1335 3337 ministrum
1353 3274 1510 3344 iudicant,
1538 3272 1612 3350 quin
1639 3268 1743 3348 potius
1769 3269 1844 3331 sotis

62 3354 196 3431 possiet.
978 3368 1085 3437 riperto
1099 3356 1285 3437 significant.
1303 3372 1364 3419 nnn
1380 3371 1452 3418 csse
1463 3354 1636 3434 quaerenda
1650 3354 1845 3430 atia,praetcr

105 3434 140 3495 Mt
154 3434 293 3513 quemuis
307 3431 399 3498 etiam
416 3441 478 3499 tum
494 3436 533 3499 de
548 3437 687 3515 materia,
701 3444 764 3501 tum
781 3438 820 3503 de
836 3440 930 3503 torma
977 3462 1027 3516 ea,
1043 3459 1122 3521 quae
1138 3442 1169 3501 in
1184 3444 1341 3502 contractu
1357 3438 1536 3499 Matrimonii
1552 3436 1761 3498 inveniuntur.

65 3518 198 3579 maxime
211 3519 292 3579 inter
305 3534 341 3580 se
355 3520 501 3582 catholici
513 3518 715 3583 dissiderent:
730 3523 807 3583 nibil
818 3525 849 3583 id
865 3524 929 3586 oill-
1018 3522 1188 3588 Concilium
1204 3522 1401 3585 florentinum
1424 3520 1462 3581 ita
1490 3519 1635 3596 loquitur:
1666 3515 1845 3593 Septimum

64 3600 358 3669 eercteertitudiui,
375 3618 471 3679 quam
492 3602 643 3667 nubemus
671 3606 711 3666 dc
735 3615 928 3671 sacramento
976 3614 1274 3672 eetsncromentnm
1287 3602 1509 3673 Matrimonii,
1526 3601 1615 3681 qnod
1642 3604 1686 3661 est
1712 3600 1844 3679 cipncim

65 3682 335 3745 Matrimoniillam
347 3685 386 3746 ed
399 3684 491 3745 iidem
507 3684 690 3747 catholicam
702 3686 742 3749 de
757 3703 930 3751 sacramen·
974 3688 1214 3769 coniunctionis
1230 3686 1345 3751 Christi
1369 3690 1398 3748 et
1419 3685 1590 3757 Ecclesiae,
1614 3682 1792 3745 secandum
1807 3682 1843 3743 t·

64 3765 105 3825 tis
119 3763 337 3837 babendemet
350 3767 388 3828 ed
403 3767 512 3830 eadem
524 3777 715 3831 sacramente
728 3769 860 3832 tldcliter
875 3774 929 3833 mi·
971 3774 1143 3851 pontoium.
1161 3771 1283 3835 douesn
1294 3767 1434 3849 efficiens
1448 3766 1667 3838 Matrimonii,
1682 3764 1843 3843 repuleri-

64 3848 235 3917 nistraoda,
251 3850 299 3909 ret
315 3850 538 3926 suscipienda.
565 3851 641 3913 sotis
669 3859 718 3915 est
746 3853 839 3923 seire,
856 3857 929 3933 quid
973 3864 1022 3923 ter
1036 3862 1081 3919 est
1094 3860 1227 3918 mntntts
1239 3868 1414 3917 consonans
1427 3868 1486 3930 per
1499 3849 1597 3913 ecrbn
1624 3848 1845 3926 depromenti

66 3930 245 3991 necessario
258 3932 432 4009 requiratur
452 3934 490 3995 ed
516 3939 743 3997 sacramentum
769 3936 929 3999 celebrau-
972 3954 1157 4018 empreeeats.
1175 3937 1256 3999 Heee
1272 3935 1396 4011 ibiQuo
1411 3935 1479 3995 loeo
1495 3932 1659 3994 concilium
1677 3945 1732 4008 per
1753 3946 1841 3991 ceus-

66 4014 152 4086 dum,
168 4018 199 4073 et
213 4018 289 4091 quot
301 4017 375 4086 sint,
390 4023 422 4075 et
434 4032 515 4094 quae
530 4015 581 4078 illa
601 4063 609 4089 ,
638 4019 708 4079 siue
736 4018 851 4097 quibus
866 4038 929 4085 non
973 4037 1039 4083 sam
1055 4020 1240 4085 efficientem
1256 4018 1452 4090 Matrimonii,
1470 4015 1611 4095 intelligit
1637 4028 1779 4083 caussam
1796 4011 1839 4075 el·

64 4095 221 4169 perlinitur
235 4099 560 4175 sacramentumque
576 4106 677 4163 autem
692 4103 724 4163 iu
739 4102 788 4163 his
804 4103 928 4180 proprie
971 4102 1129 4167 linientem
1145 4101 1327 4165 Matrimonii
1343 4101 1433 4163 etiam
1464 4104 1497 4161 ut
1523 4100 1750 4160 sacramentum
1765 4101 1835 4157 est:

64 4177 158 4239 torma
174 4179 225 4251 sit,
241 4179 315 4257 qnid
329 4180 468 4243 materia.
480 4180 550 4243 sine
564 4181 635 4245 lidei
651 4183 842 4262 praejudicio
864 4188 927 4249 dis·
973 4187 1044 4249 Mam
1063 4188 1121 4249 boe
1135 4191 1316 4263 susceperat
1338 4183 1554 4261 explicandum
1572 4224 1580 4249 ,
1612 4194 1681 4240 cam
1708 4177 1838 4243 diceret:

62 4262 160 4336 putari
181 4267 214 4322 et
241 4261 331 4322 etiam
346 4260 479 4340 ignorari
504 4270 616 4341 potest.
639 4265 722 4329 Sciat
745 4269 925 4345 parochus,
971 4270 1151 4348 Septimum
1171 4275 1216 4331 est
1229 4269 1470 4340 recrementum
1490 4262 1711 4329 Matrimonii.
1734 4266 1765 4323 et
1780 4260 1840 4322 uisi

64 4345 103 4405 ed
114 4343 302 4422 baptismum
314 4360 423 4420 equam
439 4360 511 4407 csse
526 4348 733 4411 neeessariam
751 4395 760 4421 ,
777 4350 926 4413 cumillis
971 4353 1011 4413 ita
1026 4352 1222 4429 intelligeret.
1237 4357 1305 4429 jure
1321 4346 1507 4427 reprehendi
1523 4352 1640 4425 posset,
1663 4342 1745 4423 quod
1762 4344 1840 4405 omi·

63 4426 166 4487 uerbis
179 4425 288 4487 saeris:
304 4427 371 4503 tipo
385 4426 514 4507 baptizo
543 4436 572 4493 te
596 4430 636 4493 in
659 4432 794 4494 nemim
807 4430 924 4511 Petris,
970 4434 1064 4497 sisset
1079 4436 1122 4506 id,
1139 4436 1221 4513 quod
1239 4432 1414 4495 necessario
1430 4428 1645 4508 explicandum
1661 4424 1837 4495 eretetad·

65 4508 184 4570 etl'itia'
196 4512 227 4569 et
238 4506 379 4585 spirttm
391 4511 507 4587 soracti,
530 4518 630 4575 utrum
641 4520 743 4577 autem
756 4530 846 4591 aqua,
864 4534 926 4580 mu·
965 4517 1098 4597 jecisset
1112 4516 1242 4596 id,quod
1260 4533 1276 4577 e
1293 4514 1417 4576 nemine
1430 4509 1693 4589 pernoctantium
1706 4508 1732 4570 si
1748 4524 1838 4601 caus3

66 4594 139 4656 teria
155 4591 286 4653 dicenda
302 4593 353 4661 sit.
369 4600 401 4655 et
415 4594 542 4657 terbum
558 4595 748 4671 terrun,adeo
762 4600 832 4661 siue
847 4599 925 4676 peri·
969 4618 1002 4662 sn
1019 4600 1158 4664 alliciens
1182 4595 1364 4661 sacramenti
1393 4594 1575 4657 Matrimonii
1602 4593 1687 4673 juxta
1713 4590 1838 4653 concilii

64 4676 136 4737 culo
149 4673 313 4751 ignorabit,
330 4682 363 4737 ut
377 4677 495 4738 etiamsi
510 4678 636 4740 verbum
666 4680 824 4741 materiam
851 4688 883 4743 et
893 4699 924 4743 a·
969 4684 1064 4763 hujus
1079 4682 1272 4746 oecumenici
1287 4678 1539 4743 declarationem.
1565 4682 1613 4737 est
1624 4676 1749 4735 mutuus
1764 4688 1837 4734 eon·

61 4774 151 4835 ortem
169 4757 295 4819 termam
312 4774 383 4820 esse
398 4760 549 4834 crederet,
567 4777 669 4841 neque
685 4764 861 4841 perniciose
875 4781 922 4827 er·
968 4783 1083 4829 seusus
1098 4783 1155 4843 per
1169 4764 1311 4827 rerbade
1323 4762 1481 4841 praesenti
1497 4772 1677 4833 cupressus,
1709 4756 1837 4816 manile·

61 4846 154 4914 roret,
171 4856 272 4917 neque
287 4837 436 4903 inutiliter
450 4843 627 4921 baptizaret.
643 4846 687 4907 to
711 4848 844 4908 eundern
860 4863 923 4909 mo
966 4856 1014 4911 ste
1030 4852 1172 4927 sequitur
1189 4894 1197 4921 ,
1225 4848 1351 4909 termam
1367 4844 1549 4906 seerurneuti
1564 4842 1656 4933 liujus
1668 4852 1730 4899 nou
1762 4852 1836 4899 esse

60 4925 134 4985 dum
150 4924 176 4982 si
194 4920 356 4985 Christiani
380 4932 528 5000 teneant,
557 4928 594 4989 erl
623 4928 849 4991 matrimonium
864 4931 923 4991 rite
966 4932 1217 4995 benedictionem
1233 4928 1416 4996 sacerdotis,
1433 4926 1489 4987 sed
1504 4926 1569 5000 ipsa
1585 4936 1751 5001 conjugum
1768 4935 1835 4981 rer·

60 5005 307 5078 celebrandum,
332 5013 471 5071 mutuum
501 5026 689 5073 consensum
717 5013 922 5090 legitimarum
968 5002 1837 5095 baetministlumnecessariorequisitum,esseutrum-

14 5109 15 5148 t
61 5090 919 5170 personarumsigncsensibitiexpressumesseneces·
970 5115 1030 5177 que
1046 5098 1221 5176 conjugem:
1237 5093 1308 5156 llam
1324 5092 1465 5153 minister
1491 5096 1539 5151 est
1562 5102 1671 5149 caussa
1696 5082 1836 5148 efficiens

60 5172 189 5246 sarium3
204 5179 296 5249 atoue
311 5171 468 5250 eiusmodi
481 5175 621 5253 symbolo
638 5224 646 5250 ,
670 5183 703 5237 ut
726 5193 797 5242 aero
827 5195 923 5244 norae
968 5180 1279 5252 sacramentumque
1296 5176 1386 5237 aliter
1399 5173 1505 5240 efficit,
1522 5184 1614 5250 quam
1628 5168 1756 5262 termam
1772 5182 1836 5227 ma·

14 5276 16 5314 ι
60 5254 141 5331 legis
154 5259 348 5316 sacramento
363 5256 600 5330 promissionem
615 5260 730 5336 gratiae
745 5276 817 5323 esse
831 5277 925 5324 eene·
970 5264 1066 5325 terias
1081 5260 1290 5339 adiungendo.
1308 5258 1499 5334 Quicumque
1516 5254 1607 5333 igitur
1622 5250 1835 5345 Cautusenten·

13 5357 16 5400 t
59 5354 142 5399 xam:
156 5337 235 5399 nibil
247 5336 377 5414 periculi
393 5338 462 5411 erit,
478 5341 598 5401 etiamsi
614 5344 692 5404 torte
708 5343 866 5406 materiam
894 5351 926 5408 et
972 5348 1046 5407 tiam
1063 5346 1140 5407 tueri
1156 5344 1247 5413 volet,
1264 5356 1334 5403 eum
1350 5339 1505 5416 oportebit
1529 5343 1580 5398 eut
1594 5335 1727 5428 concilio
1742 5347 1835 5394 neen-

14 5442 16 5481 t
58 5422 187 5483 termam
201 5418 394 5497 distinguere
410 5437 470 5481 non
486 5423 641 5486 relebuot.
671 5425 706 5486 In
734 5427 795 5488 boe
822 5435 925 5491 eutem
969 5429 1092 5493 menieo
1105 5432 1209 5505 aperte
1222 5438 1407 5503 repugnare.
1423 5429 1474 5481 eut
1498 5426 1582 5481 certe
1597 5422 1698 5481 notam
1715 5430 1831 5495 impru-

60 5503 198 5583 tbeologi
211 5518 321 5565 omues
335 5503 535 5573 conueniunt.
552 5524 614 5569 uuo
631 5506 723 5580 Cano,
734 5516 767 5571 ut
778 5510 923 5582 diximus,
970 5511 1093 5587 dentiae
1108 5509 1209 5573 eidem
1224 5504 1357 5571 coneilio
1372 5504 1509 5566 inurere.
1570 5540 1573 5547 ,

14 5611 15 5634 ι
59 5595 203 5664 excepto.
220 5586 300 5647 tituil
316 5585 409 5665 igitur
422 5584 597 5652 Memoitius
625 5592 657 5653 iu
673 5593 730 5655 bac
746 5600 832 5672 parte
847 5595 925 5657 obti-
1011 5593 1180 5657 Concilium
1196 5590 1395 5653 tridentinum
1410 5600 1492 5648 sess.
1508 5584 1559 5646 ii.
1574 5580 1689 5660 inipso
1705 5582 1829 5675 decreto

14 5695 15 5724 ι
60 5675 267 5751 nimtimisi·
447 5746 453 5757 ,
970 5670 1227 5752 deMatrimouio,
1244 5683 1352 5738 norem
1367 5666 1766 5736 lormametministrumm
1782 5680 1831 5725 sa·
