4084 6275
263 374 317 433 7³8
930 367 975 424 iiii
994 366 1220 429 poentientia

199 512 276 574 dixit
291 512 382 574 etiam
398 524 453 587 per
468 508 676 571 Salomonem:
692 504 912 568 lismonam
939 502 1063 566 elueri·
1106 506 1304 578 penitentiae,
1327 506 1410 569 idem
1433 504 1543 570 Christi
1556 509 1683 585 sanguis
1704 506 1829 586 eulpam
1843 502 1976 584 qtlitlt‘ttt
2026 536 2027 567 τ

196 601 265 657 tete
277 595 450 658 redimitur
462 591 634 672 iniqnitas.
650 588 794 650 Proverb.
818 587 868 649 ti.
887 594 922 647 -el
936 603 992 665 ρετ
1005 585 1062 647 Da·
1104 598 1134 651 el
1146 606 1275 665 poenam
1288 597 1442 652 aeternam
1455 590 1608 664 deloi‚sed
1621 606 1750 669 poenam
1764 587 1976 668 temporalem

200 680 326 740 arielem:
340 678 475 741 Peccata
489 682 547 737 tna
561 674 771 753 elecmosynis
783 671 919 733 redime.
941 669 1061 731 banici.
1103 674 1272 746 iotam,ntsi
1286 676 1404 753 propria
1419 672 1630 737 satisfactione
1640 678 1911 750 cooperantemon
1926 686 1978 730 ετ·
2026 696 2027 751 p

195 760 227 821 l.
244 769 275 823 et
288 777 344 838 ρετ
357 760 482 822 Lucum:
498 758 715 821 Remittentur
728 756 905 832 eipeccma
930 752 1060 825 multa,
1105 756 1177 834 piat:
1201 758 1291 835 leuius
1311 754 1500 819 discriminis
1521 772 1643 820 causam
1659 772 1697 819 ex
1717 755 1818 817 divine
1839 752 1976 826 iustitia,

198 845 360 923 quoniam
375 842 494 905 diieaeii
505 840 658 903 muitum.
673 838 748 900 Luc.
765 837 796 898 l.
813 835 918 911 ltaque
932 837 1062 916 graluita
1101 845 1193 918 oleato
1207 854 1245 901 ετ
1262 839 1332 903 aliis
1347 837 1424 901 iacis
1436 840 1558 917 politam
1570 856 1664 918 supra
1680 838 1892 901 reddidimus.

196 932 457 1005 csi‘peeeaterum
483 923 638 995 remissio,
654 922 725 999 quia
740 919 835 999 graiis
862 918 944 979 ilem
968 918 1062 981 iidem
1143 922 1244 996 Quare
1260 938 1321 983 aaa
1336 921 1526 984 admittimus
1551 924 1661 987 medos
1689 922 1761 984 litos
1789 917 1974 999 loquendi,

195 1015 227 1070 et
242 1006 464 1087 poenitentiam
480 1006 570 1069 nobis
584 1004 727 1083 inspirat3
738 999 833 1082 gratis
844 1003 882 1061 ad
897 999 1061 1063 amicitiam
1104 1004 1217 1081 quibus
1233 1004 1376 1067 calvinus
1387 1006 1570 1068 sententiam
1587 1011 1732 1077 nostrin,
1750 1008 1783 1066 at
1797 1018 1868 1067 eam
1884 1002 1975 1063 odio·
2027 1046 2028 1085 ρ

99 1084 103 1091 ’
195 1098 228 1153 et
247 1090 375 1171 gretiam
390 1106 476 1152 seam
488 1087 679 1165 nosreeipit‚
695 1084 790 1165 gratis
800 1083 925 1177 eulpam
948 1088 982 1146 et
993 1100 1060 1147 rea·
1102 1102 1167 1148 sam
1182 1086 1308 1160 taceret,
1324 1086 1499 1165 explicarit.
1516 1086 1581 1150 lion
1593 1088 1675 1151 onim
1691 1086 1838 1158 dicimus,
1856 1085 1971 1146 remis-

191 1181 255 1235 tnm
270 1172 377 1237 mortis
391 1178 536 1235 aeternae
550 1170 716 1244 condense
732 1173 826 1248 graus
841 1165 975 1244 denique
990 1183 1059 1245 gra·
1102 1170 1222 1231 sionem
1238 1177 1433 1248 peecatorum
1450 1174 1481 1231 el
1495 1168 1779 1233 reconciliationem
1796 1168 1900 1231 semol
1918 1164 1973 1229 de·

194 1258 265 1319 tiam
280 1258 367 1317 illam
380 1254 524 1324 intendit,
539 1266 596 1332 per
610 1266 703 1331 qoam
719 1265 775 1328 pro
791 1263 890 1328 ρεεεε
907 1254 1058 1328 ῑεετρετε·
1103 1252 1140 1319 ri,
1157 1255 1244 1327 anast
1258 1253 1435 1325 jostllleatio
1464 1255 1619 1329 lapsorum
1650 1258 1719 1328 post
1746 1251 1943 1329 Baptismnm
1962 1297 1970 1325 ‚

199 1339 233 1415 li,
247 1354 326 1418 qnae
341 1336 574 1415 dimisse‘culpa
596 1338 735 1397 remanet
750 1378 759 1407 ,
788 1330 1007 1408 satisfecimus
1023 1346 1062 1393 ex
1102 1349 1165 1397 non
1180 1336 1221 1397 sit
1234 1352 1304 1399 rere
1319 1343 1517 1415 peccalorum
1533 1336 1677 1399 remissio
1690 1342 1722 1398 et
1735 1334 1968 1397 reconciliatio.

196 1438 258 1499 noo
272 1422 423 1497 semitm,
440 1425 474 1482 oi
486 1418 614 1498 gratuita
631 1416 748 1495 peceati
762 1409 916 1486 remissio,
934 1428 995 1475 noo
1008 1430 1059 1475 so·
1082 1414 1207 1497 ‚Neque
1218 1418 1350 1480 dicimus
1365 1424 1436 1495 post
1449 1418 1635 1497 Baptismmn
1651 1418 1880 1496 resurgendum
1899 1430 1970 1477 esse

193 1506 257 1568 lum
274 1521 343 1567 eum
360 1501 575 1565 Setistaettone
589 1515 651 1561 non
668 1496 854 1577 pugnetsea
871 1512 939 1557 eam
956 1498 1060 1573 potios
1102 1514 1158 1577 per
1173 1499 1418 1563 satisfactiones:
1436 1516 1497 1562 aon
1513 1501 1595 1563 etaim
1611 1498 1786 1563 Satislaetio
1811 1498 1852 1561 ad
1869 1514 1972 1560 resur·

193 1590 311 1666 gignat.
328 1586 362 1647 ln
379 1601 417 1647 eo
432 1602 505 1647 τετε
520 1583 715 1661 potissimum
728 1575 1059 1656 catalaunensem
1102 1583 1237 1662 gendum
1253 1600 1269 1643 a
1286 1590 1382 1646 morto
1398 1584 1527 1661 peccati,
1544 1585 1599 1647 sed
1629 1584 1666 1645 ad
1696 1589 1815 1647 reatum
1843 1598 1968 1661 poenae

194 1669 334 1749 gratiam,
353 1683 432 1744 enee
447 1668 477 1729 in
494 1666 592 1729 saeris
607 1664 705 1726 literis
721 1660 913 1741 praedicatur
927 1705 935 1736 ,
951 1677 1013 1722 non
1030 1678 1060 1721 e·
1101 1666 1293 1743 temporetis,
1310 1667 1361 1744 qui
1379 1670 1448 1742 posi
1462 1680 1529 1728 eam
1552 1666 1813 1729 resurrectionem
1837 1672 1945 1727 ananei
1960 1710 1968 1732 ,

194 1751 389 1815 nimadrertit
404 1750 518 1828 opponi
536 1747 658 1826 proprie
674 1745 736 1806 illis
753 1751 867 1806 tantum
884 1744 1032 1820 operibus
1050 1791 1058 1817 ,
1102 1748 1286 1826 expiandum
1299 1748 1473 1811 adhibetur.
1488 1748 1594 1825 Neque
1623 1748 1698 1810 illud
1725 1747 1875 1811 dicimus.
1901 1764 1969 1808 san·
2030 1779 2031 1833 a

192 1851 271 1911 qnae
288 1848 325 1897 ex
341 1835 475 1913 propriis
486 1831 603 1893 rirtbos
618 1829 708 1892 liberi
725 1828 820 1889 nostri
837 1825 953 1887 arbitrii
969 1825 1057 1887 flunt:
1101 1832 1226 1906 guinem
1243 1830 1353 1897 carisii
1372 1832 1446 1893 nteit
1463 1834 1625 1909 prodesse,
1650 1828 1710 1891 nisi
1731 1836 1892 1910 quatenus
1918 1846 1971 1907 per
2030 1842 2031 1857 ¹

189 1917 397 1996 operaenim,
415 1930 493 1991 quae
510 1913 659 1994 engratia
683 1911 750 1989 ipsa
778 1912 963 1989 procedunt,
980 1911 1059 1973 adeo
1102 1912 1597 1992 liectestaeelaresdispensatur:
1621 1928 1725 1993 neque
1754 1913 1840 1975 enim
1868 1912 1970 1974 salma
2030 1916 2031 1921 ’

190 2016 250 2061 ττοε
266 2003 466 2078 ερρεεεεῑετ
479 1997 611 2075 gratiae.
627 2001 661 2056 nt
673 1994 703 2055 in
720 2007 755 2055 ea
770 1992 874 2071 polles
903 1998 1056 2071 tamquam
1102 1996 1228 2073 prodest
1242 1998 1272 2057 in
1288 2002 1478 2059 sacramento
1495 1996 1714 2071 poenitenliae,
1730 1994 1761 2056 in
1777 1996 1843 2073 quo
1859 2000 1969 2056 rtrtote

192 2080 322 2145 allectos
338 2098 368 2141 m
385 2097 493 2143 caussa
510 2079 718 2141 includentur.
1101 2078 1231 2141 clavium
1248 2087 1427 2157 peccatores
1441 2080 1704 2153 reconciliantur,
1729 2079 1786 2141 sed
1817 2079 1915 2139 etiam
1939 2082 1968 2138 in

232 2158 1057 2253 Pergitcalrlnusiii.Vernmqncsnntperoerai·
1102 2160 1786 2240 confirmatione,Eucharistia‚eaeterisquo
1816 2161 1967 2222 amnibus

188 2253 263 2320 tate,
295 2252 544 2325 etpeeeeiornm
563 2243 787 2305 remissionem
813 2245 843 2301 ei
868 2241 1058 2302 reconcilia·
1101 2243 1315 2306 sacramentis.

183 2331 306 2393 tionem
321 2328 504 2402 lieriaemel
518 2327 632 2390 dicum
647 2372 655 2399 ,
671 2340 746 2386 cem
773 2323 813 2384 in
831 2323 975 2401 matium
1000 2322 1060 2385 Dei
1143 2326 1272 2401 Deinde,
1288 2325 1306 2408 i
1320 2324 1872 2407 itargomonlumduelleblronore
1887 2324 1971 2387 cert-

183 2428 244 2491 per
258 2411 419 2476 carisium
431 2413 470 2473 in
479 2405 920 2489 Baplnmoreeipimarzpost
931 2404 1058 2485 Baptis-
1105 2408 1142 2470 sti
1169 2415 1200 2472 at
1214 2425 1292 2491 paee
1308 2411 1530 2473 eonscientiae:
1547 2413 1587 2472 te
1601 2410 1680 2481 duo,
1697 2408 1809 2485 intonit,
1827 2406 1884 2470 laic
1897 2424 1969 2487 per·

188 2508 281 2557 aiam
293 2495 533 2573 resurgendum
545 2504 612 2556 esse
624 2506 684 2570 ρετ
699 2488 941 2565 satisfactiones
957 2505 965 2547 ε
982 2504 1058 2550 aen·
1100 2493 1242 2570 pendere
1257 2492 1418 2555 meconi:
1432 2498 1469 2555 nt
1480 2495 1647 2573 integeret
1658 2490 1902 2557 nntmuaeaas
1917 2491 1969 2553 lto·

188 2578 323 2656 gainem
340 2577 456 2641 cincti
469 2575 556 2639 nillil
566 2574 730 2654 prodesm,
745 2571 812 2635 nisi
825 2577 987 2650 eumenus
999 2587 1059 2649 ρετ
1099 2574 1295 2638 carcarisia
1316 2582 1518 2652 semetsemet
1531 2574 1748 2638 comcientiae
1775 2573 1969 2652 deponenti

187 2661 294 2722 claues
308 2658 471 2722 Ecclesiae
485 2660 764 2737 dispernaiureia.
781 2658 812 2713 et
825 2659 930 2715 contre
946 2653 1059 2732 allegat
1099 2658 1354 2728 cenieaocnroe,
1369 2674 1485 2736 pacem
1498 2659 1591 2737 apud
1617 2657 1720 2719 Deum
1747 2654 1896 2721 halaam
1910 2664 1967 2719 ete.

186 2744 265 2804 illud
282 2743 312 2804 l.
326 2741 417 2805 ioan.
432 2742 463 2804 2.
481 2741 518 2804 sa·
531 2742 606 2821 qam
627 2738 833 2819 peccauerit,
861 2738 1058 2799 advocatiae
1102 2740 1203 2802 allatis
1218 2748 1319 2802 autem
1336 2741 1367 2802 in
1384 2742 1517 2802 mediam
1535 2740 1732 2814 testimoniis,
1750 2738 1876 2811 isaiae,
1895 2739 1970 2801 Petri

188 2824 345 2889 latemm
359 2827 453 2904 apud
466 2824 597 2886 Patrem
609 2821 721 2885 iesum
743 2818 915 2890 einamma,
946 2818 1059 2897 etipse
1102 2828 1132 2882 et
1148 2821 1244 2896 Pauli,
1262 2824 1377 2900 quibus
1393 2829 1588 2901 peccatoram
1609 2828 1794 2884 nostrorum
1826 2824 1969 2901 purgatio

190 2914 237 2970 esi
248 2908 441 2985 propitiatio
454 2922 515 2986 pro
528 2904 668 2984 paeoniis
678 2902 808 2966 nostru.
824 2899 861 2961 Et
875 2901 952 2963 illud
966 2899 1057 2962 ioan.
1101 2903 1222 2967 chrisio
1237 2907 1391 2977 tribuitur,
1408 2906 1457 2968 tais
1471 2906 1574 2968 verbis
1589 2904 1716 2969 eanfleil
1735 2912 1968 2983 argumentum:

189 2993 220 3053 t.
236 2990 318 3053 iiece
332 3006 438 3069 apaan
454 2986 669 3068 ttei‚eacequi
682 2984 763 3046 tollii
776 2989 911 3061 peccate
923 2984 1055 3046 mnndi.
1101 2985 1194 3051 tinne
1208 2988 1266 3052 itii
1290 2988 1472 3068 pestilentes
1497 3002 1610 3051 amum
1626 2988 1767 3050 naenias
1794 3002 1969 3065 ρτερεττεε

227 3072 425 3152 llespondeo:
442 3072 529 3146 Quod
542 3072 605 3132 taoa
620 3072 688 3131 loce
703 3069 734 3128 in
750 3066 900 3129 cattrulica
911 3066 1055 3128 doctrina
1103 3068 1246 3133 Gratiam
1263 3070 1320 3135 liei
1332 3070 1911 3152 inprimepoaeaiarnmremiseiane
1924 3086 1972 3133 se·

188 3155 334 3218 Getrinas
348 3153 561 3234 reprehendit,
578 3159 650 3215 ante
666 3152 753 3213 mille
773 3155 804 3212 el
833 3155 990 3212 trecentos
1004 3167 1058 3210 an·
1089 3153 1170 3236 ,lam
1181 3156 1489 3234 operari;sipeateo
1500 3155 1777 3223 condemnassem
1789 3155 1974 3216 aemndum

188 3253 246 3308 nos
261 3237 390 3315 scripsit
401 3253 430 3301 s.
447 3235 616 3316 cyprianus
631 3236 662 3295 in
677 3245 823 3297 sermone
854 3235 894 3294 de
908 3247 1003 3312 opere
1025 3237 1057 3294 et
1098 3239 1488 3318 ooniamimpeironelam
1516 3253 1617 3316 opere
1642 3242 1758 3298 nasim
1785 3237 1970 3315 cooperari.

186 3319 409 3399 eleemosynis,
425 3320 479 3382 ubi
494 3319 542 3382 sia
556 3318 703 3394 teouttor:
718 3315 788 3379 Non
814 3312 947 3378 haenel
973 3316 1057 3395 qaid
1101 3319 1185 3383 llaec
1198 3323 1228 3384 si
1242 3321 1348 3384 locam
1362 3319 1513 3394 habeant,
1529 3336 1617 3383 anne
1631 3335 1717 3399 paee
1733 3318 1860 3382 cerisio
1875 3335 1972 3398 sape·

184 3403 375 3482 tragilitatis
395 3402 562 3465 numanae
575 3397 762 3476 infirmitas,
775 3401 873 3495 aigae
885 3396 1053 3461 imbecilli·
1100 3404 1170 3466 rins
1182 3410 1259 3466 enni
1273 3403 1437 3474 aitriinia,
1451 3403 1502 3466 itti
1514 3403 1608 3465 amsa
1627 3405 1794 3464 manent?
1822 3402 1972 3464 immane

184 3493 235 3548 las
247 3486 379 3562 iaceret,
395 3485 462 3547 nisi
474 3486 593 3549 iimrtm
603 3485 708 3570 pietas
729 3482 845 3545 diosna
857 3479 1053 3545 mmmmm
1094 3494 1257 3564 qtianiinn
1271 3487 1350 3550 nnec
1362 3484 1530 3565 differunt:
1549 3484 1740 3565 iniquitates
1761 3491 1892 3546 nostras
1909 3501 1968 3562 ρε·

111 3579 118 3594 ·
174 3568 364 3648 justitiaeet
376 3567 622 3630 misericordiae
632 3563 783 3643 moriem
797 3563 943 3633 ostensis,
963 3564 1055 3627 aiem
1094 3570 1174 3630 sitas
1188 3585 1254 3632 esse
1268 3572 1307 3633 in
1323 3569 1458 3637 inrisio,
1475 3573 1512 3630 ni
1524 3569 1563 3630 in
1587 3569 1658 3646 ipso
1684 3569 1919 3646 empinrentur3
1942 3573 1971 3628 et

187 3653 359 3732 εεεεεεετ
375 3651 517 3713 mendae
545 3649 661 3712 salutis
689 3647 857 3727 aperiret,
883 3651 922 3709 ni
944 3647 1056 3711 sordes
1096 3653 1215 3714 nostris
1237 3652 1388 3732 oporibus
1413 3650 1551 3729 anemii.
1584 3651 1745 3712 comtum
1770 3665 1839 3712 esee
1860 3651 1969 3730 propi·

188 3735 397 3812 postmodum
411 3747 633 3814 εεεεετεεεεε
644 3728 1054 3810 mnirenimmeteemoeg-
1097 3735 1266 3797 tectionem
1276 3752 1336 3814 pro
1350 3735 1636 3813 peccatisnostris
1652 3731 1801 3806 cidnum
1815 3733 1969 3812 operitur

186 3818 240 3880 nis
257 3816 445 3880 abluamus.
468 3815 623 3894 Lemnian
647 3814 688 3877 in
715 3812 892 3890 scripturis
914 3810 1056 3890 Spiritus
1098 3819 1360 3896 propitiandum.
1471 3833 1474 3842 ·

185 3905 366 3969 rescisset
379 3899 473 3962 dicit:
487 3896 709 3978 Eleemosynae
723 3901 754 3958 ei
766 3893 831 3972 fide
844 3893 964 3957 delicia
975 3910 1056 3975 pur·
1141 3901 1182 3964 id
1200 3903 1278 3962 nona
1291 3901 1424 3962 Priorem
1438 3897 1609 3979 argumenti
1626 3903 1850 3977 pantomimae
1861 3897 1903 3960 ab
1917 3898 1966 3958 lm

184 3988 324 4062 poetar:
339 3997 408 4044 nen
421 3979 610 4060 ntipueilla
636 3979 781 4067 delicta.
811 3991 898 4057 gnae
924 3976 1058 4054 tument
1101 3999 1176 4045 nore
1192 3982 1405 4046 christidueta
1421 3986 1491 4050 est,
1508 3981 1706 4060 llespondeo:
1734 3979 1841 4042 linitis
1872 3981 1966 4042 modis

187 4072 265 4127 ante
280 4069 543 4139 contrucidatam
556 4062 617 4124 ille
634 4061 749 4125 diruti
760 4059 924 4139 sangnine
937 4065 967 4122 ei
980 4076 1057 4122 san·
1101 4081 1250 4144 peccasse
1266 4065 1433 4129 Gallinam.
1450 4064 1595 4137 Primum,
1609 4078 1670 4123 non
1686 4063 1964 4124 reelesententiam

187 4145 387 4226 etilieatiane
399 4151 598 4225 purgantur.
614 4143 649 4206 ln
665 4144 795 4206 eaodem
812 4142 996 4205 seutentiam
1012 4144 1056 4204 lo·
1101 4148 1322 4210 catholicarum
1338 4148 1492 4226 exposuit,
1509 4162 1579 4208 oum
1601 4148 1645 4206 ait
1669 4161 1727 4206 nos
1748 4144 1871 4208 dicere:
1898 4145 1965 4208 on·

187 4232 295 4306 suitur
309 4229 490 4290 Ambrosius
505 4228 576 4288 libi·
592 4227 624 4288 ²·
654 4227 694 4289 de
716 4224 918 4295 poenitentit-
934 4242 1004 4303 citt·
1018 4225 1053 4288 5·
1102 4232 1172 4292 liam
1184 4229 1238 4292 liei
1255 4230 1286 4292 in
1314 4231 1410 4309 prima
1433 4235 1629 4307 peecatomm
1655 4226 1844 4290 remissione
1870 4229 1967 4291 solam

188 4313 365 4393 lllrrtnque
380 4308 763 4386 teatamaieieeiaajae
773 4308 1057 4388 iniqnitasremil·
1101 4313 1232 4390 operari:
1248 4313 1275 4374 si
1291 4305 1627 4392 postea'eeetierlmns,
1655 4309 1693 4370 ad
1716 4310 1891 4372 secandam
1925 4327 1970 4372 re·

184 4396 268 4458 titur
279 4411 339 4473 ρετ
353 4395 532 4462 tuscanen,
548 4397 580 4454 ei
592 4391 687 4473 cajus
709 4397 880 4470 perimam
893 4391 1010 4470 tepitm
1023 4405 1057 4452 o·
1101 4396 1181 4458 aiam
1194 4395 1417 4475 impetrandam
1432 4409 1525 4473 opera
1542 4399 1645 4456 nestra
1661 4393 1835 4471 eoepemri.
1849 4392 1930 4455 Naro
1945 4395 1971 4456 si

183 4477 436 4556 parmenionis
451 4482 545 4555 elque
559 4475 616 4536 alia
634 4475 664 4537 td
679 4489 780 4552 genus
808 4475 902 4536 multa
932 4473 1048 4554 passim
1101 4485 1208 4558 agatur
1222 4479 1261 4540 do
1292 4479 1476 4542 remissione
1492 4483 1687 4555 peccatorum
1718 4476 1820 4555 quoad
1848 4477 1974 4556 eulpam

185 4564 217 4621 tn
235 4561 378 4625 Patribus
391 4558 603 4638 reperiuntur.
848 4557 856 4574 “
1093 4568 1131 4622 ει
1145 4561 1283 4624 debitum
1299 4560 1406 4624 mariis
1421 4567 1577 4635 aeternam
1592 4573 1694 4638 neque
1704 4557 1736 4619 in
1750 4560 1973 4637 primamque

226 4641 334 4721 eoquo
347 4657 422 4705 τετε
437 4642 478 4702 ite
492 4639 713 4724 distinguimus
726 4639 807 4701 inter
820 4637 1008 4715 Baptismam
1026 4644 1057 4702 el
1100 4643 1131 4705 in
1147 4643 1283 4707 secunda
1298 4643 1495 4717 remissione,
1512 4657 1605 4720 ερεττ
1629 4645 1732 4703 nostra
1763 4648 1976 4719 cooperantur

185 4725 421 4798 Paenitentiam,
437 4722 525 4801 euasi
537 4728 676 4802 peccata,
691 4737 771 4801 quae
783 4727 853 4799 past
865 4721 1055 4800 Baptismum
1100 4727 1213 4806 petiae
1228 4725 1295 4800 liei,
1312 4741 1369 4805 por
1384 4727 1508 4788 modom
1533 4721 1759 4788 Satlsieetienis
1782 4725 1915 4804 proprie
1929 4725 1976 4786 iii·

187 4807 276 4880 liunt,
289 4808 359 4871 sino
382 4806 493 4870 christi
514 4804 678 4883 sanguino.
691 4802 1055 4880 soiisoperilmsnoslri's
1099 4814 1178 4877 etao,
1195 4813 1226 4869 ot
1242 4815 1342 4872 lamen
1355 4813 1557 4888 cooperantur
1582 4812 1647 4867 ium
1673 4806 1703 4867 in
1719 4807 1830 4886 prima,
1857 4812 1926 4868 tum
1944 4809 1975 4868 in

187 4890 434 4969 expientur3nem
447 4888 598 4967 (utsupra
609 4902 671 4949 noo
683 4887 782 4951 semel
793 4886 971 4959 iconiensi
982 4903 1054 4966 pec·
1073 4893 1081 4912 ⁰
1098 4893 1235 4954 secunda
1250 4892 1446 4961 remissione,
1464 4905 1518 4969 por
1533 4888 1659 4952 modum
1683 4889 1916 4968 impetrationis
1946 4897 1979 4951 et

187 4979 253 5036 aula
265 4971 379 5045 emnia,
395 4972 461 5035 sire
475 4977 547 5033 ante
559 4970 761 5046 llaptismom,
775 4969 843 5030 siro
856 4976 927 5046 post
938 4969 1055 5047 Baptis·
1101 4975 1352 5054 dispositionum.
1369 4973 1455 5052 Quod
1472 4971 1555 5035 enim
1571 4972 1602 5033 ia
1625 4972 1721 5049 prime
1752 4973 1946 5034 remissione
1965 5018 1974 5036 .

188 5072 272 5118 mom
282 5054 448 5117 commissa
461 5051 585 5121 luerint,
601 5049 713 5114 christi
724 5053 877 5129 sunguine
891 5060 922 5113 ot
935 5054 1055 5116 τεεεετ·
1101 5073 1180 5136 quae
1194 5056 1338 5119 videlieet
1352 5057 1386 5118 tlt
1401 5056 1431 5118 in
1447 5055 1614 5133 llaptlsmo,
1630 5069 1693 5116 aon
1719 5053 1759 5117 sit
1785 5057 1886 5134 aratia
1918 5054 1976 5118 liei

192 5138 300 5216 ptione
312 5142 492 5219 pargantur,
507 5135 724 5198 attestimoala
741 5134 918 5214 scripturae
928 5151 944 5196 a
956 5135 1052 5198 calai-
1101 5141 1179 5212 sola,
1195 5155 1273 5219 quae
1288 5139 1501 5219 operatorem
1514 5148 1606 5217 opera
1618 5138 1709 5200 etlam
1722 5145 1841 5208 nemra,
1858 5145 1895 5201 ut
1910 5141 1975 5200 dis·

188 5236 230 5282 no
244 5220 377 5284 adducta
394 5218 535 5299 probent:
550 5218 606 5279 aad
622 5217 683 5279 hae
697 5217 779 5278 inter
792 5233 828 5277 ea
843 5216 1008 5280 discrimen
1024 5235 1055 5279 a·
1102 5221 1285 5300 pastttonaa.
1303 5226 1522 5302 cooperantem
1535 5219 1734 5300 perspicuum
1750 5227 1798 5282 est
1811 5237 1850 5283 ex
1866 5221 1978 5284 verbis

187 5304 380 5380 gnoseimus,
401 5300 484 5380 quod
506 5299 537 5361 in
553 5299 706 5380 liaplisum
720 5299 760 5360 ila
775 5299 881 5378 plene,
896 5299 938 5362 iia
954 5299 1054 5378 perle-
1099 5305 1162 5366 illis
1177 5305 1259 5366 beati
1276 5305 1355 5367 Petri
1381 5306 1483 5368 letor.
1498 5305 1530 5365 i.
1552 5303 1791 5368 Paenitentiam
1818 5309 1922 5381 agita.
1947 5311 1978 5366 et

188 5389 250 5460 ate,
262 5384 304 5446 ite
317 5385 444 5462 copioso
456 5381 569 5446 (inrisii
580 5381 708 5462 sangnis
719 5385 913 5460 operatorml
923 5389 1050 5461 paccata
1101 5385 1283 5466 baptizetur
1297 5388 1522 5468 amoenisque
1536 5393 1689 5448 ueairmn.
1706 5385 1743 5446 lit
1757 5399 1794 5448 ex
1811 5385 1877 5448 illis
1901 5403 1979 5464 apo·

188 5466 291 5527 omnio
306 5483 367 5529 ooo
381 5467 483 5528 solum
497 5465 597 5542 quoad
612 5464 750 5544 culpant,
764 5463 821 5527 sed
832 5464 922 5526 eliam
948 5465 1048 5543 quoad
1093 5469 1164 5530 stoli
1175 5469 1262 5532 traua
1279 5466 1621 5545 ictor.2ll.ioaiiiieorts
1634 5468 1770 5531 iocans
1781 5475 1884 5548 cipue
1894 5485 1976 5548 pen·

190 5562 313 5610 omnem
328 5563 461 5627 poenam
476 5546 603 5615 alterius
616 5546 706 5619 ritae,
719 5561 791 5608 eom
801 5554 969 5626 aeternam,
986 5555 1049 5612 lum
1096 5552 1226 5616 tiberin
1237 5549 1731 5632 llenmpoenitentiamettidem
1743 5549 1976 5616 inlluminurn

190 5627 281 5692 otiam
292 5630 491 5709 temporalem
505 5627 620 5698 deleat,
635 5629 676 5690 ita
690 5633 724 5692 ot
738 5629 842 5691 nullos
851 5629 1051 5694 satisfactioni
1096 5639 1244 5698 mestraim
1255 5636 1368 5699 lerum
1383 5635 1551 5699 eamcam.
1568 5633 1729 5712 cooperari
1745 5640 1850 5698 aulem
1874 5633 1975 5700 fldem

190 5710 334 5790 propriae
347 5711 435 5774 loeas
454 5709 669 5789 relinquatur3
691 5712 722 5772 in
735 5719 925 5774 sacramento
949 5719 1052 5776 aotam
1096 5723 1129 5782 at
1140 5717 1372 5796 Paenitentiam,
1390 5717 1580 5800 impetrando
1592 5716 1807 5790 remissionem
1823 5727 1975 5796 peceato·
