4084 6275
836 423 932 478 tenen
951 421 1074 508 neruos
1725 411 1778 470 aee

66 559 196 636 saepius
207 555 492 633 repelirll‚stultum
509 561 601 635 atquc
614 556 743 638 impium
759 562 807 619 est
818 556 937 632 dicere,
983 561 1016 618 nl
1032 556 1134 618 locum
1150 553 1262 616 hebent
1277 551 1328 613 lex
1345 546 1456 615 civilis,
1470 543 1496 608 si
1511 545 1677 639 auctoritas
1692 545 1783 640 etiarn
1799 561 1852 610 ac·

69 659 130 704 non
146 655 218 701 esse
231 646 300 718 jure
316 637 442 700 loetum.
983 638 1116 699 cesserit
1130 630 1492 699 EcclesinerPrcltibilr‘e,
1510 632 1620 706 inquil,
1636 627 1715 706 lepos
1736 627 1849 690 trente·

107 720 227 786 Deinde
237 719 395 798 probatur,
404 721 474 798 quia
487 719 664 799 illegitimas
675 722 777 782 iacere
786 735 938 799 pcrsones
984 734 1051 781 noe
1072 716 1322 795 consentirent
1343 715 1389 776 od
1402 711 1674 807 impedimentum
1683 709 1852 806 ,Meteone-

67 803 106 866 ad
118 804 426 873 Matrimoniom‚oon
438 805 812 865 eslmutercsecramenti
828 817 938 863 essen·
982 801 1045 866 nit.
1061 802 1128 862 nisi
1141 800 1351 862 interueniret
1367 798 1545 857 auctoratos
1567 793 1742 869 Ecclesiae,
1766 808 1853 873 pecc

68 889 189 956 namot
204 884 446 962 supradiximus,
463 884 520 946 sed
534 890 633 946 ratum
649 888 697 947 rol
717 885 837 946 irritum
859 881 938 945 lace·
982 881 1266 946 iderntnterdtotr.
1361 957 1368 972 ὑ
1714 957 1719 970 ¹
1774 884 1779 892 ’

70 984 104 1030 re
117 973 307 1029 contractum
321 967 502 1035 bumanom,
515 967 568 1044 qui
584 967 615 1028 in
632 973 826 1028 sacramento
841 963 938 1026 Matri·
1025 964 1114 1037 Quod
1129 968 1231 1026 autem
1247 959 1388 1024 Ecclesia
1404 971 1467 1020 non
1483 957 1583 1018 solum
1601 961 1735 1034 potuerit
1750 961 1851 1018 retum

68 1052 165 1110 monti
184 1047 438 1126 preereqoiritur.
455 1048 517 1108 tlon
533 1046 616 1108 caim
640 1049 781 1111 cbristus
802 1048 937 1109 dectore·
984 1044 1398 1123 solemne,impedimenlnm
1415 1039 1565 1102 dirimens
1581 1038 1764 1100 Matrimonii
1779 1054 1853 1100 con·

73 1133 127 1204 rit,
144 1131 216 1208 quis
232 1135 410 1192 contractus
425 1130 580 1192 humanus
595 1131 636 1191 sit
657 1129 819 1192 babendus
841 1129 939 1207 tegili·
983 1128 1124 1202 attinere,
1142 1130 1197 1188 sed
1214 1127 1306 1188 etiem
1322 1137 1462 1186 caussam
1488 1121 1630 1183 babuerit
1651 1121 1681 1182 id
1704 1121 1852 1183 constitu·

69 1212 229 1290 mascals
245 1211 500 1288 illegitimossed
513 1226 549 1272 ea
565 1211 775 1274 declaratione
791 1226 939 1287 proesnp·
984 1209 1070 1279 endi,
1086 1209 1177 1271 tacite
1193 1205 1316 1286 probari
1329 1208 1443 1282 potest.
1457 1204 1527 1264 llam
1544 1205 1597 1283 qul
1616 1209 1684 1296 nota
1699 1202 1851 1266 solemnia

70 1294 186 1370 posita,
204 1292 298 1355 noluit
314 1298 504 1354 contractum
521 1293 689 1354 bumnnum
705 1292 878 1372 legitimum
894 1293 941 1352 lu·
985 1289 1195 1352 continentiae
1212 1289 1400 1366 suscipiunt,
1417 1285 1462 1347 illi
1485 1290 1597 1348 statum
1619 1291 1698 1348 ritae
1721 1291 1853 1356 mutant,

69 1384 118 1438 ter
132 1377 230 1437 virum
245 1381 276 1436 et
287 1373 455 1434 leeminam
471 1383 699 1437 sacromentum
715 1391 800 1437 csso.
985 1378 1017 1434 et
1028 1373 1067 1434 ab
1083 1371 1265 1449 imperleclo
1288 1369 1325 1432 ad
1348 1367 1517 1446 perlectum
1541 1367 1725 1440 escendunt,
1749 1368 1856 1430 absor-

112 1457 210 1531 Posse
225 1462 327 1516 autern
343 1455 515 1516 Ecclesiam
530 1454 682 1526 eiusmodi
699 1460 874 1525 contractus
895 1453 940 1517 le·
985 1455 1059 1516 dnm
1075 1462 1178 1516 aulem
1195 1458 1291 1524 esset,
1309 1452 1335 1513 sl
1352 1450 1446 1511 iidem
1461 1454 1568 1528 posteo
1587 1450 1696 1512 iterum
1719 1449 1859 1512 redirent

31 1536 32 1573 ³
69 1538 195 1612 gillmos
211 1537 258 1598 rel
274 1536 453 1613 illegitimos
468 1538 594 1599 decreto
609 1554 668 1600 suo
684 1539 816 1600 reddere
833 1551 941 1612 perso·
985 1537 1155 1598 odstalum
1175 1532 1435 1612 imperfectiorem
1465 1530 1597 1606 Deinde,
1614 1532 1665 1609 nni
1689 1530 1766 1594 baec
1789 1538 1856 1596 toln

71 1636 129 1679 nas
143 1618 265 1680 babiles
277 1619 323 1678 ret
338 1619 493 1681 inbabllcs
504 1618 681 1694 efficiend03
692 1619 850 1698 probetur.
865 1617 940 1679 Mem
985 1617 1116 1691 iaciunt,
1132 1633 1243 1696 magna
1261 1613 1485 1678 deliberatione
1514 1620 1545 1675 ct
1565 1613 1771 1690 praecedente
1788 1629 1857 1692 prc-

69 1700 103 1760 in
115 1699 298 1777 primisbuc
310 1701 467 1777 pertinent
479 1701 581 1762 omnia
599 1703 651 1763 ille
666 1702 843 1777 scripturae
859 1701 938 1768 loca,
986 1699 1113 1762 bellone
1128 1700 1274 1762 diuturna
1289 1696 1418 1759 iaciunt:
1441 1697 1647 1773 incongruum
1670 1701 1774 1757 autem
1796 1702 1855 1771 est,

31 1784 32 1821 r
70 1782 237 1856 exquibus
252 1780 524 1851 disolmoscomm
540 1781 700 1846 Ecclesiae
715 1782 939 1862 gubernandae
988 1776 1773 1861 ulid,quodmaluroconstlioiactumcsl,iternm
1790 1793 1856 1840 mu·

31 1866 32 1905 l
70 1863 236 1939 apostolis,
258 1869 417 1924 eteorum
440 1866 678 1926 successoribus
701 1882 773 1927 esse
795 1864 937 1926 commis·
987 1863 1210 1926 recaredbecc
1222 1867 1291 1926 vota
1304 1859 1457 1922 solemnia
1471 1859 1656 1938 regulariter
1671 1859 1809 1938 publico,
1827 1865 1858 1921 ct

69 1961 150 2016 sam,
173 1943 275 2006 Lucae
299 1945 349 2004 re.
373 1945 437 2022 Qrti
455 1961 511 2008 noe
533 1948 640 2014 audit.
663 1946 770 2009 Mattb.
796 1945 847 2006 te.
873 1943 942 2007 libe·
987 1960 1091 2008 eorem
1108 1945 1242 2010 testibus
1264 1941 1383 2012 mullis,
1407 1941 1502 2003 immo
1525 1941 1640 2020 popule
1661 1939 1857 2018 inspectante

31 2038 32 2071 l
69 2025 159 2087 dcbc
172 2026 276 2087 clunes
287 2027 381 2104 repet
393 2027 709 2091 coelorumioannes
725 2029 824 2090 ultim.
842 2026 942 2088 Posce
986 2025 1078 2092 liunt:
1094 2041 1244 2105 ergeuen
1262 2028 1395 2104 possunt
1410 2024 1480 2086 sinc
1495 2024 1614 2104 ingenti
1628 2024 1776 2086 scandalo
1792 2023 1854 2085 rto·

31 2142 32 2153 ι
69 2123 147 2170 enee
160 2107 342 2169 nocentiam
357 2108 394 2170 ad
411 2124 495 2184 eum,
512 2111 564 2185 qui
576 2115 647 2184 jure
664 2115 798 2189 praeest,
809 2110 944 2187 pertinet
986 2109 1057 2171 lari.
1071 2108 1172 2182 Quare
1187 2109 1293 2174 decuit
1307 2105 1478 2168 Ecclesiam
1494 2105 1669 2184 providere,
1688 2121 1728 2168 oe
1743 2106 1774 2168 ld
1792 2121 1858 2167 mer·

67 2189 160 2268 leges
174 2188 496 2256 condere‘deectlbus
511 2192 668 2270 humanis,
685 2207 803 2271 eosque
818 2206 940 2270 regere,
990 2193 1046 2252 teri
1069 2189 1182 2268 possit:
1206 2189 1343 2252 medium
1363 2192 1464 2250 aulem
1487 2186 1735 2250 eulcaclsslmom
1759 2189 1860 2266 prori-

68 2278 100 2332 et
114 2277 199 2332 ratos
214 2270 263 2332 rel
279 2269 385 2333 irritos
400 2271 517 2335 lacere.
985 2271 1082 2334 dendi
1097 2272 1165 2346 tuit,
1181 2271 1300 2334 irritore
1316 2267 1506 2332 Matrimonia
1524 2276 1594 2346 post
1611 2270 1764 2342 eiusmodi
1788 2276 1855 2332 vola

109 2351 150 2412 In
162 2353 360 2414 'testamento
373 2353 481 2428 reteri,
498 2360 620 2431 praeter
633 2349 685 2422 jus
701 2354 838 2416 ditinum
854 2358 943 2415 natu·
986 2359 1153 2417 contracta.
1169 2353 1323 2431 Denique,
1337 2348 1391 2430 qui
1403 2360 1470 2414 tote
1483 2352 1634 2415 solemnis
1648 2350 1775 2425 iaciunt,
1792 2367 1856 2414 non

68 2434 149 2505 rete,
167 2438 254 2494 erant
269 2433 361 2494 etiem
377 2441 480 2496 certae
495 2437 584 2514 leges
606 2438 757 2514 positivae
776 2435 943 2511 judiciales
989 2435 1092 2498 solnm
1108 2435 1172 2497 Deo
1188 2451 1223 2498 se
1238 2435 1388 2514 obligant,
1406 2436 1461 2499 sed
1479 2435 1571 2504 eiiam
1594 2440 1712 2511 sponte,
1728 2449 1764 2496 se
1785 2433 1859 2496 sub·

67 2515 326 2577 accommodatae
340 2515 385 2576 illi
403 2519 530 2594 popolo,
546 2525 608 2578 tum
632 2519 713 2580 circa
736 2517 939 2590 Matrimonia,
982 2516 1097 2597 jiciuut
1112 2517 1285 2588 Ecclesiae,
1299 2522 1332 2579 ul
1348 2516 1386 2578 ab
1404 2535 1439 2580 ea
1456 2516 1524 2596 copi
1542 2515 1677 2593 possint,
1694 2515 1786 2577 eliam
1803 2531 1860 2594 per

68 2603 137 2659 tum
154 2599 235 2656 cirea
251 2597 331 2657 elios
352 2605 530 2660 contractos
551 2599 716 2660 homenes:
739 2598 816 2659 ltlae
837 2606 941 2660 autern
986 2597 1197 2670 niemiudieii:
1210 2599 1343 2678 proinde
1356 2601 1444 2677 queri
1461 2614 1522 2660 non
1539 2604 1682 2675 possunt,
1699 2597 1726 2659 si
1742 2612 1797 2660 eos
1813 2597 1859 2660 in·

67 2679 161 2756 leges
176 2678 341 2762 abrogatae
356 2685 548 2757 suntmeqoe
565 2681 718 2741 babemus
732 2681 808 2741 alias
823 2695 839 2739 a
855 2678 942 2740 Cbri·
986 2681 1109 2744 habiles
1124 2681 1162 2742 nd
1179 2681 1404 2744 Matrimonium
1418 2679 1557 2743 Ecclesia
1573 2680 1656 2740 lacit.

68 2767 120 2821 sto
137 2761 438 2838 praeseriples3ergc
453 2777 588 2823 necesso
604 2768 653 2823 est
668 2763 698 2822 in
713 2761 851 2823 Ecclesia
868 2776 941 2823 esse
1027 2762 1127 2840 rthue
1143 2763 1272 2825 eaedem
1284 2762 1362 2824 istae
1378 2763 1516 2826 rationes
1531 2762 1713 2833 ostendunt,
1731 2777 1786 2822 cur
1802 2775 1857 2822 no·

69 2845 258 2919 potestatem
273 2841 425 2903 similium
441 2842 546 2922 legum
561 2859 618 2922 pro
648 2844 727 2904 toois
740 2850 772 2904 el
795 2843 943 2922 tempori·
986 2843 1081 2905 luerit
1095 2842 1247 2916 Ecclesia,
1270 2850 1346 2905 ncta
1361 2843 1516 2924 simplicia
1538 2859 1618 2905 esse·
1634 2842 1860 2921 impedimenta

69 2924 135 2985 bus
157 2922 409 2993 sencieudarum,
433 2925 550 3004 alioqui
573 2924 740 2987 christiana
763 2923 942 3003 respublica
990 2925 1178 2987 dirimenlia.
1196 2925 1253 2998 Qui
1276 2927 1359 2986 enim
1383 2934 1450 2988 rote
1473 2923 1626 3003 simplicia
1650 2923 1777 2998 leolunt,
1802 2941 1861 2986 nee

69 3003 361 3081 imperfectissima,
377 3021 414 3067 ec
429 3007 523 3082 ptaoe
538 3007 711 3068 miserrime
727 3014 826 3068 esset.
986 3013 1099 3067 statum
1115 3008 1241 3085 proprie
1260 3010 1388 3080 molant,
1406 3014 1437 3069 et
1453 3022 1549 3084 saepe
1565 3007 1633 3066 sine
1650 3023 1759 3084 magna
1782 3007 1860 3068 deli·

114 3086 279 3149 Praeterea
293 3093 426 3164 possunt
437 3103 530 3168 reges
546 3087 735 3167 politiciqnt
751 3087 944 3167 reipublicae
986 3087 1193 3166 beratlonc‚ct
1206 3087 1362 3167 privatim,
1381 3107 1416 3151 ac
1433 3088 1502 3151 sine
1519 3086 1650 3150 testibus
1667 3087 1716 3149 illa
1732 3088 1859 3161 lociunl,

72 3168 944 3248 praesunt,circahumanoscontractusbumannsleges
988 3186 1093 3249 noque
1109 3184 1143 3233 se
1159 3170 1320 3233 Ecclesiae
1342 3171 1515 3251 subjiciunt
1536 3168 1635 3245 magis
1657 3186 1748 3247 quem
1772 3177 1862 3233 antee

70 3251 168 3322 terre,
185 3264 304 3329 eosque
318 3259 403 3311 certo
417 3253 511 3314 modo
526 3251 635 3325 tectos,
658 3260 752 3324 relos,
777 3266 871 3312 secus
892 3268 945 3313 nu·
974 3252 1123 3329 sabjecti
1139 3258 1259 3315 essent:
1276 3253 1360 3315 unde
1377 3254 1445 3333 cogi
1463 3268 1524 3313 non
1547 3252 1669 3329 possint
1692 3252 1730 3313 ed
1753 3258 1856 3313 volum

70 3332 264 3407 tcm,irrilos
279 3346 350 3393 esse
364 3334 549 3401 decernere,
566 3335 607 3395 ob
621 3348 819 3395 communem
836 3349 943 3408 pacem
987 3334 1173 3397 servandum
1186 3349 1242 3412 per
1252 3334 1331 3395 viam
1342 3334 1526 3413 judicii,sed
1539 3348 1595 3410 per
1606 3332 1684 3393 riam
1697 3334 1864 3397 correctio·

70 3420 102 3473 (ιι
117 3412 319 3474 concordiam
334 3415 534 3492 populorum3
552 3431 626 3492 ergo
641 3420 787 3492 poterunt
803 3415 894 3476 etiem
911 3414 941 3476 id
988 3418 1038 3478 nis
1053 3415 1217 3488 iratenens,
1235 3414 1296 3477 uisi
1311 3416 1380 3477 talie
1403 3418 1466 3479 sint
1487 3423 1555 3477 tola
1578 3414 1746 3493 simplicia,
1769 3432 1861 3495 quae,

69 3494 235 3573 principes
255 3495 461 3558 ecclesiastici
483 3497 525 3559 ob
545 3499 679 3560 salutem
700 3504 858 3559 aeternam
879 3497 943 3557 ani·
989 3504 1021 3559 (ιι
1038 3498 1130 3573 poulo
1146 3502 1217 3559 ante
1233 3496 1379 3574 diximus,
1397 3497 1556 3559 bominem
1577 3510 1650 3558 vere
1673 3512 1709 3558 ac
1731 3499 1858 3575 proprie

71 3592 209 3637 marum.
987 3578 1170 3657 religiosum
1187 3579 1390 3651 constituent,
1407 3579 1509 3656 qualia
1525 3583 1600 3641 sunt
1623 3583 1686 3639 rota
1709 3577 1861 3656 simplicia

110 3657 220 3720 Dices:
236 3656 269 3719 Si
282 3656 322 3719 ita
337 3664 398 3737 est,
414 3656 477 3721 nen
493 3661 594 3722 solum
609 3659 762 3735 Ecclesia,
778 3659 835 3722 sod
852 3658 944 3721 etiem
989 3661 1149 3724 societatis
1165 3667 1300 3735 nostrae,
1318 3676 1397 3738 quac
1420 3676 1458 3723 ex
1479 3658 1700 3723 constitutione
1722 3658 1862 3737 Gregorii

68 3738 236 3817 principes
252 3739 372 3816 politici
390 3746 536 3819 poterunt
550 3742 773 3821 impedimento
789 3740 942 3803 Metrimo·
994 3742 1080 3804 xlll.
1097 3742 1211 3803 summi
1228 3740 1396 3819 pontilicis,
1414 3757 1494 3821 quae
1517 3738 1638 3821 incipit,
1662 3742 1861 3805 decendente

67 3821 114 3881 nii
131 3822 337 3883 constituere:
353 3838 425 3884 uam
442 3838 479 3885 ex
494 3830 654 3886 contractu
670 3823 857 3886 Matrimonii
877 3838 941 3883 nou
988 3822 1138 3894 Domino,
1153 3823 1350 3886 declarentur
1364 3822 1579 3888 substantialia
1594 3822 1755 3903 religionis
1771 3829 1802 3887 et
1817 3824 1863 3887 di·

67 3906 192 3963 lantum
203 3904 289 3965 setus
304 3904 487 3981 animarum,
500 3905 556 3967 sed
573 3907 664 3968 etiem
681 3922 738 3984 pax
767 3912 800 3967 el
813 3918 942 3967 concor·
986 3906 1130 3971 rimenlic
1145 3904 1386 3971 Matrimonium.

69 3983 122 4044 die
142 3985 322 4061 temporalis
337 3987 465 4065 pendet.

112 4066 348 4145 Respondeezst
363 4068 588 4131 Matrimonium
606 4076 691 4133 esset
705 4070 807 4132 solum
823 4074 944 4132 contre·

68 4150 145 4207 clus
159 4147 271 4217 civilis,
287 4151 501 4226 posseotslnc
523 4150 619 4214 dublo
640 4152 759 4231 politici
783 4152 942 4231 principes

68 4227 295 4319 impedimenta
311 4231 513 4307 constituere,
530 4248 681 4312 personas
702 4233 868 4311 legitimas,
893 4235 942 4297 rel
1299 4200 1418 4285 CAPUT-
1433 4202 1531 4265 ml·

68 4308 253 4389 illegitimus
267 4310 445 4381 efficiendo.
465 4314 547 4376 sicot
567 4316 659 4377 etiero
682 4316 823 4378 lecerunt
844 4330 942 4392 saepe

70 4391 477 4470 imperatorespracsertim
493 4396 621 4461 ethnici.
632 4402 666 4457 ut
681 4404 763 4475 patet
776 4395 809 4458 lt.
826 4396 866 4457 de
882 4398 940 4459 ritu

70 4473 264 4551 nuptiarum,
281 4474 362 4537 etc.
385 4476 422 4537 ed
446 4479 547 4557 legem
570 4477 681 4540 Jollem
705 4480 744 4539 dc
766 4479 941 4555 adutlcrils3

67 4555 127 4616 ubi
152 4562 225 4615 sunl
246 4557 361 4618 multae
383 4559 470 4636 leges
491 4560 531 4621 dc
554 4566 712 4621 contrecta
742 4559 940 4623 Matrimonii.

66 4636 187 4697 'lamen
204 4638 276 4715 quie
293 4654 377 4699 nunc
397 4642 478 4718 apud
502 4640 695 4704 Christianos
716 4641 942 4704 Matrimonium
1028 4648 1202 4725 Supersunt
1218 4649 1438 4727 impedimenta
1453 4649 1517 4725 illa,
1531 4664 1610 4727 quoe
1627 4663 1791 4727 personam
1809 4646 1854 4709 in·

31 4769 32 4790 ,
67 4725 121 4777 est
136 4726 378 4791 sacramentum,
395 4729 426 4782 ct
447 4738 483 4783 cx
498 4728 658 4785 contractu
673 4722 727 4784 illo
742 4723 825 4785 cirili
840 4740 942 4785 sacre·
986 4729 1124 4791 habitem
1137 4731 1270 4794 reddunt
1281 4734 1318 4795 ed
1330 4732 1557 4794 Matrimonium
1570 4747 1639 4792 cum
1653 4736 1735 4793 certa
1749 4746 1857 4809 persn-

31 4833 32 4868 r
65 4806 213 4861 mentum
229 4800 390 4865 Ecclesiae
413 4804 542 4881 pendet,
573 4810 604 4866 el
618 4811 882 4867 sacramentorum
898 4806 944 4867 di·
988 4828 1040 4885 na,
1064 4828 1125 4873 rlon
1148 4820 1251 4874 antem
1274 4816 1418 4877 universe
1442 4828 1512 4875 cum
1535 4812 1693 4874 omnibus.
1718 4811 1760 4872 Ea
1785 4826 1857 4871 rcrn

31 4947 32 4950 Ἴ
63 4883 231 4957 sponsalib
246 4884 283 4943 ed
299 4883 470 4946 Ecclesiam
487 4886 706 4963 pertinet3ideo
727 4893 866 4965 potestas
887 4887 942 4948 im·
988 4899 1213 4972 sunt,otsupre
1227 4896 1412 4966 octorimos,
1432 4894 1572 4969 Crimen,
1592 4893 1701 4965 Ceteras
1718 4892 1862 4971 disport-

65 4962 256 5059 pedimenln
268 4965 452 5060 Matrimonii
469 4968 692 5043 constituendi,
716 4970 847 5029 merline
872 4986 942 5045 pro·
988 4980 1082 5035 locet
1095 4975 1368 5052 Cepnatiozdcbis
1380 4977 1474 5057 igitur
1497 4976 1631 5040 breviter
1643 4975 1861 5039 disserendum

30 5081 33 5122 ,
64 5058 141 5119 prro
157 5045 194 5105 ad
210 5061 385 5131 principem
398 5049 650 5112 eccleslasltcum
666 5051 811 5129 pertinet.
828 5050 871 5113 ld
887 5068 942 5129 po·
987 5063 1048 5127 cst,
1064 5074 1100 5119 oc
1112 5058 1244 5119 Primum
1258 5059 1297 5120 de
1312 5058 1454 5121 crimine.

31 5166 35 5205 ι
65 5126 190 5186 lilinum
204 5134 307 5190 aulem
322 5145 384 5191 non
397 5131 545 5207 pertinet,
563 5132 624 5193 nisi
640 5148 710 5194 cum
727 5148 884 5195 consensu
908 5141 940 5196 et
1019 5137 1133 5199 labent
1144 5155 1282 5202 canones
1295 5140 1550 5218 impedimentum
1560 5156 1632 5203 esse
1641 5138 1791 5202 dirimens
1800 5137 1860 5198 Ma·

31 5252 35 5286 ,
66 5206 332 5300 subordinatione
347 5212 386 5272 ad
401 5214 582 5291 prinoipem
598 5213 860 5277 ecclesiasticum:
878 5231 939 5279 nen
985 5220 1177 5295 trimonium,
1194 5221 1219 5282 si
1236 5222 1307 5298 quis
1322 5239 1393 5283 eum
1415 5239 1452 5285 ce
1475 5222 1656 5301 coniugium
1680 5220 1854 5296 contrabat,

31 5332 36 5371 ι
66 5303 156 5349 enlm
169 5292 278 5353 cedem
292 5298 430 5371 potestas
443 5295 481 5356 ed
499 5295 562 5357 duo
575 5296 697 5357 diverse
713 5295 877 5358 tribunalia
891 5314 941 5360 ae·
986 5318 1080 5376 enam
1095 5302 1205 5379 polluit
1218 5319 1276 5381 per
1290 5304 1532 5367 adulteriumrde
1547 5321 1607 5380 que
1623 5320 1658 5367 ro
1674 5309 1722 5365 est
1735 5302 1858 5380 integer

30 5416 36 5457 ,
69 5383 135 5448 que
149 5376 180 5433 et
194 5373 371 5437 immediate
385 5382 417 5437 et
430 5379 557 5455 proprie
572 5378 728 5455 pertinere
742 5383 857 5455 potest.
988 5384 1095 5446 titulus
1111 5384 1142 5445 in
1157 5384 1300 5462 epistolis
1315 5386 1537 5457 decretalibus,
1553 5388 1609 5450 sed
1634 5392 1736 5449 lemen
1752 5383 1861 5447 obser·

30 5494 36 5540 ,
114 5451 218 5548 Quare
230 5472 258 5518 s.
270 5456 418 5529 Ebomas,
431 5458 572 5534 quamvis
584 5461 615 5518 in
628 5459 647 5519 l
659 5459 733 5522 dist.
749 5458 801 5521 dl.
817 5466 940 5540 quaest.
990 5470 1060 5526 rant
1077 5465 1298 5541 doctores‚nou
1314 5484 1440 5546 semper
1453 5468 1680 5537 Matrimonium
1698 5482 1769 5530 esse
1788 5465 1854 5527 irri-

31 5573 37 5619 ,
69 5550 166 5630 unaco
178 5542 235 5598 art.
252 5538 282 5599 t.
295 5538 333 5599 ad
347 5538 379 5600 l.
393 5542 584 5602 concesserit
596 5540 834 5615 Matrimonium,
848 5548 881 5602 ut
895 5549 943 5605 est
988 5552 1138 5620 tum,cum
1151 5549 1221 5625 orris
1237 5548 1322 5610 ducit
1337 5566 1512 5627 eamquem
1530 5551 1683 5628 pollueret
1698 5565 1754 5630 per
1769 5548 1855 5611 adol·

31 5631 38 5699 ι,
69 5616 175 5679 crvrlts
190 5625 378 5691 contractos,
397 5621 536 5697 pendere
551 5637 646 5700 posse
661 5638 678 5681 e
691 5623 760 5701 lege
780 5623 875 5695 civili,
900 5630 942 5686 te·
990 5629 1112 5703 lorium,
1130 5630 1185 5691 sed
1198 5630 1299 5694 solum
1316 5631 1347 5693 in
1363 5630 1463 5695 tribus
1479 5632 1619 5698 casibus.

31 5733 37 5786 ,
66 5711 146 5762 men
157 5699 230 5765 dist.
243 5699 295 5764 lb.
309 5708 432 5780 quaest.
445 5702 477 5765 2.
490 5708 547 5766 ιιι.
559 5704 590 5767 2.
603 5703 642 5767 ed
654 5702 686 5766 l.
699 5704 731 5769 id
742 5707 783 5769 lta
796 5705 941 5786 explicet,
1030 5710 1150 5773 Primus
1164 5728 1257 5775 cesus
1273 5712 1411 5777 cendum
1427 5712 1550 5779 adulter
1565 5718 1712 5794 procurat
1726 5718 1857 5779 mortem

1198 4430 1241 4493 lle
1256 4431 1489 4511 impedimento
1505 4429 1665 4493 criminis.
