4084 6275
255 322 293 381 pp
341 332 345 339 ⁴
820 312 865 371 ott
883 311 1112 374 sacntltdlltls
1131 311 1165 371 tlt
1175 314 1311 373 dedisti:

186 454 235 518 Sic
249 456 338 518 etiam
354 452 534 519 miraculum
549 450 650 513 notius
666 450 713 512 est
740 446 1044 527 etelllcaclus,quam
1092 451 1141 508 tur
1155 462 1226 510 essa
1239 448 1296 511 llel
1310 446 1423 527 sigilla,
1440 446 1498 509 nlsl
1513 444 1583 526 qula
1599 445 1753 528 Scriptura
1775 452 1837 516 lroe
1861 449 1968 523 dicit,

185 538 383 615 praedicatio.
402 537 518 607 Omnes
532 533 613 597 enim
637 529 808 612 quivident
829 546 955 593 caecum
976 531 1047 592 illu·
1090 528 1117 591 si
1133 532 1268 592 ereditur
1287 533 1380 593 verbo
1402 531 1471 592 sine
1492 534 1705 602 sacramentis,
1729 551 1886 613 quorsum
1915 550 1973 593 sa·

185 622 305 695 minari,
323 626 374 684 aut
389 627 541 683 mortuum
557 614 679 678 excitati
694 612 870 692 intelligunt
884 613 959 675 illud
974 626 1047 675 esse
1090 614 1267 683 uramenta?
1288 613 1315 674 si
1330 629 1391 676 non
1407 613 1550 686 ereditur,
1574 621 1658 675 certe
1679 632 1737 679 nea
1757 616 1972 680 sacramenta

184 718 263 779 opus
277 703 510 785 supernaturale
537 705 567 763 et
595 698 743 765 divinum,
770 701 801 757 et
823 694 955 777 proinde
981 710 1047 756 mu·
1089 695 1258 757 creduntur
1282 712 1353 759 esse
1378 703 1591 758 sacramenta:
1618 699 1748 775 proinde
1772 701 1850 763 nitril
1886 712 1974 778 ope·

183 792 292 847 ventur
308 788 345 849 ad
361 786 549 849 credendum
565 781 607 851 id,
624 780 705 859 quod
722 776 772 839 tali
786 778 960 840 [estimonio
972 794 1045 840 con·
1089 783 1204 839 rantur.

182 867 330 931 firmatur:
348 884 410 931 non
425 875 525 930 autem
548 880 668 937 omnes,
694 861 752 939 qni·
771 860 898 923 audiunt
921 860 1046 940 praedi·
1130 861 1173 921 td
1188 860 1247 922 lroo
1261 866 1473 940 argumentum
1489 860 1656 938 respondet
1670 860 1814 927 Calvinus
1836 864 1903 926 lib.
1931 860 1969 922 l.

182 957 326 1027 cantem,
355 953 501 1014 continuo
539 945 732 1026 intelligunt,
772 944 823 1007 illa
848 958 920 1007 esse
946 943 1039 1006 rerba
1088 941 1222 1004 lnstltut.
1239 960 1308 1020 cap.
1327 942 1442 1022 ¹4l5·
1459 943 1491 1003 in
1503 943 1723 1022 diplomatibus
1735 964 1862 1027 quoque
1881 944 1976 1006 nihil

183 1031 251 1093 [tei.
1089 1025 1194 1087 valere
1206 1025 1343 1105 sigillum
1357 1027 1426 1088 sine
1440 1024 1549 1099 literis,
1564 1031 1598 1087 ul
1612 1031 1696 1105 patet
1717 1031 1743 1092 si
1759 1030 1975 1110 appendatur

223 1114 280 1176 Ubi
296 1114 462 1177 notandum
478 1118 537 1185 est,
554 1108 721 1182 miraculis,
738 1123 817 1187 quae
831 1106 908 1170 ilunt
919 1107 956 1170 ad
969 1122 1044 1170 eon·
1090 1105 1223 1178 chartae,
1241 1110 1273 1167 in
1288 1124 1346 1187 qua
1363 1107 1440 1170 nihil
1455 1108 1496 1169 sit
1508 1107 1674 1187 seriptum:
1698 1118 1729 1173 et
1753 1117 1855 1175 tamen
1888 1126 1974 1172 eum

184 1196 362 1260 firmandam
378 1197 482 1270 iidem,
500 1210 561 1257 non
579 1190 751 1255 conlirmari
766 1189 899 1253 divinam
914 1189 1046 1253 auctori·
1091 1190 1276 1269 appenditur
1299 1190 1456 1269 diplomati
1483 1190 1610 1269 seripto,
1636 1194 1765 1257 multum
1791 1196 1904 1257 valere
1929 1193 1976 1254 ad

181 1286 287 1353 tatem,
304 1279 390 1360 quasi
406 1277 503 1359 magis
517 1274 708 1340 eredendum
723 1271 762 1335 sit
777 1273 936 1348 miraculo,
953 1287 1045 1350 quam
1089 1271 1166 1334 illud
1176 1272 1435 1335 confirmandum.
1448 1272 1483 1333 tlt
1497 1270 1669 1335 additnilril
1682 1290 1753 1340 esse
1765 1276 1971 1346 mirandum,

183 1362 247 1424 lieo
262 1362 394 1439 dieenti;
410 1376 520 1424 omnes
534 1358 618 1422 anim
633 1357 746 1428 sciunt,
763 1355 860 1419 Deum
873 1371 935 1418 non
948 1370 1043 1433 posse
1089 1354 1116 1416 si
1141 1354 1364 1433 promissiones
1389 1353 1589 1417 sacramentis
1614 1355 1860 1433 confirmentur,
1887 1373 1973 1419 eum

182 1444 316 1515 mentiri,
333 1451 364 1507 et
379 1445 455 1506 nihil
471 1457 541 1505 esse
553 1440 652 1520 maius
664 1438 764 1502 dirina
777 1438 973 1514 auctoritate,
988 1438 1045 1500 sed
1090 1436 1182 1499 etiarn
1202 1436 1357 1499 interdum
1378 1454 1439 1499 una
1460 1436 1627 1517 promissio
1655 1454 1713 1518 per
1732 1442 1821 1505 allam
1844 1440 1974 1504 contir-

185 1526 359 1589 eonllrmari
373 1526 584 1589 auctoritatem
605 1520 806 1602 proponentis
826 1520 933 1583 iidem.
948 1520 1046 1598 lingis
1089 1524 1201 1583 aretur.

184 1608 268 1672 enim
281 1624 438 1672 moremur
452 1608 488 1669 ad
506 1605 693 1669 eredendum
708 1618 780 1665 vere
791 1618 862 1666 esse
877 1620 893 1665 a
908 1602 974 1665 Ileo
996 1618 1045 1665 re·
1130 1602 1191 1665 Sed
1204 1601 1281 1663 lraac
1294 1600 1459 1681 responsio
1473 1616 1535 1664 nou
1547 1601 1637 1664 diluit
1647 1606 1971 1683 argumentumNam

182 1691 290 1765 relata,
308 1707 387 1769 quae
402 1690 594 1769 praedicator
608 1686 761 1768 proponit,
785 1686 812 1747 si
835 1686 979 1747 miracula
1000 1684 1044 1746 ri·
1088 1688 1124 1745 ut
1137 1684 1281 1763 incipiam
1302 1683 1506 1763 aposteriore
1528 1684 1670 1765 exemplo
1697 1688 1862 1765 promissio
1887 1706 1972 1769 pro·

182 1774 322 1849 deamus,
339 1790 430 1853 quam
455 1774 481 1834 si
497 1772 561 1835 solu
576 1771 778 1850 proponentis
800 1767 977 1830 auctoritate
998 1768 1044 1828 ni·
1087 1765 1270 1829 missionem
1284 1766 1456 1837 confirmat,
1469 1765 1540 1843 quia
1552 1784 1613 1829 una
1626 1783 1688 1830 nun
1700 1772 1815 1846 pendet
1826 1771 1866 1833 ab
1879 1773 1968 1832 alia.

182 1862 294 1918 tamur.
310 1855 397 1917 llnde
412 1854 504 1917 liare.
522 1856 578 1916 ult.
594 1852 745 1931 legimus:
767 1850 822 1913 llll
842 1855 952 1913 ualent
969 1866 1044 1929 pro·
1090 1847 1285 1911 donnrmactt
1299 1850 1441 1928 nugatus,
1458 1848 1558 1912 Lucae
1574 1850 1604 1912 l.
1619 1850 1861 1915 Promissionem
1877 1870 1966 1916 eon·

181 1938 555 2016 fecti,pruediaooamant
564 1933 1045 2014 colonellominoaooperunte,
1089 1940 1199 2011 ceptus
1220 1930 1367 2011 Virginei,
1394 1948 1432 1994 en
1458 1932 1665 2011 promissione
1690 1943 1875 2015 conceptus,
1903 1935 1969 2015 qui

182 2026 212 2082 al
224 2036 409 2085 sermonem
423 2020 637 2098 confirmante
648 2016 975 2095 sequenttocsstpnts.
988 2014 1046 2077 llbi
1085 2012 1375 2094 jampraecesserat
1394 2014 1425 2075 in
1448 2015 1579 2077 loemlua
1601 2033 1662 2077 anu
1684 2022 1716 2078 et
1749 2019 1862 2082 sterili.
1887 2020 1966 2081 lton

186 2102 289 2171 vides,
307 2104 405 2165 ileum
425 2102 608 2165 conllrmare
629 2098 727 2178 signis
749 2114 810 2159 non
835 2114 923 2161 suam
947 2097 1048 2177 ipsius
1088 2096 1171 2159 enirn
1186 2095 1466 2174 pendentinnicem
1488 2097 1550 2159 duo
1576 2099 1632 2159 ista
1658 2114 1751 2177 opera
1777 2101 1962 2164 mirabilia:

182 2184 477 2255 auctoritatem,sed
494 2184 736 2262 praedicatorum
753 2196 941 2243 sermonem.
1088 2179 1339 2259 proindeunum,
1367 2180 1448 2258 qnod
1472 2180 1535 2260 jam
1562 2189 1784 2257 praecesserat,
1812 2201 1967 2264 magnam

224 2266 370 2329 Probatur
389 2267 453 2346 jam
468 2266 637 2345 assumptio
653 2263 835 2343 argumenti,
858 2261 942 2342 quod
962 2261 1046 2325 vide·
1087 2260 1150 2323 nim
1166 2263 1273 2325 habuit
1286 2264 1323 2323 ad
1339 2260 1582 2324 eonllrmandnm
1603 2266 1744 2336 alterum,
1767 2266 1850 2346 quod
1875 2283 1963 2328 nou·

182 2348 257 2411 lieet
270 2348 381 2411 falsum
396 2350 436 2412 sit
451 2354 639 2411 sacramenta
662 2361 734 2409 esso
761 2346 880 2407 notiora
901 2350 932 2409 et
946 2343 1048 2409 ellim·
1089 2346 1162 2406 dum
1177 2351 1312 2407 venerat.
1328 2344 1366 2405 Al
1379 2352 1580 2415 sacramenta,
1596 2350 1629 2406 ut
1643 2346 1788 2423 diximus,
1803 2349 1966 2427 simplici·

183 2429 265 2493 cinna
281 2431 350 2510 ipso
365 2432 419 2493 llei
433 2431 539 2493 uerbo.
555 2430 631 2492 llam
643 2429 741 2509 primo
764 2428 840 2489 nihil
854 2428 930 2509 ilngi
943 2434 1048 2507 potest
1090 2432 1136 2489 ter
1149 2428 1288 2507 pendent
1301 2443 1339 2489 en
1356 2428 1462 2488 verbo.
1479 2426 1565 2499 erod
1582 2444 1653 2489 vero
1668 2429 1777 2491 attinet
1791 2432 1829 2494 ad
1844 2432 1967 2494 simili·

184 2513 285 2593 majus
315 2521 345 2575 et
359 2512 516 2577 eliicauius
531 2513 586 2575 liei
600 2511 705 2575 verba.
722 2509 864 2573 Secundo
886 2511 1047 2590 experien·
1089 2507 1228 2572 tudinem
1260 2509 1351 2589 sigilli
1377 2515 1409 2570 et
1429 2508 1614 2588 diplomatis.
1643 2511 1718 2572 nitril
1743 2513 1872 2576 omnino
1893 2519 1963 2585 est,

182 2596 224 2657 tia
239 2596 339 2671 docet,
355 2595 477 2659 lucilius
492 2595 635 2675 intelligi,
658 2594 685 2656 si
701 2593 775 2673 quid
797 2594 891 2656 nerito
912 2594 1045 2668 dicutur,
1089 2591 1171 2670 quod
1187 2592 1329 2654 Calvinus
1344 2592 1429 2653 dicit.
1445 2590 1516 2652 llam
1529 2592 1665 2670 sigillum
1676 2611 1848 2673 appensum
1864 2598 1963 2659 eliar-

183 2678 312 2757 quamsi
328 2684 403 2741 nutu
418 2677 621 2757 significetur.
637 2676 715 2753 Quid
731 2679 832 2737 aulem
855 2680 929 2737 sunt
943 2692 1045 2738 saera·
1088 2679 1139 2736 tae
1153 2690 1215 2736 uon
1231 2676 1375 2753 scriptae,
1404 2674 1482 2734 nihil
1498 2674 1623 2752 quidem
1648 2677 1818 2748 confirmat,
1848 2686 1962 2742 tamen

184 2766 298 2829 menta,
315 2762 342 2822 si
358 2778 427 2824 oum
442 2759 546 2823 verbis
561 2764 788 2839 comparentur,
801 2756 860 2820 nisi
876 2764 968 2820 nutus
980 2758 1047 2836 qui·
1090 2772 1153 2819 non
1177 2758 1249 2819 ideo
1270 2758 1386 2835 pendet
1409 2773 1425 2815 a
1453 2757 1561 2831 litoris,
1588 2764 1640 2820 aut
1664 2758 1742 2822 nilril
1767 2768 1827 2823 est.
1854 2762 1962 2826 immo

184 2842 278 2904 dam?
292 2842 358 2904 Pari
374 2844 492 2906 ratione
514 2842 703 2921 experientia
729 2840 830 2915 docel,
857 2840 956 2920 magis
977 2856 1052 2920 pen·
1089 2840 1163 2901 hine
1178 2839 1391 2919 intelligimus,
1417 2854 1510 2918 quam
1531 2840 1637 2919 inepte
1657 2842 1826 2922 aduersarii
1850 2860 1962 2907 saera·

185 2926 317 2988 suadere
331 2926 436 2999 verba,
453 2930 640 3003 quam'mula
663 2921 762 3004 signa,
788 2922 878 2987 modo
900 2938 962 2985 non
984 2924 1051 2984 sint·
1088 2926 1192 2983 meula
1208 2922 1311 3001 sigilla
1326 2921 1499 3001 appellent,
1524 2938 1594 2984 curn
1619 2923 1746 2987 omnino
1769 2918 1962 2989 contraiianr

186 3008 344 3069 miracula.
361 3007 448 3071 Unde
463 3004 613 3079 lutherus
635 3006 703 3085 ipse
723 3004 842 3080 latetur,
865 3005 960 3067 multo
981 3004 1048 3067 eill-
1090 3004 1224 3066 habeant
1239 3006 1466 3083 proprietatem.
1483 3004 1555 3065 llam
1570 3004 1768 3083 diplomatum
1785 3007 1887 3086 sigilla
1901 3012 1959 3071 tra·

187 3091 308 3154 cariora
325 3106 396 3156 esse
411 3088 626 3172 promissionis
641 3088 744 3161 rerba,
769 3102 860 3168 quam
874 3102 1048 3152 sacramen·
1089 3086 1166 3150 haut
1179 3103 1264 3150 suarn
1281 3087 1490 3150 auctoritatem
1504 3086 1573 3150 sine
1588 3087 1687 3150 literis
1701 3089 1892 3168 diplomatis,
1917 3091 1958 3155 li-

184 3180 227 3242 ta,
243 3189 322 3250 quae
337 3181 409 3236 sunt
435 3182 538 3238 mutae
563 3170 750 3235 conciones:
779 3170 914 3234 'Verbum
936 3172 1049 3250 ipsulm
1091 3176 1286 3234 teraeantem
1302 3185 1364 3231 non
1380 3169 1495 3232 hahent
1510 3176 1579 3232 sine
1590 3171 1705 3250 sigillo:
1718 3180 1824 3236 contra
1837 3176 1961 3238 veroin

185 3254 198 3332 i
215 3255 314 3333 inquil
329 3257 359 3316 in
376 3256 432 3318 lib.
449 3263 553 3319 eontra
567 3255 715 3318 loannem
731 3251 916 3316 cochlaeum
931 3253 944 3334 )
959 3255 1049 3336 qaod
1089 3252 1184 3314 uerbo
1212 3258 1244 3315 el
1257 3252 1467 3324 sacramentis,
1484 3253 1610 3315 neroum
1627 3254 1692 3329 liei,
1704 3255 1796 3318 eliam
1818 3259 1890 3319 siue
1906 3274 1959 3320 sa·

186 3337 280 3417 lonpe
293 3338 460 3417 praenotat
471 3339 563 3417 clpam
578 3336 709 3409 nimbila',
723 3335 855 3399 nnllam
867 3342 976 3400 tomen
988 3351 1049 3416 per
1090 3336 1266 3406 oramentis,
1283 3334 1476 3397 inlattiirilem
1490 3335 1582 3397 nabet
1595 3339 1826 3415 auctoritatem;
1849 3355 1959 3404 saera·

183 3435 251 3483 sese
259 3420 432 3502 iustitiam,
448 3422 514 3484 nisi
525 3422 719 3484 caedentem.
762 3443 769 3462 ·
924 3455 925 3458 =
1093 3423 1194 3479 menta
1209 3417 1385 3480 sinererbo
1405 3417 1522 3481 nullam
1548 3417 1674 3481 nabent.
1700 3421 1800 3495 Quare
1823 3423 1960 3485 uerbum

228 3503 406 3582 Respondet
421 3502 562 3567 Calvinus
576 3503 631 3565 tto.
647 3501 679 3563 l.
694 3500 796 3563 instit.
818 3516 887 3580 cap.
902 3499 985 3572 ll.§
1014 3499 1047 3565 3.
1093 3501 1198 3580 potius
1221 3501 1441 3580 appellandum
1471 3506 1557 3562 esset
1580 3500 1718 3582 sigillum
1741 3507 1959 3579 sacramenti,

189 3586 383 3647 Sacramenta
399 3601 460 3648 non
476 3584 659 3648 eoulirmare
674 3582 896 3663 promissiones
910 3589 1050 3663 exparte
1090 3599 1184 3661 quam
1197 3589 1434 3648 sacramentum,
1449 3583 1586 3662 sigillum
1598 3585 1694 3647 verbi.

185 3666 253 3733 liei,
269 3668 324 3730 sed
340 3683 379 3730 ex
393 3675 479 3747 parte
494 3673 608 3731 nostra:
625 3668 694 3748 quia
711 3667 784 3729 lieet
802 3671 838 3728 ut
851 3683 867 3727 a
882 3667 947 3728 ileo
962 3672 1047 3740 sunt,
1133 3665 1243 3728 ltieeut
1258 3666 1407 3742 rorasse,
1430 3664 1514 3741 Esto,
1543 3673 1731 3730 sacramenta
1757 3685 1819 3729 non
1845 3668 1963 3732 conllr·

187 3748 377 3812 certissimae
393 3749 465 3823 sint,
481 3756 584 3812 tamen
599 3758 632 3814 ut
646 3767 663 3812 a
678 3749 768 3812 nobis
782 3749 984 3828 recipiuntur,
1007 3749 1048 3812 ob
1095 3754 1191 3817 ment,
1207 3748 1431 3827 promissiones
1446 3763 1530 3810 more
1546 3749 1685 3812 miraculi
1713 3753 1762 3813 rel
1777 3752 1891 3830 sigilli:
1916 3759 1966 3814 ta·

186 3832 732 3908 nostraelldeiimbecillitatemnon
746 3831 1050 3910 itaeertoaouipiun·
1095 3846 1165 3892 men
1178 3830 1288 3909 juvant
1314 3828 1542 3892 eteunlirmant
1565 3832 1674 3895 saltem
1699 3847 1738 3895 eo
1762 3835 1867 3911 modo,
1891 3851 1960 3914 quo

189 3921 250 3985 tur,
267 3915 325 3976 nisi
341 3913 560 3978 condimentur
575 3915 750 3978 testimonio
771 3919 1046 3977 sacramentorum.
1094 3911 1173 3974 actio
1187 3919 1310 3974 externa
1319 3912 1404 3991 jurat
1430 3918 1462 3974 et
1475 3910 1636 3975 couilrmat
1655 3915 1824 3979 orationem
1838 3918 1960 3979 docen-

231 3995 292 4058 Sed
309 3996 368 4058 lroo
381 3996 471 4060 laoile
483 3997 631 4077 rejicitur.
645 3997 718 4059 llam
730 3997 812 4076 quod
825 3995 1048 4073 promissiones
1093 3994 1144 4056 tis.
1157 3995 1265 4072 liegari
1281 3995 1363 4056 enim
1379 4010 1441 4057 non
1456 3999 1569 4074 polest,
1591 3997 1667 4074 quin
1682 3998 1798 4077 aliquid
1819 3999 1961 4063 conterat

189 4077 244 4140 liei
259 4093 297 4141 ex
311 4084 397 4156 parte
411 4086 514 4142 nostra
536 4085 647 4159 egeant
666 4078 910 4149 confirmatione,
933 4078 980 4140 rel
1001 4077 1048 4153 lit,
1093 4078 1135 4146 ad
1161 4075 1377 4155 explicandum
1399 4081 1432 4140 et
1450 4078 1700 4157 persuadendum
1721 4080 1789 4160 ipsa
1810 4083 1901 4152 aetio,
1924 4086 1960 4144 et

188 4161 260 4237 quia
276 4161 443 4234 nescimus,
460 4177 540 4242 quae
554 4162 614 4224 sint
628 4159 683 4224 ltei
704 4160 938 4241 promissiones,
954 4160 1049 4241 idque
1093 4165 1195 4221 motus
1209 4175 1355 4222 manuum
1376 4165 1407 4223 et
1427 4159 1598 4234 oculorum,
1621 4160 1694 4225 lieet
1715 4164 1830 4242 primas
1851 4169 1959 4244 partes

191 4242 442 4307 exsecramentis
457 4245 618 4320 discimus,
634 4248 687 4307 aul
700 4244 770 4323 qula
784 4259 854 4306 eum
869 4243 1004 4306 sciamus
1018 4248 1050 4305 et
1093 4242 1313 4304 teuentaratio.
1329 4241 1425 4304 Erunt
1437 4241 1531 4320 igitur
1543 4249 1746 4320 sacramenta,
1768 4247 1857 4324 quasi
1872 4249 1958 4311 aetio

190 4323 259 4388 illas
274 4325 497 4405 promissiones
512 4327 578 4402 Dei,
602 4330 634 4390 et
646 4327 724 4390 haee
744 4332 935 4390 sacramenta
958 4340 1048 4404 esse3
1093 4324 1243 4400 quaedam
1257 4324 1323 4399 liei,
1340 4341 1419 4403 quae
1433 4324 1525 4387 simul
1540 4341 1609 4388 cum
1634 4327 1741 4401 verbo,
1763 4331 1863 4410 magis
1889 4345 1959 4393 ruu-

187 4413 289 4469 tamen
304 4409 403 4487 magis
417 4409 798 4484 credimus‘sacramcmts,
813 4424 904 4486 quam
917 4407 1048 4487 promis·
1095 4407 1177 4468 tebit
1190 4408 1228 4470 ad
1243 4405 1348 4485 iidem,
1364 4423 1459 4485 quam
1472 4408 1574 4470 solum
1591 4408 1729 4473 verbum.

189 4489 342 4552 sioniuus.
358 4493 454 4570 itque
475 4492 535 4554 troc
550 4491 704 4584 posterius
722 4493 786 4573 jarn
805 4490 967 4553 relutatum
988 4497 1048 4553 est.
1134 4489 1335 4567 ltespondeu:
1351 4490 1394 4552 lla
1409 4490 1440 4551 id
1455 4490 1579 4568 quidem
1596 4492 1727 4555 concedi
1747 4507 1853 4574 posse.
1876 4492 1956 4557 llam

188 4569 253 4633 lion
269 4571 351 4634 enim
366 4575 466 4637 solum
482 4574 648 4648 credimus,
665 4575 720 4638 sed
735 4575 827 4637 etium
848 4573 965 4636 scimus
987 4572 1048 4635 eri·
1092 4571 1171 4633 actio
1184 4571 1216 4632 in
1232 4572 1409 4636 hominibus
1423 4571 1495 4634 ideo
1507 4572 1592 4651 jurat
1605 4575 1786 4647 orationem,
1800 4577 1872 4654 quia
1883 4592 1957 4639 ora·

189 4653 367 4716 doctissima
381 4657 511 4730 ratione,
526 4656 625 4719 Deum
641 4672 702 4719 non
717 4672 811 4736 posse
825 4655 961 4729 mentiri,
977 4671 1048 4733 pro·
1094 4654 1136 4716 tio
1150 4654 1283 4716 humana
1298 4653 1474 4734 imperleeta
1489 4661 1548 4728 est,
1561 4662 1595 4718 ut
1605 4662 1860 4722 suutomnesres
1871 4674 1960 4722 crea·

188 4733 264 4799 inde
278 4736 354 4798 nihil
368 4753 440 4802 esse
455 4737 569 4802 certius
584 4739 841 4818 promissionibus
856 4737 929 4800 liei:
945 4751 1050 4817 neque
1094 4743 1142 4797 tae
1157 4742 1188 4798 et
1201 4736 1305 4809 edam,
1322 4737 1374 4816 qui
1389 4738 1469 4800 actio
1483 4735 1651 4801 nonhabet
1665 4741 1725 4801 aim
1739 4757 1827 4803 suam
1841 4758 1858 4802 a
1888 4757 1961 4805 ner·

190 4817 221 4880 ld
236 4818 399 4882 adversarii
423 4834 538 4901 negare
552 4827 695 4900 possunt.
719 4821 797 4883 lllud
823 4826 924 4882 autem
951 4821 1047 4898 prius,
1093 4818 1146 4893 bo,
1162 4819 1218 4881 sed
1233 4831 1250 4880 a·
1265 4835 1310 4882 se.
1324 4819 1471 4893 Quocirca
1485 4821 1584 4898 magis
1595 4821 1763 4885 credebant
1786 4823 1908 4886 lillrnici
1925 4840 1960 4888 u·

188 4915 287 4980 aeque
302 4900 390 4964 lacile
404 4903 526 4967 reiutarl
542 4910 660 4984 potest:
684 4903 836 4983 siquidem
857 4903 967 4965 laisum
988 4908 1048 4978 est,
1092 4902 1206 4964 reculis
1219 4900 1384 4980 Apollinis,
1400 4916 1481 4980 quae
1503 4903 1579 4964 talsa
1609 4906 1758 4983 putabant
1785 4921 1858 4968 esse
1887 4923 1954 4970 non

189 4983 414 5061 promissiones
428 4986 482 5048 liei
498 4986 577 5050 disci
589 5002 627 5048 ex
638 4985 848 5062 sacramentis,
862 4999 931 5047 oum
944 4989 1049 5047 oontm
1094 4998 1198 5062 posse,
1214 4985 1352 5062 quamde
1366 4986 1441 5046 sotis
1463 4984 1565 5047 verbis
1578 4987 1756 5062 ederentur,
1772 5004 1865 5068 quam
1887 5005 1957 5051 ora·

188 5066 292 5142 potius
306 5075 493 5130 sacramenta
509 5085 547 5132 ex
560 5069 654 5133 verbo
669 5067 723 5130 liei
738 5067 906 5130 discantuc.
920 5066 985 5130 lum
998 5081 1049 5129 re·
1093 5065 1171 5128 tioui
1199 5075 1232 5128 et
1245 5066 1358 5130 actioni
1372 5065 1537 5143 cujuslibet
1550 5069 1692 5132 oratoris.
1709 5069 1872 5152 demergo
1887 5087 1957 5134 aer·

188 5161 235 5222 ro,
258 5149 284 5210 si
308 5148 443 5228 sigillum
464 5151 583 5230 regium
609 5159 693 5216 esset
716 5151 865 5231 ignotum,
892 5156 923 5213 et
946 5149 1049 5211 solum
1083 5147 1131 5209 ,ha
1146 5146 1201 5211 liei
1216 5147 1396 5226 sintperse
1411 5165 1549 5210 summae
1570 5153 1774 5227 auctoritatis,
1799 5160 1831 5216 et
1854 5171 1960 5217 saera·

190 5235 298 5307 posset
312 5231 459 5310 cognosci
473 5249 511 5294 cx
526 5233 634 5302 literis,
651 5235 765 5315 quibus
785 5238 834 5296 est
855 5247 1048 5311 appensum3
1093 5237 1195 5292 menta
1209 5247 1333 5294 omnem
1347 5231 1408 5292 vim
1421 5246 1509 5293 suam
1524 5232 1636 5296 haeaut
1649 5251 1666 5295 a
1681 5236 1796 5311 verbis,
1813 5236 1889 5299 nilatl
1901 5237 1959 5299 ad-

189 5318 273 5374 esset
287 5313 378 5391 plene
393 5315 595 5392 superfluum.
611 5317 684 5381 llam
700 5320 747 5381 rel
762 5317 892 5380 credunt
905 5316 1050 5379 homines
1093 5314 1168 5374 dere
1183 5322 1314 5391 possunt
1326 5312 1387 5392 ipsi
1404 5315 1511 5377 aerbo.

62 5413 65 5418 ·
189 5394 294 5457 literas
309 5395 378 5458 illas
393 5411 465 5460 esse
479 5398 573 5476 regis,
590 5401 714 5463 secluso
729 5399 844 5479 sigillo,
859 5399 908 5462 vel
922 5414 1004 5476 non3
1021 5401 1049 5461 si
1133 5394 1246 5457 Verum
1261 5403 1434 5471 esttamen,
1452 5398 1535 5476 quud
1550 5399 1693 5462 eatlrolici
1707 5399 1827 5470 dicunt,
1853 5400 1953 5464 ileum

190 5477 332 5550 credunt,
349 5474 421 5556 quid
437 5478 508 5543 lacit
522 5479 678 5560 siptttumt
692 5484 718 5544 st
735 5499 796 5546 uon
808 5477 947 5557 credunt,
964 5486 1048 5544 certe
1093 5477 1230 5540 votuisse
1244 5479 1318 5541 dare
1330 5479 1456 5558 gratiam
1468 5497 1554 5543 suam
1570 5496 1628 5561 per
1641 5482 1728 5562 signa
1743 5483 1958 5552 scnstutttamt

193 5575 297 5638 neque
312 5561 442 5624 eredunt
456 5561 592 5642 sigillum
613 5580 685 5628 esse
699 5565 834 5644 regium:
857 5565 934 5629 uiluil
956 5565 1050 5645 igitur
1093 5575 1150 5640 per
1165 5577 1200 5624 ea
1215 5559 1381 5626 instrueret
1394 5563 1548 5635 homines,
1565 5570 1596 5627 et
1609 5564 1825 5629 deducerclad
1841 5567 1955 5629 intelli·

191 5642 322 5710 eunlcrt.
338 5643 404 5708 l‘uri
419 5645 548 5724 ratione,
571 5663 642 5712 aum
663 5655 851 5716 sacramenta
873 5663 934 5714 non
948 5647 1046 5712 selan-
1093 5643 1192 5724 penda
1204 5642 1385 5723 spiritualia.
1401 5646 1491 5710 dtiud
1504 5646 1587 5710 enim
1598 5646 1770 5714 estdocere
1784 5649 1953 5730 spiritualia
