4084 6275
832 409 929 468 ututitt
947 411 1073 470 turdus
1728 410 1782 470 tut

74 549 132 610 sed
149 547 220 627 quia
235 551 386 627 repugnat
401 548 433 609 in
448 549 495 609 eis
508 548 586 610 ratio
596 547 689 627 signi,
706 550 844 626 utsupra
858 545 936 608 dixi·
982 561 1052 624 nus,
1069 561 1131 610 non
1146 559 1219 610 esse
1233 545 1419 610 sententiam
1446 545 1582 608 nostram
1597 557 1792 608 communem
1807 563 1839 612 o·

11 630 15 660 ¹
73 648 162 701 mus,
188 646 268 710 quae
296 647 359 692 non
384 638 537 712 repugnat
564 634 595 694 in
621 638 812 694 sacramento
836 628 936 694 Matri·
981 631 1106 694 mnibus
1123 629 1288 710 theologis.
1304 629 1403 709 hique
1418 647 1455 693 ex
1478 633 1561 692 tanto
1583 642 1711 690 nurnero
1737 630 1841 693 docto-

12 728 13 735 *
71 715 182 774 monii.
980 719 1065 788 rum,
1077 713 1218 793 producit
1232 713 1334 775 solum
1350 719 1412 776 tres
1439 718 1492 775 ant
1505 718 1635 791 quatuor
1652 757 1660 786 ,
1676 727 1712 772 ao
1727 711 1841 775 deinde

11 782 15 827 ³
114 797 157 857 dd
173 795 348 859 Secundam
362 797 573 875 probationem
590 791 861 877 liespondeotlhm
874 811 936 856 ma·
979 795 1066 858 addit
1081 795 1173 858 multa
1184 796 1253 858 loca
1269 793 1447 874 pontificum
1464 801 1495 858 et
1517 794 1638 857 Petrum
1660 795 1778 868 eujure
1794 813 1843 858 ca·

72 881 194 952 teriam,
210 894 302 957 quam
316 879 443 941 formam
463 882 648 943 sacramenti
672 893 745 940 esse
769 892 835 938 rem
850 882 937 940 natu·
980 879 1093 941 nonico
1108 879 1300 957 deprompta,
1317 893 1397 958 quae
1413 878 1490 942 nihil
1505 879 1543 940 ad
1559 893 1625 940 rem
1641 876 1767 940 iaciunt.
1784 877 1841 942 lle·

12 952 14 993 l
71 962 183 1037 ratem,
205 965 232 1024 si
248 962 379 1042 physico
399 963 636 1035 consideretur,
663 967 695 1024 ct
718 965 934 1036 supernatura·
979 960 1241 1040 spondeamusad
1257 960 1389 1039 singola.

12 1040 13 1049 ’
68 1043 146 1119 lem,
163 1046 191 1106 si
217 1044 431 1107 consideretur
458 1045 729 1107 sacramentaliter.
758 1041 822 1104 lion
851 1041 934 1105 enim
1020 1042 1120 1106 Primo
1135 1043 1259 1106 adducit
1280 1041 1464 1105 Gulielmum
1480 1041 1711 1118 herisiensem,
1741 1042 1792 1120 qui
1808 1044 1840 1106 in

12 1124 13 1151 ³
67 1123 291 1199 rerbasdlum
308 1129 469 1188 sedetiam
485 1124 935 1201 ablutio,inunctioetesignl·
979 1124 1034 1186 tib.
1047 1126 1086 1188 do
1102 1123 1313 1198 sacramentis,
1332 1129 1418 1186 tract.
1442 1124 1481 1187 de
1507 1123 1699 1188 Matrimonia
1724 1141 1792 1202 cap.
1808 1125 1841 1190 9.

12 1206 13 1229 ¹
68 1207 249 1272 dicationem
264 1208 378 1270 bahent
393 1209 658 1286 supernaturalem
680 1224 716 1269 ex
732 1206 832 1268 dirina
846 1206 934 1269 insti·
978 1209 1184 1287 qo.t.negat
1199 1205 1424 1270 Matrimonium
1439 1206 1503 1270 reri
1519 1208 1654 1270 nominis
1667 1223 1841 1272 sacramen·
1903 1236 1905 1244 ·

11 1286 12 1325 ι
68 1292 204 1355 tutione:
231 1291 264 1353 id
293 1290 375 1371 quod
391 1294 483 1352 etiam
498 1291 599 1353 Canus
614 1289 755 1358 admittit,
767 1291 815 1351 rei
831 1291 934 1368 potius
978 1296 1042 1351 ium
1060 1305 1141 1367 esse,
1158 1295 1189 1352 et
1203 1290 1455 1354 sacramentalem
1478 1293 1620 1352 virtutem
1635 1289 1765 1362 hahere,
1781 1291 1841 1354 nisi

11 1370 13 1410 l
66 1374 102 1432 in
117 1379 330 1452 argumentum
345 1373 525 1452 assumpsit,
541 1373 717 1453 obiectione
728 1379 826 1448 seata;
838 1389 933 1448 quare
976 1372 1161 1436 sacerdotali
1178 1371 1349 1435 ministerio
1363 1379 1575 1444 consecratum
1592 1371 1693 1437 luerit.
1706 1372 1782 1434 lluic
1798 1380 1842 1436 ιε-

10 1451 13 1496 l
34 1497 38 1504 ·
67 1455 174 1518 inanis
188 1463 237 1518 est
250 1455 418 1528 distinctio,
434 1473 492 1534 qna
514 1459 572 1518 hoe
586 1456 656 1519 ioco
680 1457 787 1519 utitur.
803 1453 839 1516 Et
853 1457 935 1518 sicut
977 1454 1124 1518 sononia
1142 1454 1262 1518 similes
1276 1461 1350 1518 sunt
1370 1455 1588 1519 nonnullorum
1614 1455 1842 1518 canonistarum

10 1533 13 1578 ι
67 1538 141 1614 ipse
162 1537 293 1600 admittit
307 1536 359 1599 illa
372 1538 475 1600 rerba:
491 1537 559 1618 ligo
574 1545 604 1601 te
617 1538 746 1618 occipio
759 1539 798 1600 in
810 1553 929 1610 mecm
976 1537 1161 1612 sentcntiae,
1178 1537 1230 1618 qui
1257 1542 1481 1602 sacramentum
1508 1536 1689 1599 Matrimonii
1711 1537 1841 1616 gratiam

68 1636 142 1682 esse
157 1619 313 1682 materiam
327 1622 523 1693 sacramenti,
540 1622 613 1684 licet
638 1623 700 1683 sint
723 1620 814 1682 rerba
828 1620 933 1700 aliquo
976 1621 1144 1693 conserens
1158 1621 1349 1684 constituunt
1364 1623 1394 1683 in
1411 1620 1630 1684 bencdictione
1644 1621 1839 1694 sacerdotali,

10 1699 14 1744 ¹
68 1703 165 1765 modo
180 1705 313 1766 humana
340 1709 371 1765 et
386 1703 546 1780 naturalia3
569 1703 608 1766 ita
624 1708 743 1782 poterat
769 1701 932 1766 admittere
975 1707 1007 1766 et
1021 1703 1168 1783 precibus
1195 1699 1275 1782 quae
1290 1719 1384 1783 super
1399 1705 1580 1782 conjugatos
1603 1702 1688 1764 lundi
1715 1703 1838 1778 soient,

10 1783 14 1830 ¹
67 1784 662 1861 essclormam.liamquemndmodnm
688 1785 933 1864 iiiecogiturdi·
974 1802 1105 1865 quorum
1120 1785 1345 1849 canonistarum
1361 1789 1512 1848 sententia
1529 1786 1739 1863 theologorum
1755 1786 1806 1846 sit.

9 1849 13 1912 Ι
70 1885 148 1931 cere
162 1869 254 1931 rerba
268 1868 494 1948 iiie‚quatenus
506 1870 631 1932 materia
646 1868 832 1932 sacramenti
846 1876 930 1943 sant,
1016 1868 1214 1948 Respondent
1233 1868 1349 1949 liuplar
1365 1873 1412 1931 esi
1433 1867 1611 1930 benedictio
1637 1867 1839 1930 sacerdotalis

9 1950 13 1995 Ι
67 1965 144 2012 εεεε
158 1967 244 2013 sacre
274 1957 302 2011 et
317 1952 573 2031 supernaturalia,
586 1951 704 2014 ratione
725 1951 933 2031 noraesigni·
975 1952 1005 2012 in
1023 1951 1226 2014 Matrimonia.
1243 1949 1319 2028 Una,
1342 1967 1422 2032 quae
1450 1951 1539 2013 datur
1567 1950 1597 2012 in
1628 1957 1784 2012 contractu
1802 1952 1840 2014 de

9 2025 13 2082 ἱ
66 2032 224 2096 tinctionis
238 2051 253 2093 a
268 2033 330 2095 beo
344 2035 515 2111 institutam
532 2038 570 2097 ita
597 2050 655 2097 nos
679 2033 811 2096 dicimus
838 2035 932 2096 rerba
973 2036 1143 2114 praesenti.
1158 2051 1228 2096 oum
1244 2036 1390 2097 sacerdos
1404 2033 1490 2096 dicit:
1506 2035 1574 2112 Epo
1588 2048 1644 2096 ooo
1659 2031 1836 2112 acclamo.

64 2114 134 2188 iiia,
151 2122 184 2176 nt
197 2119 381 2178 sacramenti
392 2117 531 2193 termam,
544 2133 615 2180 esse
630 2133 716 2179 sacra
738 2122 768 2178 ei
782 2131 930 2195 superna·
973 2117 1155 2180 innomine
1169 2115 1286 2189 Putris,
1303 2121 1333 2179 ει
1354 2115 1433 2182 Filii
1460 2122 1489 2178 et
1510 2115 1650 2194 Spiritus
1677 2117 1794 2191 annoti,
1810 2121 1842 2180 ei

9 2200 12 2245 ι
68 2197 180 2259 toralia
195 2204 257 2260 etc.
973 2200 1051 2262 hacc
1063 2199 1128 2262 iere
1145 2201 1174 2260 in
1191 2200 1282 2262 domo
1298 2201 1410 2279 primia
1425 2199 1489 2260 dari
1506 2200 1599 2261 solet.
1612 2199 1710 2260 litera
1723 2203 1771 2260 est
1785 2197 1838 2262 be·

9 2287 12 2330 ι
110 2280 154 2340 dd
170 2279 302 2342 Tertiam
317 2280 514 2359 Respondent
530 2280 626 2344 Verba
644 2280 695 2344 iila
710 2296 748 2342 ex
768 2279 870 2343 dirina
883 2279 931 2343 in·
973 2283 1123 2357 nedictio,
1139 2298 1219 2361 quae
1235 2285 1323 2345 datur
1337 2281 1368 2344 iu
1384 2283 1499 2360 tempto
1528 2284 1667 2360 tempere
1695 2281 1811 2344 missae
1829 2327 1838 2358 ,
1868 2297 1873 2306 ·

9 2374 12 2401 t
66 2362 229 2424 stitutione
244 2364 421 2442 signillcare
435 2363 578 2427 ellectum
601 2365 814 2443 spiritualem.
841 2365 931 2426 nimi·
973 2381 1045 2428 cum
1057 2364 1211 2444 adjunctis
1227 2366 1318 2428 rariis
1336 2363 1494 2444 precibus.

65 2461 138 2506 rum
152 2445 343 2524 spiritualem
358 2446 503 2508 unionem
519 2447 628 2510 Christi
657 2463 727 2512 cum
749 2446 886 2508 Ecclesia
902 2453 933 2509 et
1015 2448 1049 2510 Si
1063 2448 1104 2510 de
1119 2446 1220 2527 priore
1235 2449 1376 2526 loquatur
1391 2445 1504 2519 Canus,
1521 2444 1561 2508 de
1576 2459 1637 2525 qua
1662 2459 1739 2508 sane
1750 2444 1837 2525 loqui

7 2538 11 2581 ι
66 2543 140 2587 cram
155 2528 268 2588 anima:
285 2529 367 2608 quod
385 2530 465 2590 idern
481 2531 601 2608 cogitur
630 2527 732 2590 Canus
760 2529 865 2591 dicere
890 2529 930 2592 da
973 2529 1060 2594 risus
1074 2531 1165 2593 estin
1181 2536 1240 2594 iota
1256 2530 1416 2610 superiore
1428 2527 1771 2609 disputationc,nnlium
1786 2529 1840 2592 ha-

7 2621 11 2666 ι
64 2609 181 2672 iisdem
196 2611 310 2682 rerbis,
325 2616 489 2689 quatenus,
507 2611 606 2690 ipsius
621 2613 780 2690 opinione,
803 2613 930 2675 materia
973 2611 1205 2684 betuaciorom,
1223 2629 1315 2693 quem
1329 2628 1386 2693 pro
1414 2627 1470 2675 sua
1500 2610 1652 2673 sententia
1681 2609 1839 2690 proferat:

7 2688 10 2749 i
64 2698 153 2754 suni:
170 2694 346 2754 nemetiam
361 2694 486 2756 materia
502 2693 678 2773 signiticare
693 2694 799 2755 debet.
974 2695 1046 2757 liam
1062 2695 1234 2758 autiernus
1248 2694 1432 2758 Parisiensls
1458 2699 1489 2756 ei
1500 2692 1679 2756 canonistas
1708 2693 1839 2772 loquun-

7 2792 9 2831 ι
110 2774 312 2852 thuartam
327 2774 537 2855 nospoaocc:
567 2775 665 2838 Verba
695 2775 926 2838 sacramentalia
973 2783 1023 2839 tur
1036 2777 1307 2841 bebenedictione
1332 2783 1363 2840 ει
1377 2776 1536 2857 precihus,
1554 2791 1634 2855 quae
1649 2769 1840 2842 adhibentur

64 2857 268 2919 determinata
284 2873 355 2920 esse
370 2858 471 2936 quoad
485 2873 692 2933 sensum,non
706 2861 806 2936 quoad
821 2874 929 2922 nume·
973 2865 1113 2940 tempore
1128 2859 1270 2923 sacrificii
1287 2861 1319 2922 in
1336 2859 1464 2938 templo.
1482 2858 1515 2922 Si
1538 2857 1578 2920 de
1607 2859 1781 2937 posteriore
1797 2859 1841 2920 ln·

8 2958 9 3001 ι
64 2957 137 3000 rum
154 2940 399 3020 syliabarumrcl
415 2956 526 3002 sonum
540 2940 638 3019 rocis3
654 2941 768 3019 alioqui
784 2957 845 3002 non
858 2957 929 3020 pos·
972 2949 1095 3021 quatur,
1112 2943 1205 3005 hahet
1219 2942 1344 3023 quidem
1362 2948 1505 3004 auctores
1518 2939 1707 3020 praediatus,
1725 2940 1781 3002 sed
1796 2939 1842 3002 iili

8 3042 10 3087 t
63 3028 140 3084 seut
153 3023 267 3100 linguis
282 3023 414 3084 dirersis
429 3031 619 3085 sacramenta
635 3023 796 3085 celebrari.
807 3023 859 3086 Sic
873 3023 929 3104 igi·
973 3033 1004 3086 et
1018 3025 1109 3104 pauci
1123 3031 1196 3087 sunt
1213 3071 1221 3100 ,
1238 3030 1269 3088 ei
1290 3025 1376 3086 nullo
1402 3023 1494 3086 modo
1520 3039 1591 3084 cum
1617 3023 1701 3086 omni
1731 3024 1840 3086 seboin

8 3128 10 3172 ι
64 3111 119 3168 tur
131 3105 162 3167 in
179 3111 371 3169 sacramento
398 3106 580 3169 Matrimonii
607 3105 699 3171 rerba
727 3105 928 3169 determinata
973 3108 1186 3187 theologorum
1202 3106 1393 3171 conierendi.
1407 3107 1442 3169 Et
1456 3111 1613 3187 praetereo
1630 3104 1661 3167 in
1677 3105 1840 3169 rnanilesto

8 3241 9 3252 ,
62 3194 151 3262 sunt,
166 3204 246 3268 quoe
259 3196 399 3251 mutuum
413 3204 601 3252 consensum
617 3188 806 3252 suiilcienter
826 3191 925 3267 expri·
973 3206 1079 3253 erroro
1094 3198 1265 3255 versantur:
1281 3191 1448 3253 nomiliam
1470 3188 1721 3253 benedictionem
1736 3195 1843 3267 poste-

8 3297 9 3334 ι
62 3271 244 3344 marteine
266 3271 298 3333 id
323 3272 475 3351 pluribus,
497 3273 563 3335 sire
576 3272 780 3351 paucioribus
801 3272 929 3335 rocihua
972 3275 1098 3349 riorem,
1115 3274 1304 3354 exploratum
1329 3289 1365 3336 ac
1390 3278 1506 3336 cerium
1531 3276 1591 3347 est,
1615 3272 1839 3335 sacramentale

63 3353 132 3415 hai.
949 3424 953 3435 ⁸
973 3356 1047 3436 quid
1061 3370 1143 3425 esse,
1161 3372 1221 3417 non
1235 3363 1335 3418 autern
1351 3359 1587 3427 sacramentum,
1603 3369 1674 3414 curn
1689 3354 1720 3415 in
1735 3370 1769 3417 ea
1782 3354 1837 3416 he·

8 3462 9 3505 ι
108 3433 311 3509 thuintam
325 3432 928 3515 liespoudeo:Tuncsolhrunonposse
971 3436 1838 3517 nedietioneuullasintrerba,quaelormasocramonti

8 3547 9 3586 2
61 3518 180 3597 subjici
195 3524 289 3579 nutus
303 3518 372 3581 ioco
384 3517 555 3589 verborum,
570 3520 694 3599 quando
717 3520 812 3582 torma
827 3534 926 3581 saera·
969 3536 1043 3584 essa
1058 3523 1229 3596 rideantur;
1245 3529 1276 3582 et
1286 3533 1407 3593 cumea
1422 3518 1600 3581 benedictio
1615 3519 1766 3580 secundis
1781 3536 1837 3581 nu·

8 3661 9 3672 ,
61 3600 163 3662 ιιιειιιί
175 3606 224 3663 εει
239 3600 338 3662 εοιιιιιι
353 3601 479 3664 verbum
495 3603 619 3681 proprie
633 3602 761 3665 dictum:
777 3608 807 3663 at
822 3603 852 3663 in
868 3601 928 3663 lla·
971 3603 1045 3684 ptiis
1058 3619 1119 3665 non
1134 3604 1235 3674 detur,
1252 3616 1331 3681 quae
1343 3607 1445 3663 lamen
1467 3602 1605 3663 omnium
1626 3599 1747 3678 judicio
1771 3616 1842 3663 rera

8 3713 9 3746 ι
60 3682 211 3744 trimonio
224 3682 255 3744 id
271 3684 429 3761 peculiare
444 3691 502 3758 est,
520 3691 553 3747 ut
567 3685 662 3747 iorma
683 3685 745 3747 sint
758 3689 818 3746 tarn
834 3685 925 3747 rerba
970 3693 1160 3749 sacramenta
1177 3690 1261 3761 sunt;
1292 3691 1323 3747 ει
1337 3699 1405 3745 cum
1437 3681 1556 3762 absque
1584 3689 1712 3759 peceato
1743 3684 1840 3743 omitti

8 3809 9 3822 ,
60 3766 191 3844 proprie
204 3766 296 3840 dicia,
312 3782 403 3845 quam
419 3766 509 3828 etiarn
524 3768 704 3847 improprie:
717 3774 750 3828 ut
761 3772 853 3829 nnius
868 3784 877 3827 ι
894 3773 928 3829 at
971 3769 1083 3849 possit,
1100 3769 1190 3829 modo
1219 3768 1405 3847 negligentia
1433 3771 1466 3828 et
1479 3771 1674 3843 contemptus
1689 3764 1781 3840 absit,
1806 3773 1839 3827 ut

60 3847 307 3926 supradiximus
322 3849 353 3910 in
369 3849 525 3912 solutione
547 3851 706 3913 secundae
726 3848 925 3931 objectionis.
971 3858 1055 3933 patet
1070 3866 1107 3913 ex
1122 3848 1368 3929 camillosirates
1383 3847 1435 3911 2⁰.
1450 3855 1572 3927 quaest.
1586 3847 1618 3910 5.

107 3930 152 3991 nd
168 3930 289 3991 Sextum
303 3929 499 4009 Respondeo:
523 3934 708 4012 Argumenta
735 3932 790 3993 ilio
811 3938 927 3993 tantum
1011 3933 1096 3996 hddc
1111 3948 1190 4009 quae
1206 3933 1437 3995 tundamentum
1453 3929 1680 3993 canonistarum
1705 3928 1832 3992 debilis·

59 4012 190 4091 probari
205 4011 295 4075 rerba
311 4012 477 4093 conjugum
490 4032 561 4077 csse
577 4016 811 4089 materiamnon
825 4020 927 4077 autem
969 4014 1083 4078 simum
1096 4025 1154 4089 esu
1171 4015 1301 4095 probant
1313 4016 1395 4077 enirn
1408 4014 1592 4077 senientiam
1602 4025 1693 4074 suam
1710 4026 1746 4073 er
1762 4029 1832 4091 cap.

59 4094 188 4175 probari
203 4109 265 4157 noo
281 4110 352 4157 esse
368 4099 458 4158 etiam
474 4098 615 4159 formam.
644 4098 716 4160 iiam
741 4098 768 4159 si
784 4096 826 4173 id,
843 4096 925 4174 quod
971 4098 1224 4164 insectarique
1239 4096 1381 4172 simonia,
1398 4098 1451 4158 uhi
1476 4095 1680 4174 prohibentur
1692 4097 1837 4158 sacerdo·

61 4178 193 4240 materia
208 4184 255 4239 est
274 4182 389 4240 tanturn
405 4180 610 4254 sacramenti,
632 4186 857 4243 sacromentum
873 4196 926 4241 no·
971 4187 1018 4245 ies
1030 4183 1171 4259 accipere
1185 4181 1332 4258 pecunias
1344 4194 1399 4261 pro
1412 4179 1628 4242 benedictione
1641 4176 1836 4251 nubentium,

59 4260 175 4321 minari
190 4266 305 4335 ιιοιεεις
327 4263 555 4342 quantomagis
580 4270 806 4324 sacramentum
829 4262 926 4324 nomi·
970 4264 1042 4343 quia
1058 4279 1091 4325 ea
1107 4263 1282 4326 benedictio
1298 4268 1521 4324 sacramentum
1551 4268 1611 4324 est.
1635 4259 1695 4323 Sed
1712 4274 1750 4321 eo
1765 4260 1834 4323 loeo

60 4342 132 4405 nari
146 4344 256 4421 poterit
271 4343 315 4413 id,
331 4344 412 4420 qnod
428 4344 519 4407 simui
536 4346 659 4407 materia
675 4351 723 4407 est
736 4350 767 4407 el
777 4344 891 4407 formai
971 4350 1095 4410 rocaiur
1109 4346 1284 4409 benedictio
1299 4346 1493 4418 nubentium,
1506 4349 1733 4407 sacramentum
1752 4343 1837 4423 largo

107 4425 226 4487 beinde
242 4426 333 4487 rerba
350 4425 414 4487 iila:
431 4428 498 4505 Ego
514 4434 542 4489 te
556 4428 734 4507 occipicio
745 4428 929 4499 meom‚Ma·
973 4430 1077 4503 modo;
1093 4429 1230 4491 uterium
1246 4428 1361 4491 ibidem
1375 4434 1565 4490 sacramenta
1578 4425 1839 4497 rocantnrhdcst,

61 4507 243 4569 trimonium
259 4508 421 4587 appellari,
433 4510 618 4571 estomnino
629 4510 813 4572 inauditnm:
829 4508 929 4573 Matri·
973 4512 1185 4575 caeremoniae
1201 4528 1307 4575 sacrae
1325 4557 1333 4583 ‚
1350 4512 1500 4591 exequiae
1525 4510 1754 4580 detunctorum,
1771 4506 1836 4570 oiu-

61 4589 204 4652 monium
220 4590 303 4651 enim
317 4589 474 4662 delinitur,
483 4591 577 4654 maris
591 4597 622 4655 ei
637 4590 789 4655 loeminae
800 4592 929 4673 conjnn·
972 4594 1055 4657 cium
1071 4594 1407 4674 sepulturae,doductio
1421 4594 1561 4674 episcopi
1576 4591 1613 4653 ad
1629 4607 1716 4655 suam
1729 4592 1837 4653 sedem

8 4717 9 4760 ι
62 4672 345 4741 ctio,iudiridnam
360 4673 929 4739 ritacconsuetudinemretinens.Sic
973 4682 1004 4741 et
1018 4677 1074 4739 alia
1091 4678 1120 4739 id
1136 4692 1248 4758 genos.
1411 4692 1415 4700 ·

8 4801 9 4838 ,
61 4754 356 4818 delinitltierander
368 4754 424 4817 111.
441 4772 509 4837 cap.
526 4757 623 4828 iliud,
653 4758 692 4820 de
707 4760 929 4837 praesumptio·
1013 4758 1159 4821 Secundo
1174 4758 1280 4840 objicit
1292 4758 1393 4823 Canus
1406 4756 1511 4821 Patres
1527 4756 1650 4819 concilii
1676 4754 1833 4819 colonien·

8 4885 9 4922 ,
61 4852 107 4898 ne
123 4844 154 4899 ci
168 4845 238 4900 ante
249 4853 320 4901 eum
331 4836 717 4913 Iustinianos‚lnstliut.de
732 4847 926 4921 patcpoiest.
975 4842 1032 4914 sis,
1048 4844 1100 4921 qui
1113 4842 1203 4905 aliam
1219 4844 1346 4905 iormam
1361 4839 1543 4903 sacramenti
1558 4837 1731 4917 requirunt,
1746 4854 1837 4918 quam

8 4964 9 5007 ι
61 4922 99 4981 in
116 4920 317 5000 principium
331 4936 398 4982 eam
414 4920 624 4986 definitionem
641 4923 776 5002 theologi
792 4930 821 4987 et
836 4940 928 4987 cano·
973 4922 1158 4987 Scirolastioi
1173 4926 1332 5003 requirere
1347 4924 1462 4986 soient.
1479 4924 1539 4985 Sed
1555 4922 1592 4983 ad
1606 4923 1665 4983 boc
1680 4936 1774 5000 supra
1790 4936 1839 4983 re·

8 5049 10 5090 ,
61 5002 169 5064 nistac
185 5004 299 5081 passim
315 5003 481 5083 rccipiunt.
498 5004 598 5081 Quare
613 5005 704 5069 rerba
725 5006 788 5068 iila:
819 5006 929 5086 Epote
973 5006 1169 5087 spondimus,
1186 5022 1255 5070 com
1271 5006 1455 5069 liemniiium
1471 5006 1686 5069 refutaremus:
1700 5003 1837 5065 ostendi·

8 5131 10 5174 Ι
61 5084 195 5163 occipio
208 5087 247 5149 in
259 5101 491 5156 menm,eaussa
504 5086 684 5151 Matrimonii
700 5094 783 5163 suni,
796 5089 853 5153 sed
867 5104 930 5151 non
974 5106 1044 5152 mus
1059 5091 1141 5152 enim
1158 5104 1195 5151 ox
1209 5088 1312 5151 rerhis
1325 5089 1401 5169 ipsis
1415 5088 1592 5159 enchiridii,
1621 5087 1747 5149 nomine
1762 5102 1833 5147 eon·

8 5215 10 5258 ,
61 5169 218 5247 suntipsa
233 5167 470 5246 Matrimonium
484 5170 613 5249 proinde
627 5178 840 5250 argumentum
856 5188 929 5234 con·
973 5172 1038 5235 ciiii
1054 5172 1245 5235 coloniensis
1259 5171 1346 5247 editi,
1378 5174 1505 5235 turmam
1534 5170 1628 5250 hujus
1654 5168 1838 5231 sacramenti

8 5313 10 5318 ,
61 5257 113 5311 tra
128 5256 285 5313 auctorem
301 5266 392 5313 snum
405 5254 643 5331 pugnatprobat
658 5256 740 5315 cuim
756 5253 806 5314 ilia
822 5254 926 5317 rerha:
974 5254 1457 5335 essererha‚qnihusconjnges
1478 5259 1618 5317 mutuum
1648 5267 1837 5314 eonsensum

8 5383 10 5408 ,
62 5333 134 5410 h‘po
149 5337 179 5394 te
194 5332 371 5412 occipicio
382 5348 567 5408 mediamna
582 5350 654 5397 esse
666 5334 822 5399 materiam
836 5336 929 5416 hujps
973 5338 1160 5415 exprimunt.

8 5411 9 5420 ’
62 5415 264 5491 sacramenti,
280 5416 335 5477 sed
352 5416 454 5495 potius
468 5416 607 5492 formam,
620 5434 691 5481 oum
705 5426 929 5483 sacramentum
1015 5418 1116 5482 Tertio
1131 5416 1239 5496 obiicit
1254 5417 1353 5481 Ganos
1365 5417 1486 5481 Petrum
1498 5416 1687 5481 Paludannur
1708 5462 1716 5490 ‚
1739 5416 1790 5495 qui
1807 5416 1838 5479 in

64 5498 108 5559 de
123 5498 252 5561 materia
271 5498 402 5570 dicatur,
418 5496 458 5561 de
479 5497 529 5562 his
550 5506 650 5563 autem
680 5500 781 5563 rerhis
806 5516 868 5564 nou
883 5503 928 5565 di·
972 5500 1004 5564 l.
1021 5501 1094 5563 disi.
1111 5500 1142 5563 5.
1159 5506 1280 5580 quaest.
1298 5500 1329 5563 2.
1343 5499 1472 5576 scribit,
1492 5512 1553 5563 nou
1580 5514 1709 5579 peecare
1731 5499 1839 5578 eonju-

64 5584 167 5642 caiur.
669 5643 671 5646 ,
973 5600 1042 5665 ges,
1059 5583 1110 5663 qui
1127 5584 1350 5645 Matrimonium
1366 5582 1550 5646 contrahunt
1565 5582 1597 5645 in
1614 5586 1739 5663 peccato
1755 5597 1836 5644 mor·

108 5662 218 5725 ilitima
234 5660 367 5742 objectio
382 5660 512 5725 sumitur
526 5678 564 5725 rx
578 5664 755 5728 auctoritate
770 5666 928 5747 theologo·
975 5666 1027 5729 tali
1044 5667 1194 5729 existens.
1209 5664 1252 5728 lix
1267 5684 1327 5747 qua
1342 5667 1494 5730 sententia
1510 5666 1665 5746 colligitur
1686 5664 1837 5727 Matrimo-

65 5762 150 5807 rum.
165 5747 286 5810 Petrum
310 5760 347 5807 ac
367 5744 567 5823 poniidcum:
595 5748 752 5813 contendit
777 5752 859 5811 enim
874 5748 928 5812 ca·
976 5752 1061 5813 uium
1076 5748 1206 5813 uiriliter
1219 5756 1407 5813 contractum
1422 5764 1484 5812 nou
1499 5762 1571 5813 esse
1584 5754 1808 5813 sacramentum
1827 5795 1835 5825 ,

7 5465 11 5508 Ι

7 5548 11 5590 Ι

7 5634 11 5672 l

8 5713 10 5756 l

8 5799 10 5842 l
