4084 6275
835 401 1105 496 rauenounnrus
1743 367 1795 460 ras

3 569 5 572 <
81 554 164 609 ririn,
181 535 270 595 iloeat
286 534 473 612 iuprrstinus
487 538 518 599 in
540 536 633 616 epist.
660 534 731 599 ibi.
757 536 794 598 ad
822 536 951 606 Siaturn.
996 548 1096 602 ruente
1112 540 1257 603 divinitus
1273 537 1554 619 institutusingulis
1565 534 1747 617 applicetur.
1761 534 1859 599 ιιιιιιιιι

84 621 139 682 irbi
156 619 202 680 sic
217 619 271 678 ait:
288 618 347 681 lieo
359 620 433 697 ipsa
445 622 593 685 remissio
606 626 814 698 peecatorum
827 621 899 684 siue
919 638 953 683 a·
995 629 1098 685 autem
1113 639 1152 687 ar
1164 622 1378 688 instrumentis
1399 621 1545 685 diuinitus
1566 618 1713 683 institutis
1736 618 1774 680 ed
1790 636 1862 697 poe-

83 705 176 782 tique
190 702 304 764 mento
319 706 376 774 est,
391 704 422 766 si
434 703 514 781 fides
529 705 616 768 banc
628 705 792 784 impetrat:
807 718 956 783 nequee-
987 712 1067 769 ‘nam
1082 708 1283 785 temporalem
1307 712 1501 786 peccatorum
1523 702 1716 783 expiandam,
1740 699 1864 765 satista-

82 789 158 848 uina
172 785 303 847 nullum
316 791 363 849 eet
374 788 530 850 memtttm
541 786 703 866 fideique
714 786 782 864 tide
799 786 855 851 itte
869 788 954 853 dice·
997 788 1131 852 ctionem
1147 806 1230 862 esse,
1248 808 1304 853 nas
1319 790 1527 853 alelmusnec
1540 788 1641 849 solum
1656 783 1861 855 dicimus,sed

82 867 150 934 bat.
166 866 250 932 aeos
262 870 423 946 propitius
437 878 502 931 esta
517 871 599 933 ιιιιιιι·
610 870 782 948 peccaturi.
809 870 846 932 lit
867 876 952 932 tract.
999 888 1037 933 ex
1053 871 1231 951 scripturis,
1248 879 1279 935 et
1293 874 1429 936 omnium
1445 870 1567 933 Petrum
1584 868 1770 931 {estimoniis
1784 884 1869 931 caru·

84 950 138 1013 ia.
152 950 182 1012 in
196 949 501 1029 incoeperamus
513 968 548 1015 ee
560 952 679 1015 cbristo
694 959 886 1031 cooperatur
898 952 953 1016 bo·
998 955 1177 1033 probamus,
1195 966 1227 1019 ut
1242 972 1279 1019 ex
1294 958 1334 1018 iis
1348 971 1427 1035 quae
1442 961 1531 1017 antee
1547 952 1741 1031 scripsimus,
1754 952 1865 1029 patuit.

4 1047 5 1072 t
80 1049 138 1096 ruo
150 1033 468 1097 saluteruactsrnam
480 1052 521 1097 ac
528 1033 801 1115 justificationem
812 1052 921 1099 suam.
1040 1037 1107 1099 lluc
1120 1039 1249 1111 spondit,
1266 1038 1347 1119 quod
1364 1036 1549 1101 sacrificium
1571 1035 1673 1097 erucis
1700 1032 1810 1096 Christi
1826 1050 1866 1097 eo

4 1121 5 1126 ’
125 1116 233 1194 itaque
248 1116 416 1179 discrimen
432 1120 514 1195 quod
530 1119 672 1180 cetbotici
686 1127 804 1196 ponant
816 1120 896 1181 inter
907 1135 955 1180 re·
998 1119 1192 1196 potissimum
1207 1121 1366 1200 spectarit,
1383 1127 1416 1183 ut
1431 1136 1487 1182 nos
1502 1119 1565 1181 beo
1580 1114 1804 1189 reconciliaret,
1828 1133 1864 1179 ec

83 1200 267 1262 missionem
283 1199 411 1275 primam
440 1205 472 1262 et
486 1203 668 1272 secundam,
684 1201 776 1272 idest,
793 1203 823 1263 in
840 1202 955 1282 baptis·
998 1201 1038 1263 de
1055 1201 1159 1281 impiis
1174 1210 1205 1267 et
1219 1204 1364 1270 inimicis.
1393 1204 1494 1283 justos
1511 1208 1540 1262 et
1565 1201 1681 1263 arnicas
1706 1199 1759 1262 liei
1786 1200 1865 1261 laee-

82 1289 182 1351 rno,et
197 1289 267 1359 post
281 1282 471 1360 baptismum
487 1284 517 1344 in
530 1299 568 1345 eo
581 1285 774 1363 potissimum
786 1289 879 1347 situm
891 1291 951 1352 est.
998 1289 1055 1346 ret:
1072 1284 1118 1349 sio
1132 1286 1214 1348 enim
1230 1286 1395 1362 apostotus
1411 1286 1557 1367 loquitur:
1576 1283 1654 1347 Cum
1676 1282 1805 1345 inimici
1819 1298 1865 1343 ee·

81 1366 168 1442 quod
185 1365 216 1425 in
232 1366 329 1440 prime
345 1366 538 1428 condonatur
551 1367 653 1429 omnis
668 1368 759 1443 culpe
788 1376 819 1429 et
840 1384 952 1447 poena.
995 1382 1113 1441 semite,
1129 1369 1456 1433 reconciliatisumus
1471 1369 1532 1431 ben
1546 1382 1605 1445 per
1627 1369 1761 1427 mortem
1785 1362 1866 1427 uerit

84 1451 119 1507 et
133 1447 264 1525 proinde
280 1447 361 1509 nulla
378 1456 426 1509 est
442 1449 615 1511 necessarie
642 1448 825 1514 Setisiactim
852 1452 884 1512 ia
904 1466 954 1513 se·
996 1449 1079 1528 ejus.
1095 1450 1183 1513 Rom.
1199 1451 1230 1515 5.
1246 1459 1288 1519 el.
1308 1452 1348 1515 lle
1361 1458 1491 1531 peccato
1507 1449 1675 1513 damnauit
1698 1452 1868 1524 peccatura

88 1531 204 1600 cunda,
220 1530 414 1593 condonatur
427 1532 519 1608 eulpa
548 1539 578 1598 el
593 1547 693 1611 poene
708 1540 844 1605 aeterne,
857 1548 954 1595 rema·
996 1532 1035 1595 iu
1049 1548 1159 1610 carue,
1175 1540 1211 1596 ut
1218 1532 1408 1612 instititutis
1424 1534 1502 1612 lepis
1514 1532 1703 1610 impleretur
1713 1531 1750 1591 iu
1761 1528 1868 1592 uobis.

87 1619 183 1675 neate
198 1621 284 1675 reatu
300 1628 420 1690 poenae
435 1614 625 1692 temporalis,
641 1630 698 1693 prs
712 1632 771 1693 que
782 1614 954 1678 Satisiaetin
998 1614 1087 1678 liora.
1102 1614 1133 1678 8.
1147 1622 1178 1678 et
1192 1617 1224 1679 b.
1242 1618 1359 1681 Petrus:
1376 1617 1512 1680 Peccata
1524 1620 1636 1677 uestra
1650 1616 1718 1691 ipse
1734 1612 1868 1691 pertulit
1954 1649 1957 1661 ·

84 1696 238 1770 eripitur.
255 1697 361 1771 atque
380 1696 460 1759 bunc
484 1712 557 1760 esse
581 1697 801 1760 catholicorum
829 1704 955 1761 senten·
996 1698 1036 1760 in
1050 1714 1182 1777 corpore
1196 1713 1255 1763 sue
1269 1716 1368 1779 super
1381 1700 1518 1776 liquem.
1534 1703 1571 1761 ul
1582 1697 1723 1776 peccatis
1735 1696 1868 1769 mortui,

86 1780 174 1849 tiam,
190 1780 332 1856 agnoscit
360 1785 392 1841 et
407 1778 517 1841 scribit
532 1778 773 1843 idemdelriaus
794 1780 885 1858 paulo
910 1781 954 1851 in·
993 1780 1142 1862 justitiae
1155 1784 1314 1846 uiuamus.
1332 1784 1362 1846 ι.
1378 1784 1460 1846 Petr.
1476 1782 1507 1845 2.
1520 1780 1555 1843 ld
1571 1788 1671 1841 autem
1694 1784 1790 1840 totum
1810 1790 1868 1841 nus

85 1861 131 1921 ira
149 1862 305 1924 incudem
323 1878 392 1939 cap.
408 1859 425 1942 i
441 1860 492 1924 eu.
509 1864 565 1925 sed
581 1863 688 1925 maluit
702 1865 761 1926 boc
785 1864 854 1925 ioco
875 1862 953 1926 lreu·
1000 1862 1208 1927 libentissime
1223 1865 1418 1935 conliternur,
1436 1881 1497 1927 non
1519 1864 1546 1925 ri
1573 1860 1799 1925 satisfactionis.
1814 1877 1868 1923 nn·

4 1991 5 1994 ,
87 1944 234 2007 dolenter
248 1959 315 2006 eam
332 1960 518 2022 proponere,
536 1946 704 2008 utlacilius
718 1946 924 2025 impugnaret.
999 1950 1093 2012 strae.
1108 1948 1164 2010 sed
1181 1949 1248 2010 solo
1278 1947 1388 2011 christi
1411 1946 1522 2011 merito
1548 1960 1604 2007 nos
1631 1943 1824 2007 reconciliari
1841 1948 1872 2004 et

4 2045 5 2082 ι
129 2027 249 2096 Deinde
264 2026 407 2091 Caluinus
423 2044 483 2089 non
500 2030 575 2116 satis
590 2028 722 2091 tideliter
736 2030 905 2091 antitheses
920 2028 954 2089 il·
995 2028 1170 2106 justiiicarl,
1187 2033 1252 2093 sire
1268 2048 1323 2107 per
1338 2032 1523 2109 Baptismus,
1540 2028 1607 2091 sire
1624 2043 1679 2105 per
1700 2022 1868 2089 absolutio-

4 2127 5 2132 *
86 2110 137 2171 lns
152 2110 288 2183 adduxit,
305 2126 375 2172 curn
390 2111 442 2171 ait:
458 2111 781 2191 montemacutum
794 2112 877 2175 baec
894 2111 954 2189 dit·
1000 2127 1083 2173 aern:
1101 2113 1156 2177 sed
1173 2130 1242 2177 curu
1258 2114 1318 2178 hoc
1333 2130 1395 2177 non
1410 2119 1525 2193 pugnet
1540 2110 1621 2185 quod
1644 2108 1788 2181 dicimus,
1812 2109 1866 2169 bo·

83 2192 400 2275 feruutziuiquitctes
412 2197 677 2272 nostraspueitas
691 2208 758 2257 esee
771 2196 810 2257 iu
822 2194 954 2264 Christo,
1001 2194 1102 2259 mines
1118 2193 1229 2259 Christi
1245 2196 1397 2275 sanquine
1426 2195 1641 2257 reconciliatos
1667 2196 1699 2255 et
1721 2188 1869 2271 justifica·

84 2282 126 2337 ιιι
138 2277 177 2337 iu
189 2277 261 2352 ipso
277 2277 504 2355 cupiscentum
530 2284 560 2338 et
579 2279 699 2339 uostris
723 2277 875 2356 operibus
899 2294 955 2341 erc·
1002 2283 1060 2346 tos,
1078 2288 1227 2357 operante
1242 2282 1273 2343 in
1288 2281 1366 2359 ipsis
1381 2279 1492 2343 christi
1508 2278 1617 2357 spiritu
1633 2280 1664 2337 et
1684 2274 1805 2348 rirtute,
1821 2290 1871 2337 se·

84 2360 189 2437 pieri:
209 2358 368 2421 dirutum
381 2375 448 2423 arse
470 2360 738 2437 propitiationem
759 2376 819 2439 pro
842 2376 956 2439 peccc-
1000 2358 1144 2423 tistscere
1161 2361 1225 2426 Deo
1240 2380 1296 2443 pro
1311 2369 1397 2429 reatu
1412 2378 1532 2442 poenae
1548 2356 1738 2436 temporalis.

89 2443 132 2503 tis
159 2442 301 2504 uastas:
328 2448 378 2516 et,
404 2440 508 2505 llerrm
531 2442 956 2522 operibuspropitinudum.
1044 2442 1280 2524 beniquequod
1307 2446 1394 2508 initio
1419 2441 1590 2523 argumenti
1615 2439 1760 2503 Getrinas
1781 2454 1870 2501 assu·

91 2525 166 2585 llam
182 2522 210 2585 si
226 2532 258 2585 nt
272 2525 366 2602 puolo
381 2529 451 2587 ente
467 2524 538 2586 lecit
553 2540 646 2601 opera
669 2534 772 2587 nostre
798 2526 958 2606 cooperari
1001 2526 1298 2597 mit,l‘roridendum
1313 2544 1397 2599 esse,
1413 2535 1446 2590 ιιι
1461 2531 1580 2606 integer
1596 2530 1626 2587 et
1641 2522 1776 2585 illibatus
1791 2538 1869 2583 suus

4 2635 5 2642 ι
88 2607 273 2685 expiationi·
290 2613 320 2669 et
335 2607 541 2685 propitiationi
559 2607 669 2673 eluisti
686 2607 890 2683 dixisset,non
906 2624 958 2669 eu·
1001 2609 1101 2671 lionor
1116 2608 1401 2686 Christoserretur3
1419 2616 1534 2672 tantum
1547 2607 1683 2677 abest,ut
1694 2604 1869 2667 sententiae

91 2698 154 2751 tem
171 2704 206 2751 ea
224 2688 336 2751 cbristi
363 2690 566 2752 satisfactioni
592 2692 803 2769 opposuissem
832 2689 961 2753 vidisset
1001 2696 1125 2752 nostrae
1140 2693 1180 2754 de
1195 2692 1407 2757 Satisiactinne
1423 2695 1612 2762 adversetur,
1630 2696 1663 2751 ut
1677 2704 1743 2749 eum
1766 2693 1869 2764 potrus

89 2773 183 2849 plane
200 2771 317 2833 ιιιιιιιιιιι
332 2787 403 2834 esse
418 2773 519 2835 locam
536 2773 750 2835 exclamationi
765 2773 822 2834 itti:
841 2773 958 2835 immo·
1001 2773 1138 2836 stabiliet
1164 2782 1195 2837 et
1209 2776 1382 2843 carrdrmet.
1398 2774 1557 2854 Siquidem
1574 2770 1672 2850 majnr
1686 2776 1734 2831 est
1757 2768 1868 2831 Christi

4 2881 5 2920 3
88 2871 145 2921 ree.
172 2860 332 2931 quantum
357 2854 436 2917 lices
460 2852 626 2935 differunt.
652 2856 757 2932 tteque
782 2856 865 2917 enirn
881 2852 958 2917 baec
1001 2855 1112 2935 gloria.
1129 2856 1155 2919 si
1171 2857 1290 2920 dicetur
1305 2874 1366 2921 non
1387 2858 1488 2921 solum
1514 2873 1569 2935 pro
1594 2855 1732 2933 peccatis
1757 2854 1872 2913 uostris

94 2938 223 3002 inultum
239 2934 394 3002 uiderant.
412 2936 591 3013 iniquitates
606 2945 726 2999 nostras
749 2938 866 3016 positas
886 2954 958 3003 esse
1002 2937 1207 3011 satisiecisse,
1223 2940 1388 3003 sedetiam
1405 2940 1434 3002 id
1450 2938 1598 3003 meminis
1613 2936 1679 2999 suis
1691 2936 1874 3008 donassent

93 3020 124 3079 in
141 3019 273 3086 cliristo,
290 3026 324 3080 ut
336 3018 366 3079 in
382 3020 452 3096 ipso
465 3020 673 3097 sepimentum
690 3029 732 3095 ot,
748 3037 841 3101 opera
855 3029 957 3083 nostra
1002 3037 1060 3100 per
1075 3021 1143 3099 eius
1158 3023 1285 3098 qratiam
1302 3032 1333 3085 et
1346 3024 1486 3085 virtutem
1502 3021 1603 3099 eliqua
1619 3035 1656 3081 ex
1672 3024 1757 3096 parte
1780 3020 1871 3078 etism

4 3131 5 3147 i
90 3119 107 3160 a
124 3100 236 3179 Spiritu
252 3100 362 3164 Christi
378 3100 630 3178 protestantium
645 3102 768 3166 cbristo
781 3104 818 3166 ad
835 3110 957 3179 peccata
1003 3105 1068 3182 ipsa
1084 3104 1585 3187 satisfacerem:-quemadniodom
1600 3116 1663 3165 nou
1690 3099 1818 3181 deroqal
1837 3115 1870 3160 n·

90 3185 245 3262 expianda
262 3185 434 3264 cooperari:
451 3200 553 3262 neque
573 3185 624 3248 ills
648 3186 774 3248 inultum
803 3185 958 3257 ditlerunt,
1003 3186 1225 3267 mnipotentiae
1241 3189 1400 3260 creatoris,
1417 3188 1471 3252 sed
1495 3204 1562 3251 eam
1588 3185 1692 3264 potins
1717 3195 1874 3245 cometen·

91 3267 249 3329 cliristum
265 3283 336 3329 esse
353 3265 599 3346 propitiationem
616 3285 671 3346 pro
688 3270 823 3346 peccatis
835 3269 960 3345 nostris3
1004 3270 1056 3331 dat
1085 3276 1115 3332 el
1130 3271 1277 3347 celebrat,
1294 3272 1345 3348 qui
1363 3272 1437 3334 dicit
1451 3269 1548 3332 ileum
1565 3285 1625 3330 uon
1642 3266 1742 3328 solum
1755 3281 1810 3340 per
1822 3279 1869 3337 ss,

91 3358 136 3421 at,
153 3366 245 3429 opera
262 3358 364 3412 nostra
382 3349 600 3428 perspiritum
624 3350 735 3412 Christi
762 3353 851 3421 lacta,
878 3351 960 3430 eius·
998 3352 1061 3414 'sed
1078 3354 1168 3414 ettam
1185 3369 1240 3430 per
1251 3371 1359 3416 servos
1370 3369 1444 3416 suos
1458 3352 1603 3414 nrirecula
1618 3347 1875 3412 lucere.lliderint

90 3435 164 3494 rtem
181 3431 292 3495 Christi
309 3433 515 3510 propitiationi
532 3433 705 3512 cooperari.
722 3432 849 3495 certes.
862 3434 961 3513 dirqu-
1007 3433 1100 3512 igitur
1113 3435 1290 3508 adversarii,
1307 3452 1347 3498 ne
1363 3437 1433 3496 dum
1450 3451 1504 3511 pro
1520 3433 1632 3495 Christi
1649 3432 1765 3492 brrnnre
1777 3439 1875 3492 certa·

90 3516 207 3584 sunus,
224 3520 276 3593 qui
292 3523 414 3592 praeter
435 3525 577 3578 caeteros
601 3516 727 3594 qratiam
753 3514 866 3577 Christi
889 3519 961 3578 totis
1006 3533 1041 3579 rc
1056 3532 1090 3580 ss
1107 3519 1249 3591 credunt,
1266 3517 1414 3596 operibus
1430 3517 1558 3594 gratiae,
1584 3519 1614 3577 et
1639 3512 1750 3576 Christi
1778 3529 1874 3574 rueru-

93 3599 213 3660 riribus
228 3599 344 3676 ubique
358 3597 508 3671 deiendit,
526 3615 586 3661 non
602 3599 748 3661 abborret
761 3598 799 3660 eb
816 3600 864 3660 bis
879 3599 959 3660 roci·
1005 3598 1082 3670 bris,
1099 3599 1203 3678 stipsi
1220 3600 1344 3678 Spiritui
1360 3606 1467 3663 sancto
1481 3597 1622 3676 injuriam
1640 3589 1762 3658 iaciant:
1775 3597 1872 3673 siqui·

92 3683 248 3754 busaeus
263 3681 323 3742 boc
337 3680 406 3742 loco
422 3688 581 3761 tantopere
592 3680 959 3759 reprenenditcmrinns:
1004 3682 1075 3744 dem
1093 3683 1296 3760 reprehensio
1312 3683 1476 3752 fruetuum,
1493 3682 1647 3744 deriratur
1668 3678 1706 3739 ad
1720 3677 1872 3752 radicem,

93 3763 274 3826 trimalias.
291 3764 391 3837 inmiti
406 3765 436 3824 in
451 3764 635 3837 rncbiridio,
653 3780 722 3841 cup.
751 3763 801 3824 ιιι.
829 3771 873 3826 est
893 3766 962 3826 nita
1007 3772 1039 3826 et
1054 3763 1163 3844 injuria
1181 3766 1386 3828 membrorum
1403 3764 1434 3826 in
1451 3770 1543 3842 caput
1560 3762 1720 3824 redundat.

92 3847 269 3910 secutanda.
286 3853 313 3907 et
327 3863 385 3923 per
398 3847 617 3928 eleemosynas
631 3849 671 3910 de
683 3848 824 3926 peccatis
836 3855 961 3926 praete·
1045 3845 1111 3910 lam
1128 3863 1199 3910 rere
1215 3849 1367 3925 posterior
1381 3846 1553 3928 argumenti
1570 3860 1651 3923 pars,
1680 3857 1758 3920 quae
1780 3841 1873 3904 duce·

93 3930 169 3992 ritis
184 3930 470 4008 estpropiriandas
485 3932 579 3993 ιιιιιιι.
1004 3928 1125 3992 botura
1142 3945 1217 4009 pace
1242 3931 1512 4004 conscientiarum,
1530 3928 1579 3990 bis
1600 3925 1703 3989 uerbis
1717 3944 1733 3984 u
1748 3921 1874 3986 Celsino

139 4011 240 4072 'lertio
253 4016 438 4090 scripturae,
454 4029 532 4090 quas
544 4030 581 4075 en
602 4011 693 4079 isaia.
719 4013 807 4073 Petro
823 4017 854 4073 et
869 4010 962 4093 Petito
1007 4017 1165 4076 tractetur.
1184 4010 1275 4089 Qttcd
1288 4015 1318 4077 ei
1332 4014 1373 4076 de
1386 4010 1597 4091 pacificanda
1621 4008 1820 4073 couscientia
1841 4024 1874 4070 a·

95 4091 243 4156 Caluinus
258 4097 392 4164 adducit,
409 4095 484 4156 nibil
501 4095 604 4159 minus
618 4096 760 4173 probant,
773 4111 864 4170 quarn
878 4095 959 4167 quod
1003 4096 1106 4172 nitur:
1119 4101 1206 4175 quae·
1217 4097 1339 4160 mtbuec
1354 4096 1413 4158 erit
1425 4092 1654 4173 pontisarensi
1668 4089 1786 4152 cadim
1797 4105 1871 4168 pec·¹

94 4177 167 4252 ipse
189 4177 284 4252 eupit.
308 4177 385 4247 Ouid
412 4180 493 4239 eninr
516 4177 612 4240 isaias
633 4177 724 4239 dicit?
748 4177 858 4239 Posuit
880 4175 961 4238 lieris
1006 4183 1081 4240 cata
1094 4179 1215 4243 redimi
1226 4176 1654 4258 satutactinnibustquaudc
1670 4173 1803 4236 laudern
1819 4172 1874 4234 tlte

93 4261 135 4319 in
157 4275 193 4318 ao
213 4261 422 4340 iniquitatem
443 4261 592 4324 «tmuium
610 4267 782 4332 nostrum,
805 4265 836 4321 et
862 4258 962 4322 liuore
1002 4261 1235 4338 satisfactionis
1248 4265 1365 4325 modale
1380 4267 1526 4324 curatore
1540 4258 1673 4338 poterut
1697 4269 1772 4334 erpo
1792 4270 1873 4318 sem·

92 4342 167 4418 cirre
198 4345 308 4405 sanati
337 4359 462 4406 minus.
495 4343 592 4404 isaim
623 4339 674 4404 53.
708 4342 787 4416 Quid
818 4341 963 4404 Petrus?
1003 4343 1249 4421 pernoctabit,
1265 4361 1312 4407 aa
1327 4341 1558 4408 ltcumbcbcct
1580 4339 1772 4420 propitium,
1793 4341 1874 4400 esan·

95 4428 237 4487 t’eccata·
253 4432 367 4489 nostru
382 4428 455 4504 ipse
471 4427 605 4504 pertulit
622 4427 662 4488 iu
681 4441 815 4504 corpore
833 4439 894 4486 suo
907 4439 962 4488 su·
1002 4441 1064 4505 per
1077 4426 1248 4499 aestuabit,
1264 4443 1392 4506 semper·
1404 4427 1572 4490 horrescet.
1589 4421 1738 4501 tianensi
1750 4419 1871 4482 lenibus

92 4523 159 4588 per
179 4509 305 4586 barrum
327 4509 356 4570 l.
381 4510 460 4574 Petr.
486 4509 519 4570 2.
549 4508 626 4581 Quid
652 4507 795 4570 Paulus?
822 4505 865 4570 lie
889 4522 959 4585 pec·
1004 4509 1294 4586 satistactiuuculie
1309 4511 1530 4590 acquiescunt,
1545 4508 1645 4570 nimis
1668 4503 1874 4580 contemptim

95 4595 172 4654 cato
203 4592 373 4655 (ιιιιιιιιιιιιιι
400 4597 572 4671 peccatum
601 4591 640 4654 iu
666 4605 777 4654 carue.
811 4589 898 4652 Rom.
927 4588 959 4650 ii.
1002 4591 1234 4669 judiciumve·
1244 4595 1460 4656 aestimarunt
1469 4607 1590 4670 parum
1600 4592 1755 4674 reputent
1766 4603 1870 4663 quun·

97 4675 191 4747 atqui
207 4674 284 4736 laneo
306 4677 372 4736 loca
399 4675 474 4735 nibil
500 4675 581 4736 aliud
606 4675 731 4746 docent,
753 4674 826 4746 nisi,
849 4671 961 4736 Christi
1005 4675 1094 4736 lusit
1106 4677 1231 4752 peceati
1243 4676 1398 4754 prauitas.
1414 4676 1454 4737 et
1474 4677 1510 4736 ιιι
1535 4673 1617 4752 ipsis
1642 4669 1871 4733 concedamus.

98 4764 232 4817 mortem
247 4757 344 4819 luisse
359 4757 490 4835 pretium
505 4754 664 4819 sufficiens
674 4757 711 4817 sd
725 4756 826 4817 omnia
838 4761 962 4834 peecata
1004 4765 1139 4834 peccata
1153 4759 1279 4838 aliquot
1283 4757 1375 4838 justa
1384 4757 1605 4833 satisfactione
1615 4751 1874 4828 red-imereauia

98 4839 208 4900 mundi
225 4841 319 4902 mlius
331 4841 590 4915 redimenda,sire
605 4837 789 4902 sucrificium
805 4839 843 4900 nd
858 4839 960 4899 enanis
1005 4840 1138 4903 taudem
1150 4840 1270 4917 ruciam
1283 4831 1340 4903 ubi
1354 4846 1397 4902 tot
1409 4841 1549 4918 peccatis
1574 4836 1769 4908 obruamur,
1792 4847 1873 4910 qua·

91 4922 234 4983 omnium
247 4924 406 4985 bominum
420 4923 549 4984 crimina
564 4922 727 4999 explanada:
743 4921 800 4982 sed
817 4923 876 4983 troc
892 4935 961 4995 pre·
1004 4939 1081 4984 rum
1094 4923 1370 5002 satisfactionibus
1383 4938 1443 4985 uec
1457 4928 1585 4986 centum
1598 4921 1695 4992 citae,
1719 4916 1770 4978 ael
1783 4917 1813 4977 si
1827 4921 1873 4976 to·

92 5003 174 5064 tium
190 5005 305 5065 nemini
321 5007 459 5086 prodest,
476 5005 535 5066 nisi
552 5005 643 5066 modo
658 5005 762 5083 aliquo
775 5003 958 5081 applicetur.
1006 5011 1058 5067 tae
1072 5006 1109 5067 iu
1123 5005 1182 5068 bac
1195 5007 1272 5070 siut.
1288 5003 1434 5085 sufficere
1451 5005 1590 5084 queant?

91 5085 172 5147 llam
185 5088 212 5148 si
228 5089 311 5148 nulle
326 5089 492 5168 requiritur
506 5086 682 5166 applicatio.
699 5093 730 5148 et
744 5086 847 5146 omnia
862 5085 960 5146 omni·
1046 5087 1242 5164 Respondes:
1259 5085 1473 5151 Conscientiae
1487 5104 1542 5165 pax
1557 5097 1616 5147 nen
1631 5082 1772 5162 pendete
1786 5083 1872 5142 reatu

92 5183 139 5230 no
155 5176 279 5247 peccata
293 5168 404 5233 christi
419 5170 548 5249 sanguis
561 5169 704 5246 expiarit3
717 5170 801 5230 unde
813 5176 872 5230 tam
885 5168 963 5229 mul·
1009 5169 1063 5231 illo
1078 5185 1197 5248 poenae
1214 5171 1402 5248 temporalis,
1418 5185 1510 5250 quern
1536 5169 1636 5230 solum
1659 5163 1873 5228 satisluctioni·

93 5252 120 5314 ti
136 5257 210 5314 sunt
222 5254 254 5314 in
270 5254 386 5317 mundo
399 5253 504 5332 impii?
517 5269 573 5315 eur
587 5259 646 5314 tum
660 5255 746 5314 multi
758 5252 963 5314 detruduntur
1007 5251 1067 5314 bus
1083 5254 1197 5316 nostris
1211 5253 1379 5316 tollendum
1396 5267 1466 5316 esse
1480 5251 1624 5314 dicimus:
1642 5247 1693 5329 qui
1710 5263 1792 5309 enirm
1808 5247 1874 5306 eul-

94 5333 138 5394 ad
153 5334 288 5398 interos?
301 5352 357 5398 our
372 5341 431 5398 tum
445 5335 621 5415 pauci-sunt
634 5337 686 5414 qui
701 5333 874 5397 saisentur?
887 5333 961 5412 quid
1009 5350 1068 5414 pae
1084 5334 1299 5398 remissionem
1321 5335 1450 5414 accepit,
1475 5351 1512 5397 ac
1533 5336 1572 5396 de
1599 5331 1706 5394 mortis
1725 5337 1874 5392 aeternae

94 5417 174 5479 iacit
186 5417 376 5495 baptismus?
388 5419 462 5495 quid
479 5417 685 5485 iiucbnristiai
698 5419 772 5496 quid
785 5416 879 5479 tides?
889 5415 963 5495 quid
1011 5418 1149 5497 periculo
1163 5419 1322 5493 liberatus,
1338 5419 1369 5480 in
1385 5417 1511 5499 qratiam
1526 5433 1595 5479 cum
1612 5416 1674 5478 beo
1693 5411 1795 5487 rediit,
1813 5425 1875 5472 ma-

98 5499 307 5564 toenitenrtst
321 5501 394 5582 quid
410 5501 475 5578 ipsa
491 5501 642 5581 evangeiii
654 5499 854 5579 praedicatioi
866 5498 966 5562 Cond-
1009 5517 1068 5580 qna
1084 5501 1154 5564 sine
1168 5501 1263 5564 dubio
1277 5501 1385 5564 inuitur
1406 5499 1615 5564 consuentiae
1640 5511 1728 5577 pase,
1754 5493 1876 5558 etiarnsi
1938 5499 1943 5512 ·

98 5583 228 5646 tendum
240 5591 289 5647 est
301 5583 519 5662 igilancbristi
534 5589 756 5662 mortemque
768 5598 824 5658 per
834 5597 869 5644 se
881 5587 920 5645 ed
931 5597 965 5644 o·
1010 5584 1087 5646 seint
1101 5599 1136 5648 se
1152 5585 1310 5664 temporali
1326 5583 1426 5663 aliqua
1442 5583 1554 5728 maelcta
1567 5582 1607 5644 ob
1620 5585 1743 5660 peccate
1756 5584 1874 5658 praete·

100 5666 184 5727 mnis
199 5673 324 5746 peccata
339 5667 490 5730 abolenda
504 5664 790 5740 sulliceret,nemioi
803 5665 963 5742 prodesse,
1009 5666 1066 5730 rita
1081 5665 1409 5748 castigandumiluore
1423 5663 1462 5730 dn
1497 5667 1565 5728 inus
1581 5666 1618 5726 ita
1634 5667 1873 5754 argumentator,

100 5748 162 5810 uisi
178 5763 234 5828 per
246 5747 339 5816 iidem
368 5757 399 5816 et
413 5755 616 5824 sacramente,
644 5754 825 5828 caeteraque
852 5747 964 5813 instru-
1009 5765 1046 5815 ae
1060 5751 1087 5814 si
1103 5766 1159 5816 uos
1174 5749 1360 5827 diceremus,
1376 5747 1638 5814 solicitationibus
1662 5746 1776 5808 nostris
1797 5757 1871 5804 amr·
