4084 6275
703 892 857 979 iinon
886 888 1146 981 SECUNDUS

305 1328 362 1448 li
403 1322 638 1445 lliiilll
682 1316 915 1441 tollitis
957 1312 1131 1437 iiiiii
1173 1310 1222 1429 ll
1262 1304 1579 1429 llilmliili

693 1750 746 1815 ΣΧ
774 1744 1017 1814 assalituras
1044 1742 1195 1809 Plaudit

862 2032 1012 2045 -—-—-

105 2980 254 3057 llactenus
267 2995 307 3044 ex
320 2976 414 3043 rerba
427 2974 484 3041 liei
498 2976 737 3066 controrersiaur
751 2976 916 3059 disputari·
961 2994 1002 3042 ne
1016 2979 1135 3056 aetatis,
1148 2993 1209 3059 quo
1224 2977 1255 3040 in
1270 2976 1408 3041 Ecclesia
1428 2976 1610 3041 floruerunt:
1655 2990 1692 3037 ac
1719 2974 1752 3037 in
1766 2974 1830 3038 sin-

70 3102 132 3150 mus
145 3086 183 3150 dc
193 3083 371 3166 praesentia
382 3080 520 3162 corporis
530 3080 652 3147 ilomini
667 3068 700 3146 in
711 3079 916 3165 Eucharistim
961 3084 1043 3164 gulis
1058 3088 1187 3164 quatuor
1200 3078 1476 3147 considerabimus.
1492 3076 1610 3144 Piimo
1626 3125 1634 3153 ‚
1667 3077 1741 3160 quid
1767 3078 1829 3158 ipsi

69 3205 143 3252 nunc
156 3205 194 3252 ex
207 3187 396 3252 testimoniis
409 3191 547 3258 aeterum
558 3183 747 3264 ideumaei
758 3193 828 3251 anic
840 3189 919 3252 hanc
964 3187 1095 3253 doceant
1110 3204 1165 3270 pro
1178 3188 1328 3274 catholica
1344 3187 1482 3252 veritate.
1509 3183 1685 3262 Secundo,
1701 3183 1775 3266 quid
1790 3183 1828 3247 od

69 3281 146 3354 litem
166 3298 303 3356 exortem
323 3289 505 3363 floruerunt,
520 3289 652 3354 candem
680 3291 919 3356 controuersiam
963 3307 1000 3356 ca
1014 3291 1224 3372 respondeant
1237 3275 1415 3354 adrersariiss
1434 3289 1547 3362 lertio,
1567 3287 1644 3368 quid
1664 3303 1702 3350 ex
1717 3285 1829 3352 iisdem

70 3395 217 3474 disputare
230 3395 441 3477 aggredimur.
456 3393 528 3457 iiam
550 3394 609 3457 elsi
620 3394 798 3471 adversarii,
814 3396 919 3459 Patres
963 3403 1068 3460 contra
1083 3412 1140 3458 nos
1156 3395 1200 3457 illi
1216 3394 1363 3457 adierant.
1383 3391 1514 3472 Quarto,
1529 3395 1603 3474 quid
1619 3394 1656 3456 ad
1672 3409 1708 3456 ea
1723 3393 1763 3455 sit
1777 3408 1826 3455 re·

69 3505 258 3564 contemnere
272 3499 395 3564 solenni
408 3539 421 3572 a
434 3515 505 3562 cum
529 3513 585 3562 eos
610 3499 670 3562 sihi
685 3498 839 3562 aduersari
855 3517 917 3563 non
961 3498 1191 3579 spondendum.

69 3603 255 3680 dubiieat3in
270 3603 444 3666 hacmmen
470 3601 651 3679 quaestione
669 3601 785 3681 aliquid
800 3603 846 3666 eis
867 3603 917 3667 iri·
1003 3602 1171 3664 lisiauiem
1193 3599 1271 3662 illud
1299 3597 1547 3674 edomandam,
1577 3599 1751 3662 testimonia
1774 3597 1830 3662 Pe·

68 3705 155 3768 luere
168 3705 324 3769 ridentur:
340 3712 424 3769 cerie
437 3706 589 3780 laborant,
605 3711 752 3784 quonlam
772 3713 914 3786 posenni,
965 3714 1057 3780 iruna,
1070 3722 1132 3768 noa
1147 3704 1273 3790 quidem
1298 3705 1422 3782 aequari
1449 3720 1505 3782 per
1534 3721 1570 3768 se
1600 3703 1828 3782 scripturarum

71 3813 162 3870 uicos
176 3807 259 3871 adse
274 3808 462 3887 pertrahant.
477 3807 615 3871 ioannes
630 3805 775 3870 Calvinus
798 3807 830 3869 in
846 3809 916 3870 ulii·
965 3808 1161 3872 testimoniis:
1170 3813 1271 3874 tamen
1282 3821 1320 3869 ex
1331 3803 1370 3867 iis
1381 3813 1487 3884 aperte
1499 3803 1658 3886 cognosci,
1672 3821 1752 3886 quae
1764 3805 1829 3869 lue·

69 3921 113 3967 nra
123 3906 331 3971 admonitione
350 3909 387 3971 ad
402 3907 625 3988 Weslplrrdum:
642 3907 781 3984 Constat,
794 3908 894 3987 inquii
909 3954 919 3985 ,
965 3913 1005 3975 rit
1018 3909 1182 3982 sententia,
1197 3915 1227 3973 ci
1241 3908 1319 3972 tides
1334 3908 1404 3990 ejus
1418 3907 1588 3980 Ecclesiae,
1611 3925 1702 3986 quam
1719 3924 1828 3971 omnes

70 4016 194 4073 coaetos
204 4011 510 4092 muneraremur-ea,
526 4012 666 4094 quitatis
684 4011 830 4092 quinque
851 4027 921 4075 sae·
966 4017 1096 4081 latemur
1109 4031 1211 4080 aeram
1226 4013 1337 4078 Christi
1350 4011 1518 4075 Ecclesiam
1533 4009 1640 4082 luisse,
1669 4017 1700 4074 el
1724 4027 1829 4074 reram

69 4113 142 4176 cotia
152 4118 225 4191 poci
236 4114 656 4193 apostolosor'oreruaeaao
669 4133 726 4181 ore
748 4116 842 4180 moia
861 4133 921 4196 pa·
968 4119 1008 4183 de
1021 4119 1223 4182 sacramentis
1234 4116 1327 4180 iidem
1341 4133 1377 4179 ac
1391 4115 1562 4179 doctrinam
1578 4113 1738 4177 habuisset
1755 4130 1833 4193 qao·

69 4211 342 4282 immoraturus
353 4227 462 4291 martyr
476 4223 506 4283 ia
521 4220 710 4301 praelatione
724 4235 800 4286 suae
815 4220 921 4284 delen·
968 4225 1049 4286 circa
1065 4237 1103 4285 ex
1117 4220 1179 4284 iliis
1192 4219 1346 4300 colligitur
1369 4227 1581 4300 argumentum
1606 4219 1830 4292 firmissimum,

70 4319 158 4382 sionis
171 4326 277 4384 contra
297 4321 498 4388 Gardinerurn
513 4325 552 4388 ad
567 4326 704 4406 reginam
716 4323 841 4404 ingliae
858 4322 922 4398 ‚ra-
968 4332 1000 4390 et
1013 4324 1174 4388 inlallibile
1188 4340 1245 4404 pro
1260 4323 1396 4388 veritate.
1411 4323 1498 4388 Unde
1516 4326 1711 4406 inpuritatis
1727 4323 1782 4387 lib.
1799 4323 1830 4386 3.

72 4427 169 4487 atrise
184 4423 355 4492 detondere
369 4426 876 4506 senientiamPatrumgraecorum
893 4435 924 4489 et
969 4429 1009 4490 de
1023 4433 1218 4506 peccatorum
1234 4426 1353 4494 meritis
1368 4432 1398 4489 ei
1412 4427 1536 4491 remiss.
1554 4441 1635 4506 caps
1650 4429 1682 4490 i.
1703 4443 1773 4490 cum
1789 4433 1833 4490 at·

73 4508 222 4600 latinor‘uln
238 4532 377 4591 velerum
392 4529 431 4592 de
455 4527 657 4592 liuciamistia.
682 4527 790 4590 Petras
810 4527 923 4609 Boqui·
968 4529 1090 4593 tulisset
1103 4528 1223 4592 Petrum
1238 4528 1412 4591 testimonia
1427 4527 1596 4606 quaedam,
1628 4535 1661 4590 ui
1689 4528 1832 4610 Cypriani

72 4639 125 4684 aus
137 4626 221 4688 initio
231 4609 304 4690 iteri
315 4629 355 4720 de
366 4646 462 4694 cocao
474 4632 595 4696 lloaaini
609 4636 714 4694 contra
729 4629 918 4695 Heshusium
966 4637 997 4693 ei
1010 4631 1186 4713 Hieronymi
1202 4647 1256 4709 pro
1271 4638 1399 4710 peccalo
1414 4630 1568 4711 originali:
1590 4631 1688 4705 llaec,
1705 4627 1829 4712 induit,

72 4726 149 4799 dicit,
170 4731 287 4793 nulium
304 4748 374 4797 esse
388 4735 540 4800 rationem
564 4735 738 4808 certiorem,
756 4739 787 4797 ci
800 4733 919 4797 nrorie·
965 4751 1034 4798 aon
1046 4735 1121 4797 ideo
1134 4735 1736 4818 commemor-coequarisepulcrorum
1752 4753 1831 4818 gau·

72 4841 132 4890 rem
144 4831 348 4899 inveniendae
361 4839 507 4915 renititis,
522 4841 555 4902 in
576 4839 646 4916 irae,
661 4837 700 4903 de
712 4855 771 4917 qua
787 4838 919 4918 agimus,
964 4839 1116 4904 eremitici
1126 4839 1291 4904 sententiis
1305 4845 1473 4922 tamqnam
1484 4844 1646 4906 cerauniae
1657 4843 1832 4906 anctorita-

72 4937 281 5014 cantrorcrsin,
293 4956 384 5019 quarn
397 4943 568 5008 insistendo
578 4940 716 5022 vestigiis
726 4937 921 5019 antiquorum
966 4949 996 5007 ie
1008 4945 1169 5020 adaman·
1183 4943 1241 5005 aed
1264 4948 1302 5006 nl
1316 4951 1475 5023 appareat
1489 4943 1530 5008 ab
1543 4945 1651 5020 talita,
1667 4959 1772 5028 respue
1786 4945 1833 5008 od

74 5029 196 5098 lilium·
455 5043 463 5104 ’,
965 5051 1269 5128 praesensionem,
1286 5048 1492 5126 gaoaooilaa
1506 5049 1657 5112 minaria
1678 5053 1746 5124 cai,
1772 5046 1833 5112 icoc

111 5135 167 5201 llos
181 5139 283 5222 igitur,
298 5151 331 5209 ui
344 5149 538 5228 apertissime
567 5151 598 5208 el
610 5142 793 5208 brcrlsstme
814 5142 923 5223 (quan
970 5151 1062 5232 apud
1076 5148 1237 5212 eccleciae
1251 5145 1348 5228 fldem
1369 5155 1463 5215 iaata
1487 5153 1833 5219 constantio'orcstodi·

80 5237 135 5302 loru
150 5244 191 5305 rei
207 5250 383 5330 magnitudo
392 5253 538 5337 patietur)
550 5250 771 5330 intelligamus,
783 5247 856 5326 quid
873 5247 928 5311 Pa·
976 5257 1179 5331 tremoleto.

81 5347 136 5406 ires
150 5353 316 5430 senserint,
331 5355 472 5436 singulos
486 5353 617 5424 seorsim
641 5350 833 5416 excutiemus
847 5352 928 5414 ordi-
