4084 6275
863 449 959 509 tttttttt
979 451 1102 512 vuinus
1756 452 1809 510 tut

103 586 212 654 tinans.
228 587 299 651 iiatn
315 586 349 648 in
364 585 483 665 primis,
498 583 586 647 loen.
603 584 655 647 20.
673 600 743 647 eum
758 583 907 647 Dominus
917 586 969 649 tri·
1054 586 1207 650 Luiberus
1231 586 1313 650 enim
1337 586 1367 648 in
1393 587 1447 648 lib.
1474 587 1512 650 da
1538 585 1671 664 eaptivit.
1696 585 1879 667 babylonica
1938 572 1943 580 ’

8 686 21 744 :t
101 676 169 736 buit
183 672 332 751 apostulis
349 675 529 746 potestatem
546 669 718 730 remittendi
736 675 871 746 peecata,
889 685 970 747 quae
1015 669 1140 749 eapdo
1156 669 1386 744 Ordine,solum
1402 669 1580 750 Dionysium
1596 672 1670 732 dicit
1685 670 1880 748 posseoitari

103 765 154 818 est
169 773 238 834 pars
252 754 403 833 quaedam
416 752 591 821 sacerdotii,
608 752 694 813 dixit:
712 749 853 830 Accipite
868 748 970 829 Spirt·
1015 769 1053 816 ex
1067 752 1201 830 antiquis
1216 753 1403 826 rumoribus,
1421 769 1475 828 pru
1490 759 1682 815 sacramento
1698 752 1833 826 Ordinis,
1847 761 1878 814 ot

103 847 173 902 tum
185 845 303 901 saneta
316 852 411 908 innon
427 842 528 896 autem
545 841 669 896 vocatur
683 833 823 896 absolute
839 834 972 912 Spiritus
1015 835 1084 898 aliis
1099 837 1443 912 sacramentis,oxceptu
1458 835 1612 912 Baptismo
1627 825 1657 896 dr
1679 835 1880 900 lluubaristia.

103 931 232 984 sanctus
247 921 279 982 in
295 921 463 994 scripturis
477 920 592 978 doniam
605 916 694 990 iliud,
711 917 794 994 quod
810 917 840 978 in
867 918 971 996 impiis
1016 917 1067 980 Sia
1082 917 1163 979 enim
1180 920 1233 980 ait:
1250 918 1321 982 Scio
1337 918 1424 981 buno
1446 918 1552 980 solum
1577 925 1741 990 auctorem
1765 917 1879 981 baberi

104 1023 176 1066 esse
193 1009 305 1084 potest.
321 1003 494 1073 Praeterea,
511 1000 543 1061 2.
559 999 691 1061 Timotlt.
719 999 749 1061 i.
776 1001 828 1060 ubi
854 1000 972 1062 dixerat
1015 1001 1217 1084 amantionis
1230 1017 1291 1080 pro
1304 1002 1487 1079 septenario
1501 1009 1793 1074 sacramentorum,
1807 1003 1879 1063 iicet

104 1089 284 1167 Apostolus,
300 1085 427 1165 gratiam
443 1083 602 1144 Timotheo
615 1097 790 1159 permanus
803 1084 972 1159 impositio·
1014 1081 1218 1146 Matrimonia
1244 1085 1372 1150 omisso,
1396 1085 1566 1146 senariam
1591 1091 1719 1146 tantuna
1740 1083 1877 1147 dederit:

106 1187 177 1232 nem
194 1172 304 1230 deviam.
321 1167 483 1246 subjungit
497 1165 667 1243 explicans,
684 1180 763 1242 quite
778 1165 818 1226 sit
839 1166 890 1226 ilia
905 1183 972 1243 gra·
1015 1166 1101 1228 niort
1116 1168 1204 1228 enim
1217 1182 1350 1244 prorsus
1363 1168 1402 1230 in
1414 1167 1551 1245 reliquis
1575 1165 1726 1228 Patribus
1751 1169 1791 1230 da
1811 1167 1881 1228 istis

7 1270 15 1322 r.
106 1256 158 1314 tia:
176 1253 356 1318 donanim,
374 1250 484 1324 innuit,
501 1247 708 1322 deditnobis,
727 1248 817 1312 idest.
835 1249 925 1309 nubis
941 1264 973 1310 e·
1016 1250 1230 1312 sacramentis
1258 1249 1406 1325 tegimus.
1436 1250 1494 1310 lieu
1521 1250 1721 1312 sacramenti
1746 1251 1881 1311 nomine

106 1339 255 1413 piscopis,
268 1335 351 1396 Deus
365 1333 516 1410 spiritum
540 1331 678 1406 timoris·
702 1331 760 1392 aed
782 1332 922 1409 trirtatis,
944 1337 975 1392 et
1018 1333 1353 1410 consumuntquoties
1368 1332 1407 1394 de
1422 1331 1471 1394 liis
1485 1330 1580 1393 robur
1595 1332 1721 1410 loquuti
1731 1339 1819 1393 sunt:
1833 1349 1882 1394 re·

106 1419 301 1481 dilectionis.
319 1422 348 1477 et
360 1414 552 1477 sobrietatis.
887 1447 891 1454 ‚
1018 1429 1093 1476 aeres
1108 1415 1196 1476 enim
1210 1415 1411 1481 estirmenlio
1425 1413 1803 1476 sacramentorumttaec
1816 1415 1880 1476 iile:

150 1503 237 1576 Quod
253 1508 354 1560 autom
369 1498 501 1575 pertinet
515 1496 552 1557 ad
568 1495 756 1569 mandatum,
773 1494 838 1556 sive
853 1496 974 1558 institu·
1019 1496 1071 1558 ubi
1088 1498 1179 1557 multa
1196 1498 1350 1559 mentitur.
1368 1497 1440 1559 llam
1456 1513 1514 1558 neo
1530 1511 1633 1558 verum
1650 1502 1708 1569 est,
1724 1496 1807 1574 quod
1830 1499 1883 1559 iiie

109 1589 237 1649 tionem,
254 1599 314 1643 non
330 1581 462 1659 legimns
476 1579 602 1655 quidem
617 1578 743 1639 disertis
757 1579 860 1640 verbis
887 1578 971 1640 Glari·
1018 1580 1105 1657 quasi
1122 1587 1226 1642 oontru
1242 1595 1277 1640 se
1293 1578 1557 1656 oitnt,liionysium
1574 1579 1693 1641 tradere
1707 1595 1762 1640 sea
1783 1595 1884 1641 sacra·

8 1700 9 1743 p
107 1676 188 1728 stom
206 1667 333 1731 dixisse,
351 1663 495 1724 Ordinato
511 1662 667 1722 ministros
683 1676 740 1738 per
756 1662 974 1737 manusimpo·
1019 1668 1134 1738 mentm
1151 1663 1309 1723 nonenim
1327 1662 1539 1724 meminitnisi
1556 1668 1695 1737 quatuor:
1712 1661 1885 1723 nibilenim

108 1751 265 1824 sitionom3
283 1749 337 1808 sed
353 1747 513 1814 evidenter
526 1745 555 1803 id
567 1743 744 1821 colligimus
760 1759 795 1804 ex
808 1746 925 1805 sonatis
940 1745 975 1804 li·
1018 1743 1127 1806 scribit
1141 1744 1179 1805 de
1196 1745 1396 1817 Paenitentia,
1413 1753 1546 1806 extrema
1564 1743 1711 1805 tinctione
1735 1749 1766 1806 et
1786 1744 1886 1806 llatri·

108 1833 195 1894 teris.
211 1831 284 1902 llam
301 1834 334 1892 ut
355 1827 488 1889 diximus
514 1827 552 1887 de
578 1827 647 1886 aliis
672 1827 889 1898 sacramentis,
913 1843 974 1888 uon
1019 1827 1135 1889 monio.
1152 1825 1271 1889 Deinde
1286 1829 1431 1889 mentitur
1446 1824 1725 1904 impudentissime,
1749 1842 1819 1888 aum
1841 1827 1886 1888 di·

109 1919 212 1994 potest
225 1913 309 1975 ullus
326 1913 416 1972 irevno
432 1911 558 1987 gratiam
573 1909 700 1986 alligare
715 1915 799 1970 certe
810 1909 912 1986 sigum
932 1911 976 1970 id·
1021 1910 1234 1980 miserentem
1250 1925 1320 1972 esse
1336 1910 1543 1970 inventionem
1562 1910 1887 1984 sacramentorummi·

8 2042 10 2073 ,
109 2013 170 2072 que
186 1995 276 2058 eiiam
292 1994 457 2056 aduersarii
480 1991 667 2054 eorveedont:
695 1991 778 2071 atqui
804 1993 976 2054 seeundum
1022 1994 1131 2054 mirum
1144 1993 1243 2070 quoad
1260 2008 1371 2054 numen
1388 1992 1584 2054 sacramenti:
1601 2007 1658 2052 nus
1674 1993 1756 2054 enim
1772 1993 1803 2052 in
1826 1992 1890 2070 pri·

109 2080 283 2155 Scripturas
298 2078 419 2152 alligata
432 2082 480 2136 est
495 2074 590 2150 gralia
605 2089 716 2134 manus
742 2075 929 2149 impositioni
946 2077 976 2136 in
1023 2091 1072 2138 mo
1088 2075 1166 2137 libro
1181 2076 1386 2151 ostendimus,
1403 2089 1512 2136 omnes
1538 2081 1657 2136 vetares
1683 2075 1806 2135 Latinos
1828 2076 1888 2136 boe

7 2194 10 2251 ς
109 2161 321 2228 ordinatione,
341 2169 373 2220 ot
388 2174 423 2220 er
440 2158 502 2218 iliis
518 2158 621 2218 verbis
638 2156 928 2232 patet‚i.iimotlv.
944 2159 975 2220 l.
1022 2157 1729 2235 vocabuluusos.lienique,nibilprursusin
1755 2156 1890 2236 antiquis
1958 2201 1965 2214 .

108 2245 180 2307 Noli
192 2245 356 2321 neplipera
370 2243 608 2320 proliumquae
620 2240 700 2300 doto
711 2246 757 2300 est
767 2238 825 2300 tibi
835 2256 892 2315 per
901 2257 975 2317 pro·
1023 2240 1137 2320 lagida
1155 2242 1202 2302 bis
1218 2241 1430 2313 sacramentis,
1458 2247 1507 2302 est
1533 2241 1728 2304 mandurium
1754 2240 1889 2302 luthero

106 2328 263 2405 photium.
280 2340 355 2386 cum
367 2324 574 2400 impositione
588 2337 751 2384 manuum
772 2322 975 2403 praeoptarit.
1023 2323 1254 2398 dignissimum.

109 2410 166 2472 ilbi
183 2410 270 2484 iilud,
288 2407 349 2469 Per
360 2406 642 2484 propbetiommon
658 2411 706 2466 est
726 2406 975 2478 instrumentum,
1065 2403 1208 2482 igiturex
1225 2403 1423 2482 pantiilaibus
1438 2403 1639 2466 innocentius
1655 2405 1679 2465 l.
1696 2403 1726 2465 in
1741 2405 1888 2483 epistttt.

108 2494 163 2554 sed
180 2509 288 2552 caussa
312 2489 477 2565 impellens
501 2496 531 2548 et
556 2503 711 2549 movens:
739 2487 978 2549 instrumentum
1023 2488 1059 2549 ad
1074 2489 1275 2550 Alexandrum
1288 2487 1468 2550 Antiochiae
1480 2489 1662 2564 episcopum
1675 2503 1743 2566 eap.
1758 2487 1891 2548 altmon-

108 2583 210 2636 ouiern
226 2572 431 2635 conierendae
447 2571 562 2650 gratiae
579 2575 626 2630 est
640 2568 729 2630 iliud:
747 2568 826 2632 Com
844 2571 977 2647 imposi·
1024 2571 1081 2632 lert
1092 2569 1323 2634 ordinationem
1338 2585 1407 2631 eum
1421 2569 1626 2646 Baptismmac
1642 2569 1716 2631 dicit
1730 2571 1768 2631 ab
1786 2570 1893 2632 baere-

109 2660 196 2719 tiono
211 2671 383 2718 mannaim.
400 2656 517 2715 Sensus
532 2653 614 2714 enim
640 2658 700 2721 est,
718 2657 750 2714 ui
775 2659 858 2712 reete
885 2653 977 2714 etiarn
1023 2653 1093 2714 ticis
1108 2653 1275 2730 baptizatos
1291 2653 1387 2729 recipi
1404 2669 1473 2714 cum
1500 2668 1557 2714 sau
1583 2653 1749 2731 baptismo,
1774 2653 1829 2714 sed
1852 2653 1890 2714 ab

112 2741 255 2802 Calvinus
282 2737 425 2814 exponit3
449 2735 515 2797 Noli
543 2736 703 2813 negligere
728 2735 854 2811 gratiam
880 2729 997 2803 ittam,
1024 2735 1187 2796 itaeraticis
1202 2737 1369 2807 ordinatae,
1387 2751 1447 2797 uon
1464 2735 1560 2811 recipi
1578 2751 1647 2796 oum
1663 2734 1894 2803 suuordine,et

8 2814 9 2833 ³
110 2839 189 2900 quae
206 2822 259 2881 tibi
275 2821 342 2880 data
358 2826 417 2890 cst,
433 2819 557 2895 quando
572 2818 740 2894 episeopus
755 2835 770 2876 a
788 2833 836 2877 rna
856 2817 977 2876 ordina·
1023 2832 1163 2878 caussam
1179 2818 1293 2890 reddit,
1311 2821 1381 2895 quia
1409 2817 1556 2879 baeretici
1578 2813 1679 2878 saltim
1707 2817 1895 2894 baptismum

8 2900 10 2973 ἶ
113 2903 322 2982 inseminata
339 2901 555 2962 revelationem
572 2901 611 2960 de
626 2907 656 2960 to
672 2900 745 2959 mibi
762 2898 867 2959 irratam
881 2900 977 2973 (betis
1023 2900 1095 2959 dare
1112 2901 1341 2978 permittuntur.
1358 2899 1400 2960 iit
1416 2901 1581 2961 collatione
1604 2916 1673 2960 oum
1700 2908 1892 2962 sacramento

115 2987 198 3048 enim
215 2985 402 3047 revelaverat
415 2983 508 3043 Paulo
536 2990 566 3044 et
579 2983 763 3059 jusserat,ut
784 2981 977 3043 'iitnotbeutn
1024 2984 1147 3058 proprie
1163 2983 1256 3056 dicto,
1269 2983 1382 3042 indicat
1397 2998 1432 3042 se
1449 2983 1595 3042 babuisse
1608 2982 1838 3044 ordinationem
1851 2991 1895 3044 et·

7 3052 11 3095 ³
113 3071 281 3136 ordinaret,
299 3066 328 3127 id
345 3064 530 3144 quodetiam
548 3064 677 3125 inibatur
693 3064 722 3124 iu
741 3063 838 3140 primo
863 3064 976 3146 eapite)
1023 3065 1081 3126 iam
1100 3077 1154 3138 pru
1170 3070 1363 3126 sacramento
1380 3064 1503 3142 proprie
1519 3064 1612 3124 (lictu.

8 3169 9 3176 ¹
94 3154 286 3214 seeundum
303 3150 524 3229 praecedentes
540 3148 570 3208 in
587 3155 616 3208 te
631 3146 909 3225 prophetias.Qtrtvtl
925 3168 977 3209 au·
1065 3147 1119 3209 Ubi
1140 3155 1239 3210 tanren
1256 3147 1490 3210 Observandum
1508 3154 1632 3213 estnon
1652 3146 1729 3208 velie
1745 3146 1895 3210 innoeen-

112 3242 174 3296 tem
191 3236 426 3295 instrumentum
443 3232 558 3307 gratiae
572 3230 789 3295 conterendae,
811 3229 901 3289 luerit
924 3232 977 3289 im·
1023 3231 1099 3291 tium
1119 3232 1433 3293 iterumordinandos
1449 3246 1532 3303 esse,
1550 3246 1628 3308 quos
1652 3230 1798 3291 baeretici
1815 3232 1895 3292 ordi·

112 3319 226 3396 positio
244 3330 399 3386 manuum,
418 3313 548 3375 babetur
563 3312 664 3373 adiruc
679 3312 803 3385 elarius,
820 3312 851 3372 2.
863 3311 978 3374 limi.
1025 3319 1179 3386 naverunt,
1199 3314 1255 3375 sed
1272 3315 1372 3375 solum
1388 3328 1513 3375 cessare
1529 3314 1644 3375 debere
1659 3313 1697 3375 ab
1713 3314 1894 3376 executione

111 3400 384 3467 antecedentem
407 3397 577 3458 resuscites
600 3396 755 3471 pretinm,
781 3410 866 3471 quae
890 3395 928 3456 in
948 3401 978 3458 te
1024 3393 1186 3469 liminum,
1203 3413 1238 3457 ao
1254 3397 1279 3455 si
1297 3397 1427 3456 ordinati
1446 3410 1505 3456 non
1524 3400 1641 3457 essent.
1704 3462 1709 3477 ,

115 3489 173 3554 ost,
187 3498 248 3561 per
258 3480 500 3559 impositionem
514 3494 676 3539 maneum
689 3492 848 3538 mearum.
866 3476 940 3537 Cum
956 3480 979 3538 i·
1064 3476 1125 3538 Leo
1138 3476 1537 3556 l.episl.8i.adliiosoorum
1547 3476 1778 3541 alexandrinum
1790 3478 1894 3556 capi.

112 3569 195 3642 gitur
210 3567 304 3642 gratia
321 3564 360 3625 sit
375 3563 496 3640 alligata
511 3560 707 3622 Ordinationi
723 3576 778 3638 per
793 3575 904 3620 tutinus
920 3562 975 3621 im·
1025 3558 1255 3623 Ordinationem
1271 3567 1497 3621 sacramentum
1515 3565 1611 3633 vuoat,
1630 3567 1659 3621 et
1670 3558 1760 3638 jubel
1781 3578 1796 3621 a
1811 3562 1892 3639 jeju·

114 3649 313 3726 positionem,
330 3660 462 3707 neeesse
491 3650 539 3704 est
565 3645 660 3705 beatu
687 3659 758 3705 esse
779 3649 935 3719 auctorem
950 3649 981 3705 et
1024 3643 1073 3703 nis
1089 3642 1151 3703 dari
1168 3649 1199 3703 et
1214 3644 1312 3719 accipi
1330 3688 1338 3715 ,
1356 3649 1387 3703 et
1407 3642 1507 3703 sulum
1525 3642 1556 3702 in
1584 3658 1710 3721 vespera
1738 3643 1890 3715 sabbathi,

112 3732 319 3793 institutorem
331 3728 415 3789 iliius
426 3727 649 3787 caeremoniae.
1021 3724 1116 3802 idque
1132 3742 1250 3786 summa
1267 3740 1336 3786 cunt
1352 3725 1527 3786 devotione:
1545 3723 1596 3784 ubi
1612 3731 1717 3801 aperte
1734 3725 1847 3787 indicat
1859 3728 1890 3787 in

155 3812 258 3891 Neque
274 3816 454 3891 argumenta
469 3808 616 3875 llemnitii
631 3812 735 3869 contra
751 3807 839 3869 allata
855 3808 979 3869 conclu·
1024 3822 1061 3867 eu
1076 3814 1269 3869 sacramento
1285 3806 1410 3885 gratiam
1427 3806 1571 3868 content.
1590 3806 1625 3866 lli
1640 3806 1787 3883 epist.8l.
1805 3809 1841 3867 ad
1858 3824 1888 3869 e·

113 3897 202 3956 dunt.
220 3894 368 3963 Dominus
395 3892 489 3964 enim,
516 3896 568 3969 qui
594 3889 808 3954 moramentis.
835 3892 978 3968 alligatus
1026 3890 1172 3967 piseopns
1188 3890 1387 3952 llauritaniae
1413 3906 1482 3965 rap.
1511 3889 1540 3949 i.
1558 3889 1596 3951 de
1622 3888 1821 3950 ordinatione
1846 3892 1890 3951 lu·

113 3994 177 4039 non
194 3984 269 4047 erat,
296 3982 414 4053 poterat
430 3970 587 4051 'apostulis
612 3974 685 4033 dare
711 3968 853 4034 effectum
878 3990 978 4034 saera·
1027 3988 1139 4051 quens.
1159 3970 1245 4049 Quis,
1264 3972 1374 4049 inquit,
1392 3972 1600 4033 dissimulare
1620 3973 1844 4047 etcdeat,ouod
1858 3975 1895 4035 in

113 4060 210 4122 menti
226 4060 293 4122 sine
309 4063 512 4129 sacramenta,
529 4055 621 4127 idest,
649 4057 791 4117 ordinare
819 4056 978 4134 presbyte-
1028 4055 1111 4117 tanti
1120 4059 1319 4118 sacramenti
1332 4060 1539 4133 perpetratur
1559 4053 1742 4131 injenium?
1757 4054 1850 4128 uasti,
1861 4057 1895 4116 ii·

8 4189 9 4200 .
113 4161 168 4205 rus
184 4151 213 4205 et
228 4142 393 4220 episcopos
408 4142 476 4202 sine
492 4155 601 4200 manus
624 4136 832 4215 impositione;
860 4138 939 4199 sicot
951 4154 984 4199 e·
1027 4139 1068 4199 le.
1084 4136 1180 4199 Audis
1196 4139 1247 4199 bio
1263 4154 1374 4200 numen
1388 4136 1589 4199 sacramenti?

116 4227 229 4286 osdem
243 4224 401 4302 apostolos
415 4222 484 4284 sine
509 4227 704 4282 sacramento
729 4219 930 4293 confirmarit,
953 4228 983 4282 et
1069 4219 1245 4283 Anastasius
1261 4218 1300 4282 ll.
1317 4221 1347 4282 in
1364 4220 1457 4298 epist.
1473 4221 1509 4281 ad
1526 4216 1718 4283 anastasium
1733 4217 1896 4296 imperato·

113 4308 328 4386 llagdalenam
344 4306 414 4366 sine
429 4309 620 4366 sacramento
635 4302 776 4364 absolvit.
1012 4317 1093 4367 ,rem
1111 4320 1178 4380 rap.
1197 4303 1227 4364 i.
1244 4302 1386 4367 Nullum.
1402 4302 1511 4381 inquit.
1529 4302 1569 4365 de
1584 4300 1645 4371 itis,
1672 4317 1752 4379 quos
1777 4302 1827 4363 oei
1842 4302 1897 4364 ba·

161 4392 244 4451 adde
260 4388 342 4468 quud
360 4403 462 4465 neque
488 4385 626 4463 cogimur
651 4384 790 4455 credere,
818 4385 981 4448 Dominam
1028 4385 1163 4463 ptizaoit
1176 4387 1320 4455 Aeacius,
1337 4386 1388 4448 acl
1402 4401 1481 4464 quos
1496 4386 1690 4460 sacerdotes·
1704 4386 1770 4447 aioe
1787 4386 1897 4447 levitas

113 4475 185 4533 sine
213 4472 411 4550 impositione
440 4484 549 4530 manus
577 4467 806 4529 Ordinatiouem
834 4469 982 4546 apostulis
1028 4470 1210 4530 seeundum
1223 4484 1366 4530 cananea
1380 4468 1628 4531 ordinauiiatiia
1641 4482 1694 4528 eos
1709 4484 1751 4531 em
1764 4470 1898 4529 nomine

8 4597 9 4602 ι
114 4557 299 4617 contulisse.
316 4552 388 4615 iiam
403 4550 523 4614 etiamsi
539 4551 687 4627 scripturn
704 4566 764 4610 non
781 4557 838 4618 est,
857 4568 912 4626 per
925 4550 980 4611 im·
1030 4551 1140 4612 Aeacii
1151 4553 1257 4629 portio
1270 4552 1423 4613 laesionis
1437 4552 1577 4627 attingit.
1594 4564 1657 4627 qao
1680 4550 1817 4626 forsitan
1838 4568 1898 4629 per

113 4639 301 4716 positionem
318 4650 461 4697 manuum
477 4633 980 4709 ordinatosapestolosaCirristm
1029 4635 1532 4713 iniquumtraditasaoramenti
1547 4634 1776 4710 protermines
1800 4631 1899 4711 flama

8 4731 10 4768 t
115 4729 217 4781 tameo
231 4736 333 4797 nentia
349 4720 496 4795 scriptum
512 4722 560 4775 est
574 4716 771 4775 contrarium:
787 4722 818 4777 et
833 4716 924 4778 multa
938 4716 980 4778 ie·
1028 4717 1192 4779 uideatur.
1210 4716 1265 4779 Ubi
1281 4734 1308 4779 s.
1326 4718 1462 4795 pontiiett
1488 4714 1713 4777 ordinationem
1742 4723 1771 4777 ei
1798 4733 1899 4777 saera·

8 4817 10 4834 ’
115 4804 160 4864 cit
175 4804 324 4865 liominus
340 4818 419 4879 quae
435 4801 549 4876 scripta
562 4814 623 4859 uon
638 4803 721 4860 suni.
1031 4808 1168 4861 mentum
1185 4807 1281 4866 vuoai.
1299 4809 1330 4862 et
1344 4802 1470 4877 gratiam
1498 4798 1642 4859 conterre
1663 4797 1748 4864 dieii,
1777 4806 1807 4860 et
1827 4816 1899 4860 auru

1028 4882 1185 4960 Baptismu
1201 4890 1366 4959 comparat:
1385 4888 1415 4942 et
1431 4882 1512 4941 idem
1529 4881 1640 4957 repetit
1655 4897 1724 4958 oap.
1740 4880 1771 4941 8.

517 5034 522 5042 ,
1073 4966 1214 5045 lienique
1231 4982 1258 5027 s.
1275 4966 1440 5039 Gregorius
1456 4963 1480 5023 l.
1496 4963 1551 5024 lib.
1575 4961 1900 5025 ieommentariorum

454 5084 573 5149 CAPUT
594 5084 638 5147 In
687 5086 690 5091 -
1033 5048 1063 5107 iv
1082 5047 1178 5110 libros
1194 5048 1310 5124 llegum
1326 5064 1394 5124 cap.
1412 5045 1475 5106 iila
1493 5046 1562 5120 ipsu
1577 5044 1663 5106 initio
1675 5045 1713 5105 do
1725 5060 1900 5107 sacramen·

479 5136 484 5146 “
641 5129 651 5146 ’
1035 5137 1065 5190 to
1080 5128 1203 5192 Ordinis
1219 5131 1362 5204 loquens:
1379 5128 1420 5197 ls,
1438 5128 1547 5205 inquit.
1565 5128 1839 5206 quipromonetttr
1850 5128 1901 5191 iro·

464 5216 469 5227 “
1031 5228 1073 5272 ne
1087 5212 1166 5288 soris
1176 5214 1324 5290 rumpitur.
1340 5213 1369 5273 si
1381 5213 1471 5273 irrina
1484 5212 1602 5272 uirtute
1626 5212 1826 5273 recrementi
1849 5228 1903 5274 ro·

162 5312 408 5381 minationem
422 5326 664 5382 ,ammentum
684 5335 749 5382 3332
785 5320 945 5399 probam„
1033 5294 1173 5356 boretttr.
1191 5294 1244 5355 libi
1262 5304 1291 5355 et
1307 5300 1531 5355 sauvamentum
1547 5300 1634 5353 vocat
1649 5300 1680 5357 el
1692 5292 1818 5371 gratiam
1831 5310 1905 5357 eon·

428 5429 471 5475 9oe
491 5414 666 5478 “aditione
752 5368 761 5397 ’
1034 5376 1114 5456 terre
1129 5376 1257 5437 ailirmat
1271 5378 1371 5456 ipsam
1386 5374 1623 5437 ordinationem.

669 5461 698 5496 ‘-
728 5476 732 5484 ·
1074 5458 1116 5519 Ea
1132 5460 1285 5521 consiliis:
1311 5460 1565 5521 chalcedonense
1591 5458 1755 5519 eoneilium
1781 5474 1850 5521 can.
1873 5459 1905 5519 2.

1031 5540 1158 5603 damnat
1173 5558 1238 5611 eos,
1263 5542 1315 5619 oui
1341 5543 1490 5622 pecunias
1516 5555 1572 5617 pro
1596 5540 1788 5602 ordinatione
1810 5542 1909 5604 susci·

158 5620 225 5683 lam
240 5638 313 5685 tero
329 5638 414 5685 more
430 5629 534 5685 nostro
550 5622 684 5701 idipsum
705 5624 986 5689 demonstrabimus
1033 5624 1134 5702 piune
1152 5631 1183 5687 et
1197 5642 1337 5687 caussam
1354 5625 1465 5695 reddit,
1482 5624 1553 5700 quia
1569 5623 1695 5701 gratiam
1710 5622 1764 5685 liei
1777 5624 1822 5686 illi
1836 5640 1909 5703 een·

7 5686 11 5696 ¹
116 5718 157 5765 ert
171 5705 383 5767 ecclesiastica
400 5704 573 5772 traditione.
590 5708 683 5782 idest,
708 5710 892 5773 testimoniis
914 5726 983 5773 san·
1032 5714 1144 5769 senior
1160 5709 1306 5782 rendere,
1324 5723 1403 5787 quae
1419 5712 1520 5768 tamen
1534 5706 1626 5767 vendi
1641 5707 1726 5771 nullo
1742 5706 1835 5769 modo
1858 5724 1910 5785 pa-

114 5792 237 5849 ctorum
253 5787 454 5867 pontiiioium,
472 5790 672 5852 conciliorum
689 5797 718 5853 et
734 5792 866 5865 Petrum.
1035 5795 1095 5853 test
1110 5798 1161 5853 ant
1177 5792 1280 5855 debet.
1312 5791 1396 5854 luem
1413 5790 1506 5853 babet
1522 5788 1562 5851 ll.
1578 5790 1764 5857 bracarense
1785 5805 1855 5853 ean.
1878 5790 1909 5855 t.

197 5888 365 5944 aretinam.
384 5890 442 5946 l'ol.
465 5890 510 5947 tit.
1652 5888 1686 5946 ⁹⁷
