4084 6275
266 363 320 422 lla
823 367 868 424 ud
885 367 1104 426 elcathtlttlo
1124 368 1367 430 ddchlatsmlti

195 496 261 560 nitii
277 497 361 562 aliud
375 515 495 576 sonare,
513 499 594 564 aliud
610 500 796 580 signiticare.
813 501 883 564 daur
899 503 1001 565 dedita
1024 518 1055 564 o·
1101 520 1170 565 men
1186 506 1218 566 in
1233 504 1280 568 eis
1294 505 1355 566 rim
1370 503 1462 569 ullam
1485 507 1589 571 inesse
1614 513 1839 572 sacramentum
1869 502 1966 568 conh-

194 597 267 656 pera
290 581 422 650 obscure
446 583 590 660 loquitur,
613 586 685 662 quia
707 584 795 646 iacile
817 602 878 647 non
902 592 1056 664 paterata
1100 587 1255 650 ciendum.

195 661 380 728 Caluinismo
396 666 631 743 recedere,quin
647 668 678 728 in
694 668 876 730 sententiam
891 670 1057 730 catholico·

195 762 262 806 rum
278 747 407 825 reniret3
424 765 525 826 neque
547 755 664 816 contra.
688 767 703 809 a
728 751 881 812 sententia
907 753 1056 814 calholica

194 829 352 904 recedere,
370 833 445 910 quin
463 833 492 894 ιι
516 830 732 894 Calainismum
755 832 920 896 laberetur.
945 834 1057 896 Deiera
1418 829 1538 894 tator
1559 830 1642 894 llll.

195 920 297 976 autem
314 912 345 974 ιιι
361 911 577 976 Calainismum
604 916 734 988 labitur,
753 916 827 977 lieet
851 918 881 978 in
907 918 999 980 modo
1014 919 1058 979 io·
1639 967 1642 971 ›

193 995 310 1072 quendi
326 995 364 1057 ab
380 1012 417 1058 eo
432 997 641 1060 alienissimus
657 1000 805 1060 videatur.

235 1076 308 1139 Cum
325 1076 417 1158 igitur
430 1079 515 1154 dicit,
532 1095 569 1142 ιι
581 1081 714 1160 saepius
738 1083 870 1160 repetit,
896 1097 953 1162 per
967 1083 1059 1146 acrba

191 1162 422 1223 sacramentalia
452 1179 561 1242 panem
577 1162 642 1225 lteri
657 1180 795 1244 corpus,
818 1170 849 1225 et
875 1166 976 1227 vinnm
993 1165 1060 1228 lieri
1848 1243 1854 1256 ‚
1881 1243 1887 1255 Ι

190 1243 448 1320 sanguinemncn
464 1245 545 1307 idem
558 1245 685 1308 alitrmat
700 1246 781 1326 qnod
792 1245 947 1310 similibus
957 1247 1060 1311 rerbis
1144 1242 1277 1306 Primum
1292 1243 1384 1322 igitur
1398 1244 1428 1306 id
1443 1245 1589 1324 probatur
1601 1245 1744 1338 oremale
1768 1242 1902 1312 Domina.
1929 1248 1962 1305 el

190 1326 332 1388 catholici
348 1327 547 1390 solentllam
563 1345 619 1392 nos
640 1329 782 1392 catholici
810 1331 941 1393 dicimus
966 1332 1058 1394 rerba
1102 1329 1323 1404 apostolorum.
1338 1325 1411 1389 llam
1438 1334 1470 1388 ιι
1497 1327 1705 1405 evangetrstae
1729 1325 1863 1390 releruat
1888 1327 1962 1388 llat-

189 1410 421 1472 sacramentalia
439 1426 475 1472 cx
490 1412 590 1472 divina
607 1412 797 1475 institutione
824 1428 893 1474 csse
917 1429 985 1476 reru
1010 1416 1056 1476 in·
1103 1410 1213 1472 thaeus
1227 1427 1297 1489 cap·
1313 1408 1365 1471 ιθ.
1381 1409 1501 1472 litteus
1518 1409 1567 1471 Η·
1583 1409 1791 1472 01111102822·
1807 1409 1962 1475 ιῑΡιιιΙιιῦ

189 1497 356 1554 strumenta
373 1493 627 1568 corrsecrationis,
644 1495 683 1556 ila
699 1502 732 1556 ul
748 1497 806 1556 vim
824 1495 958 1560 babeant
980 1501 1055 1558 lam·
1103 1495 1132 1554 l.
1149 1491 1285 1556 dariam.
1303 1493 1353 1554 ll.
1382 1491 1532 1556 Dominus
1555 1508 1626 1554 cum
1649 1500 1877 1587 sacramentum
1900 1494 1962 1586 boc

192 1589 282 1647 guam
300 1575 499 1638 instrumenta
516 1575 785 1648 Dei,conrerlendi
802 1593 912 1658 panem
935 1579 966 1640 ia
988 1595 1057 1641 cor·
1100 1576 1244 1650 instituit,
1260 1582 1291 1637 et
1304 1577 1422 1654 primus
1437 1575 1580 1646 coniecit,
1597 1591 1661 1636 non
1674 1575 1774 1638 solum
1791 1590 1852 1638 non
1864 1582 1963 1654 Jussrt

188 1671 248 1732 pus
264 1656 394 1728 Domini,
412 1665 442 1720 et
456 1659 559 1720 alnum
577 1661 607 1720 in
619 1662 802 1738 sarrgoinem
816 1661 983 1732 Domini,et
995 1661 1055 1724 boc
1099 1658 1161 1736 legi
1175 1658 1336 1738 epistolam
1350 1659 1388 1720 ad
1403 1657 1587 1730 Corinthios,
1603 1673 1685 1735 onae
1699 1658 1838 1720 nondum
1861 1666 1961 1720 exsta-

190 1737 234 1798 illi
252 1736 345 1817 impie
361 1747 392 1804 ιι
407 1741 587 1820 blaspheme
601 1743 732 1822 ‘magiam
763 1753 794 1805 ιι
814 1743 1053 1806 incantationem
1099 1743 1161 1812 bat,
1177 1744 1232 1804 sed
1249 1756 1309 1803 nee
1323 1741 1417 1802 ullam
1432 1741 1521 1804 aliam
1537 1743 1713 1812 lectionem,
1737 1755 1840 1835 oeque
1865 1741 1962 1802 ullam

186 1831 307 1898 accone
324 1823 392 1901 ipse
408 1830 507 1886 antem
526 1827 588 1888 vult
603 1827 693 1888 rerba
710 1843 780 1889 esse
796 1825 945 1898 ιιιιιιιιι,
963 1832 995 1888 ιι
1008 1827 1054 1888 in·
1098 1825 1206 1886 babuit
1220 1825 1415 1887 concionem.
1431 1823 1498 1886 Pari
1514 1825 1633 1891 reione
1646 1823 1779 1902 apostolr
1795 1831 1964 1900 antequam

189 1909 358 1973 stramenta
375 1905 506 1980 Dei,ncn
519 1909 555 1969 ad
570 1908 739 1971 laniandam
753 1909 986 1971 conversionem
1001 1927 1053 1988 pa·
1097 1909 1307 1969 scriberentur
1322 1907 1478 1984 evangelia
1494 1914 1525 1968 ct
1539 1907 1781 1984 epistolae,nibit
1803 1906 1960 1979 legebam,

189 1986 237 2046 nis
253 1989 283 2049 in
296 2005 431 2061 carnem,
449 1991 504 2052 sed
526 1992 563 2054 ad
587 1991 820 2072 significandam
843 1993 1047 2071 praesentiam
1099 1990 1157 2051 nisi
1174 1993 1251 2052 torte
1267 1990 1415 2066 psalmos,
1431 1991 1480 2051 rel
1495 1996 1570 2052 ιιι.
1585 1989 1752 2067 Gregorius
1767 1989 1876 2050 scribit
1901 1990 1959 2050 lib.

187 2072 325 2150 corporis
342 2071 452 2134 Christi
469 2091 537 2134 curn
555 2091 646 2152 pane.
664 2077 735 2137 llam
758 2076 839 2155 quod
866 2074 925 2137 boc
947 2077 1048 2137 solum
1095 2072 1124 2133 l.
1140 2072 1232 2150 epist.
1248 2072 1301 2136 tls.
1316 2073 1414 2134 solam
1429 2073 1599 2135 orationem
1615 2073 1802 2134 dominicam
1817 2072 1855 2132 ad
1877 2087 1960 2165 con·

186 2150 297 2214 tribuat
312 2155 413 2217 verbis
425 2158 914 2237 saeramentalibos,perspicuum
927 2166 975 2220 est
986 2157 1050 2220 Pri·
1094 2157 1298 2218 sectationem
1313 2155 1479 2218 addebant.
1495 2155 1599 2234 deque
1614 2155 1647 2218 b.
1660 2155 1772 2218 Paulus
1784 2155 1959 2248 lhorrntlr.

187 2238 323 2312 aloquin
340 2237 400 2315 ipsi
417 2255 477 2299 non
494 2240 623 2302 eredunt
638 2243 746 2303 mutari
763 2257 872 2320 panem
890 2242 920 2302 in
936 2257 1050 2320 corpus
1096 2239 1147 2300 ll.
1160 2237 1261 2317 jubet,
1278 2238 1399 2301 utillud
1416 2245 1519 2318 capnt:
1535 2239 1684 2331 aulaliud
1699 2238 1853 2332 ejusmcdr
1869 2240 1960 2298 deiu-

185 2315 396 2398 Dominiaergo
412 2337 473 2382 non
491 2321 628 2384 tribuunt
641 2325 743 2386 verbis
758 2323 923 2386 efficaciam
947 2339 1049 2388 aeram
1095 2337 1170 2398 ceps
1187 2321 1314 2399 legatur.
1332 2321 1493 2383 Praeterea
1509 2321 1658 2382 Dominus
1680 2320 1773 2384 rerba
1799 2321 1864 2417 alula:
1889 2319 1959 2382 Hoc

185 2403 321 2473 mutandi
339 2419 449 2480 panem
465 2403 496 2465 in
512 2421 625 2484 corpus
641 2405 774 2469 Domini.
798 2407 953 2481 Secundo,
977 2423 1049 2468 sen·
1095 2411 1140 2466 est
1153 2419 1270 2481 corpas
1283 2409 1447 2475 meamet.
1463 2403 1521 2466 liic
1535 2410 1581 2466 cst
1595 2403 1687 2466 cotie
1705 2418 1959 2482 congeramaon

186 2483 263 2544 liant
279 2484 338 2561 ipsi
355 2485 508 2564 (utsupra
525 2491 730 2567 ostendimus)
746 2505 858 2569 corpus
874 2488 984 2552 Christi
1000 2505 1049 2552 es·
1096 2487 1242 2548 historice
1259 2487 1407 2560 rosilaria,
1424 2488 1480 2549 scd
1496 2484 1710 2565 signiticalire,
1728 2493 1762 2580 ιι
1775 2493 1880 2580 nolum
1897 2495 1958 2547 est.

184 2581 218 2625 sc
233 2567 447 2647 ubiqomergo
464 2571 554 2632 rerba
572 2588 632 2634 non
651 2573 775 2645 iaciunt,
793 2571 1048 2650 utcorpusGlrri·
1095 2569 1277 2633 calvinistae
1293 2569 1395 2648 igitur.
1412 2572 1463 2646 oni
1480 2569 1530 2630 itta
1548 2569 1639 2632 rerba
1657 2570 1962 2634 historrccrecrtam,

182 2647 219 2708 sti
236 2648 362 2728 incipiat
376 2666 448 2714 csse
464 2668 626 2730 praesens.
644 2654 757 2730 l'erlio,
773 2656 909 2717 loannes
932 2655 1050 2718 Brenti-
1094 2661 1125 2713 et
1147 2658 1297 2730 tamquam
1324 2652 1490 2714 essentiam
1513 2653 1711 2724 mortimenti,
1736 2652 1901 2715 lectionem
1928 2659 1962 2712 et

184 2746 230 2796 ns.
248 2749 263 2790 ι
279 2749 341 2810 quo
356 2733 388 2797 in
405 2734 462 2796 bac
478 2750 511 2796 re
528 2753 589 2800 non
605 2737 750 2801 dissentit
764 2739 935 2806 liemnitus,
959 2755 1048 2816 aper·
1094 2736 1277 2798 concionem
1293 2736 1452 2807 adhibent,
1470 2750 1530 2796 non
1547 2741 1719 2812 sequnntur
1736 2734 1856 2796 Domini
1869 2736 1957 2794 iusti·

187 2819 216 2873 tc
232 2815 333 2888 docet,
351 2816 443 2880 rerba
461 2821 704 2883 consecrationis
721 2838 781 2883 non
798 2822 909 2892 iacere,
926 2821 981 2881 sed
997 2838 1050 2883 an·
1096 2820 1254 2890 tutionem,
1271 2819 1326 2880 sed
1342 2817 1453 2896 capitis
1466 2819 1515 2879 sui
1530 2821 1648 2880 somnio
1663 2826 1695 2879 et
1708 2816 1871 2910 figmenta..

181 2898 329 2961 nunciare
344 2900 445 2961 solum
460 2904 666 2980 praesentiam
683 2904 822 2982 corporis
838 2901 961 2966 Christi.
976 2903 1047 2966 itam
1134 2901 1176 2962 lix
1191 2902 1302 2963 eodem
1315 2901 1437 2963 Domini
1452 2901 1640 2978 exemplam
1653 2900 1760 2963 Graeci
1774 2899 1874 2993 reielh
1887 2915 1962 2993 pos-

182 2977 212 3038 in
237 2979 317 3044 libro
340 2988 447 3044 contra
469 2983 635 3047 Henricum
657 2984 890 3065 bullingerum,
922 2985 975 3066 qui
1002 2987 1050 3048 ln·
1093 2991 1177 3046 sont.
1194 2983 1343 3046 Dominus
1357 2985 1441 3046 enirn
1458 3000 1516 3047 nee
1530 2984 1616 3056 dixit,
1636 2999 1694 3044 nee
1708 2983 1769 3044 dici
1782 2983 1962 3078 gussitrlla's

178 3062 324 3125 scribitur
345 3063 536 3145 Recognilio,
559 3065 613 3130 illo
636 3074 816 3149 argomento
831 3067 942 3149 probat
957 3085 1047 3147 opor·
1093 3083 1216 3141 preces:
1230 3066 1306 3130 Fiet
1318 3067 1372 3130 hic
1384 3067 1482 3146 porris
1497 3079 1615 3147 corpas
1631 3065 1759 3139 Christi,
1776 3071 1806 3126 et
1822 3064 1885 3161 ιιιι
1909 3083 1962 3128 oa·

180 3150 245 3207 tere
261 3146 454 3211 lutheranus
471 3150 599 3214 credere
614 3150 820 3232 llbiquitatem
836 3154 975 3231 corporis
990 3154 1047 3216 Do·
1089 3166 1173 3213 reum
1185 3152 1320 3229 scepeie
1337 3152 1466 3226 Christi:
1481 3150 1678 3227 sindonibus
1694 3166 1754 3211 non
1780 3155 1962 3244 errstrmant

181 3227 266 3301 mini,
284 3230 355 3308 uaria
372 3231 488 3309 aliooul
505 3248 567 3295 non
585 3238 861 3313 possent-probare
876 3237 1046 3313 praesenti·
1091 3233 1151 3311 ipsi
1167 3242 1392 3297 sacramentum
1407 3236 1466 3297 rite
1481 3232 1593 3296 crundel
1607 3232 1788 3312 possedam
1804 3248 1830 3295 sr
1848 3249 1884 3294 ea
1897 3232 1954 3327 Do·

178 3324 227 3371 am
243 3313 383 3390 corporis
397 3312 532 3391 Domini,
551 3318 611 3380 nisi
628 3334 683 3395 per
700 3318 867 3381 cillaraciam
884 3332 1046 3381 conseera-
1089 3316 1193 3379 minus
1208 3316 1406 3387 dixissetaut
1419 3316 1482 3380 dici
1494 3316 1654 3387 iussisset,
1673 3316 1702 3377 id
1718 3316 1909 3377 haberemus
1926 3330 1960 3376 ιιι

176 3391 269 3455 tionis
285 3393 469 3475 Papistica03
485 3403 578 3479 alque
597 3400 635 3461 ιιι
652 3407 839 3478 cogerentur
863 3402 963 3471 lateri,
980 3418 1047 3464 rer·
1091 3397 1258 3476 Scriptura,
1275 3401 1322 3461 rel
1338 3400 1369 3462 in
1386 3400 1559 3463 traditione.
1584 3398 1619 3460 ln
1635 3397 1790 3476 Scriptura
1817 3414 1879 3459 non
1904 3398 1960 3492 lna·

175 3476 213 3534 bn
243 3474 365 3539 Domini
397 3494 459 3541 non
484 3484 587 3543 solum
617 3486 808 3547 annunciare
836 3482 1044 3560 praesentiam
1089 3479 1211 3556 bemus:
1228 3482 1329 3544 solum
1344 3484 1426 3545 enim
1443 3480 1650 3562 euangelistae
1675 3481 1824 3551 reieruot,
1844 3480 1958 3574 'Doma-

178 3561 316 3635 corporis
332 3558 466 3633 Domini,
483 3563 539 3626 sod
555 3563 647 3629 etium
659 3564 771 3629 iacere.
784 3566 939 3640 (luerimsi
951 3566 1044 3629 llem-
1090 3580 1164 3626 num
1180 3566 1283 3645 egisse
1299 3572 1412 3644 gratias
1426 3566 1518 3633 Patri,
1536 3570 1568 3627 ιι
1583 3580 1694 3643 panem
1707 3564 1909 3627 benedixrssc
1920 3582 1959 3624 ac

179 3640 273 3701 nitius
296 3658 397 3705 reram
420 3643 589 3709 eliicaciam
612 3650 749 3712 mutandi
771 3648 1044 3728 substantiampa·
1089 3647 1216 3710 dixisse:
1247 3648 1397 3727 Accipite,
1425 3650 1637 3715 ιιιιιιιιιιιιι.
1665 3646 1731 3709 lloc
1760 3652 1808 3741 est
1837 3663 1960 3726 eorptts

179 3723 227 3783 nis
251 3724 400 3788 tribueret
422 3728 524 3791 verbis
546 3732 834 3804 sacramentalibus,
857 3731 926 3793 sine
948 3732 1044 3794 dubio
1088 3746 1198 3793 meum
1213 3737 1270 3793 etc.
1287 3733 1402 3809 quibus
1416 3734 1519 3795 verbis
1533 3730 1682 3793 Dominus
1702 3736 1816 3808 grattas
1841 3732 1955 3809 egerit,

178 3821 239 3867 non
257 3808 407 3886 objiceret
423 3812 512 3873 nobis
528 3813 677 3891 magicam
694 3816 932 3879 incantationem
950 3860 958 3887 ,
984 3816 1044 3877 nisi
1090 3831 1150 3874 non
1167 3821 1298 3876 constat.
1324 3814 1386 3883 Nee
1400 3820 1533 3895 possunt
1562 3813 1669 3875 Graeci
1685 3812 1737 3875 itia
1762 3830 1818 3875 sua
1845 3813 1955 3875 rerba:

178 3888 268 3949 etiam
295 3890 358 3953 sibi
384 3908 450 3955 eam
480 3910 675 3959 communem
706 3914 777 3961 esse
806 3899 909 3961 vellet.
929 3896 1045 3970 Quinto
1088 3896 1682 3976 Fiothicpoaeiseorparrdhriatitue'
1707 3902 1766 3959 etc.
1792 3894 1960 3958 includere

179 3971 342 4050 (lenique,
377 3975 445 4053 ipse
475 3978 590 4039 ibidem
616 3979 791 4042 llemnitius
818 3998 887 4044 cum
910 3980 1046 4059 explicat
1090 3980 1121 4039 in
1140 3980 1500 4061 illisrerbiscraugelii3
1518 3978 1773 4057 drmtcscperes.
1791 3981 1958 4043 nonenim

177 4057 333 4128 quomodo
360 4074 415 4133 per
444 4060 533 4121 rerba
563 4061 614 4123 illa
641 4066 729 4141 panis
751 4064 802 4125 tint
824 4080 936 4140 corpus
959 4061 1044 4123 Clari·
1088 4062 1145 4122 ista
1162 4063 1253 4124 rerba
1267 4066 1519 4142 suntgratiarum
1539 4060 1683 4129 aetionis.
1709 4061 1768 4124 sed
1792 4064 1957 4141 petitionis

177 4137 229 4207 sti,
248 4138 323 4199 nibil
340 4140 424 4201 alind
441 4141 526 4209 dicit.
545 4144 604 4205 nisi
619 4160 679 4207 nos
694 4155 794 4208 certos
812 4147 898 4208 reddi
926 4160 981 4221 per
1006 4160 1042 4206 ea
1088 4146 1260 4221 cujusdam.
1277 4144 1585 4223 benedictionalem,
1600 4150 1653 4206 ιιι
1667 4143 1729 4206 ιΙΙιι
1751 4143 1851 4206 serbis
1878 4144 1959 4207 laeta

180 4222 285 4289 ιιιιιι,
304 4222 449 4299 distribui
466 4225 497 4285 in
513 4242 610 4288 coena
627 4227 748 4291 Domini
763 4246 867 4292 reram
884 4243 997 4307 corpus
1010 4234 1042 4288 et
1088 4236 1147 4288 est:
1165 4228 1229 4289 lloc
1245 4235 1291 4291 est
1311 4244 1428 4308 coaptes
1454 4244 1587 4301 ιιιιιιιι,
1610 4234 1653 4300 ιι,
1668 4226 1727 4289 llic
1750 4230 1960 4305 eet-anagrate

176 4305 361 4379 sanguinem
379 4303 503 4369 Christi:
521 4324 594 4391 ergo
610 4326 646 4372 ιι
662 4311 730 4391 ejus
745 4314 896 4375 sententia
913 4326 967 4387 pcr
979 4326 1044 4371 aer·
1087 4326 1191 4375 mette.
1207 4318 1240 4371 ιι
1254 4311 1461 4375 catechismus
1476 4326 1622 4374 romanus
1648 4317 1680 4371 et
1706 4310 1840 4387 theologi
1869 4324 1956 4372 com·

179 4384 214 4447 ba
233 4387 323 4463 panis
338 4386 371 4447 ιιι
387 4404 513 4467 corpus,
533 4394 601 4469 onia
618 4394 809 4473 significatur
833 4402 863 4458 el
878 4394 1044 4455 annuncia·
1089 4395 1213 4457 monins
1228 4394 1354 4470 docent:
1369 4402 1422 4457 aut
1436 4402 1521 4457 certe
1536 4396 1567 4457 in
1583 4394 1745 4472 evangelio
1768 4406 1829 4453 nort
1858 4394 1958 4455 habe·

177 4475 226 4527 tur
242 4471 422 4545 praesentia·
434 4478 574 4552 corporis
590 4475 723 4553 Domini,
741 4485 772 4540 ul
787 4479 838 4541 alii
857 4475 971 4540 clarius
997 4476 1043 4537 di·
1089 4477 1263 4554 torquibus
1277 4478 1381 4539 serbis
1396 4479 1542 4540 Dominus
1556 4476 1762 4539 benedixerit:
1779 4474 1886 4539 nullus
1909 4485 1955 4538 et·

176 4558 297 4616 xerunt.
1088 4560 1159 4620 liam
1175 4567 1312 4621 aeterum
1328 4560 1449 4623 tradidit
1463 4560 1626 4625 Dominum
1648 4574 1741 4621 usum
1765 4556 1865 4620 luisse
1891 4560 1957 4621 illis

90 4638 95 4648 ’
216 4632 295 4695 ilinc
311 4634 476 4710 habemns,
498 4638 687 4702 llemnitium
710 4643 812 4705 verbis
837 4642 963 4720 quidem
988 4640 1041 4703 ad·
1087 4643 1202 4705 serbis:
1217 4641 1359 4705 Ficthic
1377 4645 1476 4723 ponte
1499 4658 1616 4722 corpere
1643 4640 1761 4705 Christi
1783 4646 1844 4703 ete.
1872 4642 1955 4720 Ergo

174 4715 295 4777 mittere
311 4722 404 4781 acrba
428 4718 549 4784 Domini
578 4740 649 4785 esse
676 4725 912 4793 consecratoria.
939 4724 1041 4803 reipsa
1087 4728 1424 4804 neooeexb'criptara.
1447 4742 1550 4806 neque
1570 4742 1612 4787 ex
1637 4725 1801 4787 traditione
1814 4724 1954 4818 ¹probari

174 4803 275 4859 autem
304 4818 365 4863 nora
391 4820 561 4881 agnoscere
588 4806 680 4868 ullam
707 4824 807 4871 reram
836 4808 1041 4871 consecratio·
1088 4816 1201 4887 potest,
1217 4808 1351 4871 Graecos
1367 4810 1397 4872 id
1413 4810 1515 4873 lacere
1529 4810 1613 4888 qnod
1629 4806 1779 4870 Dominus
1794 4806 1949 4875 merhout

173 4896 258 4955 nem,
275 4886 330 4945 sed
348 4886 445 4947 solam
463 4888 696 4951 instructionem
711 4890 797 4967 ildei;
820 4906 899 4969 quae
914 4895 1039 4953 senten·
1087 4891 1151 4955 lleri
1165 4893 1272 4971 jussit.
1787 4971 1792 4983 ¹

171 4965 210 5022 tia
228 4964 356 5027 relutata
373 4974 422 5029 est
441 4968 471 5030 in
488 4970 577 5032 libris
593 4972 634 5035 de
648 4974 849 5037 sacramentis
863 4974 893 5034 in
909 4988 1037 5051 genere.
1124 4976 1229 5049 hedua
1242 4976 1355 5047 obstat,
1368 4972 1456 5052 quod
1467 4973 1498 5035 in
1513 4973 1633 5051 liturgia
1648 4970 1806 5041 slacobr,
1823 4977 1855 5033 ct
1872 4970 1954 5033 alio·

170 5044 231 5108 llos
256 5047 349 5125 igilur
376 5050 435 5111 boe
460 5054 530 5115 loco
556 5054 687 5131 probare
712 5056 902 5126 conabimur,
932 5061 1037 5117 eontra
1085 5076 1151 5121 rum
1167 5058 1287 5118 latrum
1303 5057 1539 5119 habeantorilla
1564 5054 1826 5130 rerbmb‘a'cthie
1849 5055 1956 5131 pecte

172 5126 318 5201 Graecos,
336 5138 365 5195 et
381 5134 458 5193 alios
475 5134 540 5197 siro
556 5136 780 5207 schismaticus,
812 5138 876 5199 siae
905 5136 1038 5200 baereli·
1085 5156 1202 5219 eorpua
1216 5139 1404 5202 ιιιιιιιιιιι.
1419 5137 1494 5203 liam
1508 5138 1697 5209 domomum,
1719 5155 1801 5219 qaae
1818 5140 1849 5199 in
1865 5138 1955 5199 litur-

173 5226 240 5274 cos.
258 5215 349 5275 rerba
366 5214 501 5277 Domini:
519 5218 584 5279 lloc
600 5226 645 5281 est
659 5222 747 5281 eninr
773 5236 890 5299 corpus
914 5235 1035 5288 ιιιιιιιι,
1085 5227 1133 5303 gia
1150 5223 1313 5296 habentur,
1329 5221 1509 5301 deprompta
1523 5228 1597 5284 sunt
1611 5238 1650 5282 ex
1670 5220 1791 5283 Domini
1807 5222 1955 5297 exempla

174 5292 275 5361 etlh'c
291 5304 336 5358 est
349 5300 438 5360 enim
452 5300 544 5362 calab:
557 5302 730 5379 ιιιιιιιιιιι
744 5310 801 5364 etc.
819 5305 1038 5367 etrrecessarlo
1083 5314 1135 5369 ιιι
1150 5311 1328 5385 praecepto:
1343 5313 1464 5367 constat
1477 5306 1562 5367 enim
1577 5304 1670 5365 multa
1699 5320 1771 5366 esse
1792 5303 1895 5367 addita
1910 5304 1954 5364 ab

174 5378 301 5451 requiri,
319 5387 351 5441 et
364 5381 430 5442 sola
446 5380 590 5443 suiiicero
605 5388 642 5443 ad
669 5394 893 5448 sacramentum
921 5386 1037 5449 liceba-
1083 5391 1165 5451 aliis.
1177 5388 1282 5466 ltaque
1297 5387 1427 5466 probare
1442 5388 1593 5455 deberent
1603 5385 1710 5448 Graeci
1733 5386 1838 5467 aliquo
1865 5391 1954 5459 testi·

173 5457 278 5520 ristiae
294 5463 532 5525 coniicierrdnm:
551 5466 679 5542 proinde
695 5468 823 5545 reliqua,
839 5486 919 5547 uuae
940 5470 970 5531 ln
998 5470 1034 5531 li·
1080 5472 1196 5540 monio.
1212 5471 1296 5551 quod
1313 5479 1414 5533 tamen
1430 5486 1492 5533 uon
1506 5476 1649 5550 possunt,
1665 5468 1757 5531 rerba
1772 5466 1824 5531 illa
1838 5466 1955 5531 exDo·

174 5540 292 5618 turgiae
307 5546 428 5606 actione
444 5546 695 5623 pronunciantur,
708 5548 773 5611 sire
787 5550 849 5613 sint
873 5554 1034 5627 lectiones,
1081 5555 1158 5617 mini
1172 5554 1287 5629 rerbls,
1303 5561 1356 5615 aut
1375 5553 1465 5617 lactis
1481 5568 1636 5615 manasse.

176 5623 241 5685 sive
257 5638 378 5699 preces.
395 5630 510 5691 utiliter
530 5629 654 5706 cuidem
681 5632 819 5695 adbiberi
844 5635 882 5697 ad
908 5650 1035 5714 praepa·
1108 5636 1185 5699 lam
1202 5652 1273 5699 acro
1287 5652 1326 5699 ex
1340 5638 1450 5699 eodem
1463 5636 1534 5700 loco
1556 5636 1736 5714 probemus,
1759 5634 1887 5697 termam
1906 5633 1952 5695 la·

175 5706 288 5769 randos
303 5710 422 5773 culmos
438 5712 474 5775 ad
491 5720 549 5773 tam
566 5728 709 5793 magnum
724 5718 979 5796 mystericmmon
992 5725 1034 5778 ta·
1082 5722 1164 5783 tinae
1178 5720 1348 5785 catholicae
1362 5718 1521 5785 Ecclesiae
1548 5736 1587 5784 ιι
1602 5717 1716 5782 Christi
1744 5718 1900 5797 exemplo,
1919 5724 1953 5779 et

1165 1032 1246 1096 Solis
1260 1031 1390 1097 Domini
1402 1033 1506 1098 uerbis
1519 1031 1592 1112 heri
1605 1033 1890 1097 consecrationem.
