4084 6275
242 330 261 389 li
964 317 1152 380 PRAEFATIO

165 458 261 523 rehtu
276 457 396 525 diuinis
408 469 571 536 uramara
584 452 733 525 comhtu,
748 464 845 533 poca,
858 450 941 515 licta
954 466 1025 517 con
1068 453 1254 529 sticarium,
1269 454 1348 519 nihil
1362 453 1427 519 lare
1442 452 1481 515 ab
1507 452 1652 517 oucibus
1680 454 1835 519 communi
1860 470 1936 523 aon·
2033 485 2035 564 ι

160 541 296 621 josseni
308 539 476 621 campori-
493 538 613 611 Contra,
629 536 791 599 hutlrerus:
807 533 910 599 immo
924 550 1021 611 uero,
1068 539 1217 603 censione
1231 544 1402 617 receptura,
1420 536 1476 600 sed
1492 536 1595 599 omnia
1610 538 1816 614 nora‚iucerta
1832 539 1937 602 omnia
2033 567 2034 606 ι

165 626 276 705 inquit,
291 626 397 705 piacet
413 638 479 687 coac
492 622 568 696 istm
580 634 641 683 cac
655 618 743 681 anim
768 614 852 679 Delta
869 618 907 681 ira
920 618 1025 682 accus
1069 635 1168 703 eaque
1182 620 1386 695 brevissimis,
1402 626 1493 699 atque
1507 621 1737 701 cenomannis
1751 621 1866 686 linibus
1877 623 1938 685 cir-

166 706 266 771 litert's
276 722 418 791 ιιιιιιαιιι
431 702 605 781 prohibuit,
621 716 663 763 nc
677 700 839 777 unimodi
858 716 935 763 uoce
955 706 1024 764 ute·
1069 703 1267 782 cumscripla.
1282 702 1358 767 llam
1372 703 1430 767 elsi
1447 703 1602 781 permulti,
1624 721 1660 767 ac
1688 720 1769 783 pene
1793 706 1937 767 incarne·

165 794 330 855 remcaret
342 788 415 871 nuta
427 788 559 853 tundam
573 781 813 857 ea,dorotalodi,
829 788 866 845 ιιι
877 788 906 846 le
918 799 1025 861 potres
1068 786 1185 850 rabiles
1201 786 1261 849 boc
1275 791 1414 866 ternpore
1427 784 1657 867 langelaleqna
1668 794 1846 867 grassantur
1856 787 1939 849 llae-

168 872 317 947 locabat,
330 876 360 935 ct
372 870 466 937 hobia
474 866 657 950 prohibeas,
671 864 1025 949 quoditianocprohi·
1069 868 1154 931 retici
1173 874 1275 933 lamec
1290 869 1321 931 in
1336 875 1380 931 tot
1407 866 1628 930 minutissimas
1655 876 1756 933 sectas
1785 876 1859 933 sunl
1873 870 1938 950 ipsi

166 954 253 1019 buit?
266 956 338 1019 iilcr
349 954 490 1035 ineptior,
507 948 678 1018 anditorasl
692 946 763 1011 Nam
779 946 806 1011 ai
819 964 881 1011 non
906 948 978 1011 licei
993 952 1025 1013 is
1070 951 1172 1025 dirisi,
1189 958 1281 1031 atqua
1296 950 1434 1025 dissecti,
1450 956 1483 1011 ιιι
1498 950 1617 1013 nullum
1642 951 1740 1016 terme
1759 952 1802 1017 sit
1828 967 1939 1015 comm

164 1038 260 1101 rebus
272 1038 382 1101 diuinis
397 1036 445 1097 nis
460 1031 586 1097 sceibus
601 1030 655 1105 uli,
672 1046 748 1109 quas
763 1028 846 1093 Deus
872 1030 903 1093 iu
929 1031 1025 1095 sacris
1069 1034 1193 1111 dogma.
1206 1034 1288 1113 quod
1304 1030 1468 1096 admodum
1483 1030 1543 1093 late
1572 1039 1684 1113 pateat,
1715 1035 1860 1114 quodque
1871 1050 1937 1099 uon

165 1121 264 1183 literis
286 1137 346 1183 nou
361 1117 500 1191 instituit,
517 1114 633 1177 iudicet
648 1113 738 1177 nobis
750 1110 968 1184 Carolaladius,
992 1133 1026 1177 u·
1069 1115 1171 1195 alicua
1185 1122 1266 1179 carta
1282 1116 1409 1197 regione
1423 1112 1596 1178 deliniatur.
1613 1115 1694 1180 Saue
1718 1117 1864 1181 tlartiuus
1877 1115 1942 1181 lle·

166 1202 268 1265 binam
288 1202 398 1283 legerit
412 1201 443 1261 in
456 1198 623 1277 scripturis
638 1194 828 1267 Trinitatem,
845 1196 1025 1271 essentiam,
1071 1198 1200 1262 multius
1215 1198 1246 1261 in
1261 1199 1397 1263 secunda
1413 1206 1498 1277 parta
1513 1199 1663 1261 examinis
1677 1198 1834 1263 tridentini
1865 1214 1940 1263 con·

166 1300 326 1365 personas,
343 1279 512 1363 dpoodoroc,
528 1280 648 1359 aliaque
662 1276 692 1340 id
708 1292 807 1359 genus
825 1324 833 1352 ,
863 1280 942 1357 quae
958 1280 1027 1341 trita
1070 1281 1133 1345 cilii
1150 1282 1189 1345 dc
1203 1282 1389 1344 sacrementi
1405 1286 1523 1353 natura,
1540 1284 1571 1343 ct
1585 1288 1736 1361 potestate
1764 1283 1940 1362 disputans,

167 1374 249 1442 sunt,
266 1375 297 1430 ot
310 1366 495 1447 pervulgata,
512 1378 573 1425 non
602 1359 700 1439 magis
724 1360 806 1438 apud
835 1361 1026 1431 catholicos.
1072 1380 1222 1429 summam
1238 1364 1317 1427 inter
1331 1380 1417 1439 suos,
1434 1362 1527 1438 idest,
1543 1364 1667 1428 lutheri
1682 1370 1826 1443 posteros
1847 1381 1883 1428 ac
1894 1365 1942 1427 di·

165 1467 255 1527 uuam
271 1449 351 1529 apud
366 1449 452 1527 ipsos
468 1444 639 1509 haereticos
654 1440 941 1507 Sacramcnieriosl
955 1444 1028 1507 etsi
1071 1447 1220 1525 scipulos,
1237 1445 1425 1510 discordiam
1451 1460 1524 1509 esse
1551 1444 1688 1525 iuncone
1712 1446 1888 1513 confltetur.
1903 1447 1946 1517 lit

165 1548 226 1608 npn
240 1534 311 1595 llect
325 1530 508 1609 baptismum
523 1534 554 1589 ot
567 1524 784 1618 eucharistiam
805 1541 913 1589 roeare
928 1542 1028 1589 sacra·
1071 1545 1144 1600 rere
1160 1528 1287 1592 nimium
1302 1528 1471 1606 impudens
1499 1527 1618 1606 luisset,
1635 1532 1662 1591 sl
1692 1530 1774 1609 quod
1791 1537 1839 1594 est
1863 1531 1943 1594 solis

166 1621 279 1689 menia,
296 1615 376 1695 quod
392 1612 551 1675 licus-non
564 1610 696 1688 jusserit
707 1608 746 1669 ita
770 1607 881 1681 vocari,
899 1625 954 1671 cur
968 1608 1028 1688 ipsi
1072 1612 1142 1675 luce
1160 1612 1285 1686 clarius,
1302 1609 1432 1675 inflciari
1449 1610 1606 1674 voluisset.
1627 1610 1831 1675 Numerantur
1855 1612 1940 1676 euim

165 1697 352 1775 Baptismum
369 1702 399 1757 et
412 1693 633 1756 Eucharistiam
648 1690 748 1771 sinna,
765 1688 915 1769 symbola,
933 1696 1028 1755 lesse·
1072 1696 1152 1775 apud
1170 1694 1371 1769 adraraarius,
1387 1694 1456 1773 ipso
1471 1693 1562 1757 etiam
1577 1695 1791 1759 consentiente
1816 1694 1940 1757 deuni-

165 1796 227 1851 ras,
249 1776 420 1861 Σφραγιιας
436 1774 609 1855 appellant?
624 1772 728 1850 nequa
743 1770 825 1835 enim
855 1773 958 1835 lacurn
981 1774 1030 1835 in·
1072 1776 1126 1849 tlc,
1142 1783 1175 1841 ut
1189 1777 1348 1841 minimum
1369 1792 1424 1846 scr
1452 1771 1605 1847 dirersac,
1632 1769 1726 1856 alque
1754 1776 1939 1840 absurdissi·
2037 1811 2038 1816 =

166 1861 269 1925 dicare
287 1867 429 1940 poterunt
442 1858 473 1920 in
490 1847 660 1951 cvangelio,
677 1855 725 1917 rel
750 1856 781 1917 in
799 1856 958 1933 apostola,
974 1856 1028 1919 ubi
1071 1875 1153 1932 urae,
1169 1866 1200 1922 cl
1215 1858 1294 1921 inter
1308 1875 1343 1920 sa
1355 1864 1529 1941 pugnantes
1559 1856 1735 1937 opiniones,
1763 1860 1834 1921 duur
1858 1860 1943 1923 alind

167 1945 320 2023 ejusmodi
336 1944 474 2013 lucibus,
492 1942 538 2001 vel
552 1941 744 2018 Baptismus,
762 1937 807 2001 lei
837 1938 1028 2002 Ecetranistia
1072 1942 1204 2005 somniat
1219 1941 1382 2011 liutherus,
1398 1940 1480 2003 aliud
1496 1940 1556 2003 sibi
1571 1940 1658 2020 lingit
1673 1938 1892 2015 Carolstadius,
1909 1958 1943 2003 a·
2037 1892 2040 1996 1

166 2025 417 2089 nomirrclur.8ed
434 2040 492 2085 nec
507 2022 630 2085 butheri
646 2018 835 2083 ratiocinatio
851 2022 945 2083 multo
957 2023 1029 2102 plus
1071 2027 1136 2089 liud
1152 2025 1284 2088 delirant
1300 2022 1512 2104 toabapllslae
1527 2070 1535 2095 ,
1553 2023 1637 2086 atiud
1665 2024 1842 2103 zwinglius,
1859 2024 1944 2088 aliud

163 2110 258 2172 habet
273 2108 430 2189 ponderis,
447 2111 498 2168 aut
512 2103 807 2169 soliditatisllienim
820 2104 845 2166 si
862 2104 1030 2183 prohibere
1071 2108 1228 2183 calvinus,
1246 2106 1328 2170 alind
1357 2105 1407 2169 alii
1437 2106 1713 2170 comminiscuntur
1742 2106 1943 2187 inspiciamus

165 2194 311 2255 nonlicet
327 2208 360 2253 ca
377 2190 536 2253 vocabula.
552 2202 631 2265 quac
646 2185 730 2247 Deus
754 2184 786 2247 in
812 2187 909 2249 sacris
931 2186 1030 2251 literis
1072 2192 1240 2271 paulisper,
1257 2206 1293 2253 ac
1310 2190 1420 2253 leviter
1448 2189 1649 2252 discutiamus
1676 2189 1809 2269 ineptias
1837 2189 1943 2269 singu-
2039 2207 2040 2264 3

164 2291 227 2335 non
243 2273 409 2351 prohibuit
427 2288 488 2334 non
505 2270 597 2347 igitur
625 2266 846 2345 prohibeantur
866 2268 969 2333 Ariani
982 2269 1030 2332 li·
1072 2276 1185 2341 inrum,
1342 2313 1349 2336 ,

165 2358 241 2419 lium
255 2356 310 2421 Dei
324 2358 426 2418 dicere
442 2350 606 2435 ειεροισιοι
621 2350 712 2413 Patri:
729 2349 869 2413 sinentur
888 2350 1029 2415 Macedo·
1113 2360 1261 2437 Princeps
1284 2355 1450 2425 Lutirerus,
1479 2369 1551 2416 cunr
1567 2353 1598 2414 in
1626 2352 1795 2434 Babylone,
1825 2358 1887 2415 ιιιιιι
1904 2352 1936 2415 in

164 2440 246 2501 ”ltili
264 2439 408 2514 Spiritum
435 2442 699 2499 Shsssslssffllffliiffl
727 2440 908 2495 “titulant
939 2434 1032 2499 littei
1072 2440 1244 2506 assertione
1260 2438 1476 2512 Articulorum,
1507 2435 1681 2499 nibilaliud
1711 2442 1939 2499 sacramentum

164 2521 306 2585 Miobaiiti
329 2520 453 2582 Selleto
466 2518 602 2581 Verbum
617 2522 774 2579 letoldum
790 2515 931 2589 definire,
947 2517 1030 2581 idea·
1074 2543 1145 2591 essa
1159 2520 1265 2591 roluii,
1282 2520 1340 2583 nisi
1355 2520 1492 2582 divinum
1513 2518 1721 2583 testimonium
1736 2520 1774 2581 ad
1803 2518 1944 2582 excitan-

163 2604 225 2667 tem
241 2604 390 2667 rationem
403 2600 556 2664 Christum
570 2596 725 2661 huminem
734 2605 1028 2677 repraesentantem:
1080 2610 1163 2685 dnm,
1179 2608 1227 2671 nai
1244 2602 1437 2667 nutriendam
1454 2600 1559 2676 tidem,
1589 2600 1772 2672 institutum,
1801 2601 1885 2678 nucu
1899 2599 1947 2666 in·

165 2688 297 2749 liborum
320 2686 360 2748 sii
382 2684 542 2747 Valentino
573 2680 685 2745 thltffi
710 2680 806 2743 baum
832 2681 952 2745 Pallori·
981 2700 1030 2747 es·
1076 2698 1140 2755 sicr
1155 2688 1292 2753 miraculi
1309 2684 1481 2758 confirmet,
1498 2689 1529 2747 ct
1548 2683 1644 2747 instar
1671 2684 1767 2763 sigilli
1796 2682 1945 2762 obsignet

165 2768 375 2841 scabriorem,
392 2765 614 2829 haurnlttun
631 2766 831 2827 essentiatum
858 2765 1031 2844 nominare;
1076 2774 1315 2857 promissionem
1343 2767 1469 2848 gratiae.
1497 2766 1646 2842 Quocirca
1672 2765 1944 2833 sacramentalem

167 2852 356 2915 concedatur
379 2850 527 2929 denique,
543 2846 647 2911 utalia
676 2846 926 2925 praetermittam,
943 2850 1032 2913 novis
1076 2854 1397 2921 annlerresoietcum
1426 2849 1541 2914 reilcre
1569 2847 1733 2920 Gedconis,
1758 2864 1829 2913 cum
1854 2849 1950 2928 ainau

170 2932 390 3007 samosatenis,
406 2938 441 2997 ul
451 2937 562 2995 locent
575 2926 727 3009 imagines
740 2928 906 3001 Trinitatis,
921 2928 1035 2997 derbe·
1080 2940 1163 3018 qaod
1179 2938 1276 3001 isaias
1291 2933 1402 2999 obtulit
1412 2933 1478 3011 rapi
1492 2930 1605 3004 dehac,
1621 2948 1692 2996 curu
1708 2931 1777 2996 aliia
1791 2931 1950 3011 ejusmodi

172 3034 225 3081 los
239 3017 388 3095 hlotildis
405 3063 414 3089 ι
438 3024 468 3078 et
495 3014 680 3090 tlissblissfes
702 3010 863 3089 (ἷθῐῑῡῐιθᾶι
879 3012 1032 3093 Siquidem
1076 3022 1244 3095 miraculis,
1261 3025 1352 3097 atquc
1367 3013 1527 3097 prodigiis.
1544 3013 1658 3093 quihus
1673 3014 1712 3077 ad
1725 3012 1897 3079 taciendam
1908 3012 1945 3077 tl·

173 3100 251 3164 uibil
266 3101 375 3162 borum
391 3098 424 3162 in
437 3097 533 3162 sacris
560 3094 658 3160 literis
672 3092 756 3158 Iieus
778 3094 975 3176 prohibuisse
990 3098 1035 3164 ic·
1077 3108 1148 3172 dena
1163 3104 1333 3187 prophetae
1348 3107 1378 3166 ct
1399 3097 1531 3177 apostati
1547 3097 1722 3162 utebantur.
1776 3127 1780 3139 ·

169 3185 262 3264 gitur.
1032 3209 1041 3227 ·
1119 3190 1181 3254 Sed
1193 3190 1272 3252 haee
1288 3183 1440 3250 sententia
1453 3189 1512 3244 tarn
1528 3185 1578 3245 est
1590 3179 1737 3254 absurda,
1755 3186 1791 3244 ιιι
1810 3178 1888 3244 nibil
1901 3175 1948 3242 ie·

213 3265 333 3343 Quanto
346 3263 478 3344 purius,
508 3259 667 3336 maturius,
696 3259 867 3340 sapientius
895 3261 1035 3329 Ecclesia
1079 3289 1113 3337 ra
1127 3271 1252 3353 eogitari
1267 3269 1366 3348 possh
1377 3263 1553 3350 absurdius.
1569 3263 1642 3326 ham
1655 3263 1756 3344 signa,
1772 3269 1862 3341 atque
1873 3277 1944 3341 pro·

169 3348 317 3412 cathciica
333 3363 445 3410 nomeu
461 3343 642 3409 sacramenti
658 3343 780 3421 retinet,
798 3343 879 3488 {uod
902 3362 968 3408 cam
984 3365 1035 3410 ro·
1080 3357 1162 3434 aigin
1175 3356 1213 3417 nil
1228 3349 1467 3416 confirmandam
1481 3346 1745 3426 praedicationem
1760 3345 1871 3410 merito.
1892 3343 1946 3404 ad·

170 3425 785 3510 camapiissimcauadrareintelligatis
826 3427 1038 3506 aplismumct
1082 3438 1325 3509 atheniensem
1339 3433 1503 3500 sinterso
1531 3435 1648 3493 uchel
1675 3428 1815 3500 illustria,
1838 3441 1946 3505 neque

178 3513 410 3587 Eusshssltsitlllh
427 3511 484 3576 ⁰¹1³
509 3529 546 3575 ιι
562 3509 703 3590 ejusdem
725 3509 851 3594 tenetis,
864 3527 950 3574 sacra
973 3530 1035 3594 ml·
1081 3515 1102 3584 ι’
1113 3517 1340 3600 praedicatione
1355 3515 1416 3580 ulla
1431 3515 1548 3576 ratione
1563 3512 1880 3589 dependeauttcontrc
1895 3524 1950 3570 aa·

175 3597 281 3673 steria3
297 3596 472 3673 oaoduuec
516 3609 564 3657 ern
578 3607 651 3655 reice
667 3607 740 3654 usus
755 3607 826 3654 esse
850 3593 950 3658 rideat
964 3595 1037 3662 Ter·
1080 3612 1143 3669 rann
1156 3605 1347 3666 sacramen
1375 3596 1490 3660 nullam
1515 3610 1554 3657 ex
1567 3609 1603 3658 se
1627 3594 1688 3658 rim
1714 3594 1839 3666 baboel,
1854 3607 1893 3654 tto
1907 3606 1949 3652 ne

172 3679 346 3750 tullianum,
376 3676 580 3758 Cillilssllmi.
602 3673 802 3748 Laminium·
814 3675 1035 3754 'Ambrosium
1054 3686 1060 3699 '
1081 3681 1408 3761 sacramentanuidem
1423 3694 1495 3742 csse
1507 3675 1793 3756 intelligunturnrisi
1809 3671 1949 3744 testimo·

173 3760 405 3840 Hielttssifflllm,
421 3759 637 3839 augustinum.
652 3764 682 3834 θι
709 3763 860 3838 quotquot
884 3761 947 3840 ianr
963 3761 1037 3825 inde
1080 3770 1134 3834 nio
1146 3767 1231 3834 rerbi
1246 3764 1479 3829 confirmentur.
1494 3759 1603 3839 Itaque
1617 3757 1670 3838 qui
1685 3773 1701 3818 a
1729 3753 1948 3839 praedicatore

101 3917 105 3928 ,
126 3857 134 3872 ·
172 3845 212 3908 ab
227 3844 313 3906 initio
329 3841 494 3906 (iluistiani
511 3841 698 3910 damitriado
714 3840 811 3906 sacris
826 3851 948 3906 nostrae
963 3841 1038 3908 fidei
1081 3851 1176 3918 diriui
1191 3845 1275 3914 rerbi
1291 3846 1340 3909 rai
1353 3842 1479 3907 morbos
1494 3848 1622 3920 rapcnta
1636 3837 1804 3914 essuriret
1818 3836 1947 3905 daemo-

135 3979 138 3984 ι
172 3921 1039 4002 rebuslatinaacrtnacrunuscudanauinasatlsmul·
1082 3949 1140 3999 nes
1155 3925 1248 3996 'narba
1263 3928 1349 4008 pelli,
1367 3926 1414 3992 r‘ei
1430 3941 1541 3990 meaos
1556 3921 1733 3996 illuminari,
1748 3919 1853 3987 raca
1871 3919 1950 3983 idio·

108 4010 111 4021 '
175 4015 216 4072 la.
246 4007 289 4070 ιιι
320 4007 509 4078 sacramenti
541 4013 705 4080 naturam,
741 4011 833 4086 alque
861 4008 920 4070 rim
952 4025 1040 4074 accc·
1084 4016 1128 4080 ria
1143 4022 1280 4086 mortuos
1295 4007 1433 4077 revocari
1449 4006 1657 4084 conspiciunt,
1673 4005 1742 4084 ipsa
1767 4000 1907 4072 miraculi
1920 4002 1951 4066 ri

178 4092 299 4156 damus.
341 4120 346 4130 ·
1083 4107 1237 4178 tamquam
1254 4095 1373 4174 iulgore
1389 4091 1522 4170 quodam
1537 4089 1577 4152 ila
1593 4087 1870 4166 parasitastrum
1883 4099 1952 4163 pto·

180 4224 185 4234 .
217 4173 391 4252 Scriptores
412 4171 555 4236 catholici
569 4176 649 4234 tanta
676 4171 884 4265 consensione
913 4171 1038 4250 docent.
1085 4186 1277 4248 sternuntur.
1294 4176 1386 4240 ulrel
1402 4173 1486 4238 inriti
1501 4171 1603 4236 sorbis
1618 4169 1692 4235 tanti
1707 4167 1768 4235 ιιιι
1790 4167 1883 4240 iidem
1898 4166 1952 4261 ba·

174 4255 546 4334 aescmpardocueruni,
564 4251 755 4332 novaelegis
783 4261 973 4320 sacramenta
994 4259 1040 4320 iu·
1084 4265 1336 4342 haraeaganlur.
1364 4255 1422 4335 Qui
1449 4270 1521 4320 reru
1550 4253 1641 4338 aucis
1667 4252 1826 4322 homiuem
1854 4247 1951 4325 abiar,

175 4344 343 4410 strumenta
357 4337 511 4416 qrraadara
526 4349 598 4400 esso
610 4341 732 4398 nostrae
745 4335 986 4416 justificationis,
1006 4345 1041 4404 ut
1085 4345 1214 4426 quodie
1230 4342 1385 4424 capusum
1400 4337 1539 4409 iacimus,
1556 4335 1671 4410 ridant,
1687 4335 1765 4398 nillil
1788 4333 1951 4407 miranlm,

174 4420 207 4482 id
221 4425 313 4484 eiiam
328 4420 576 4494 adversariorum
588 4421 762 4482 nostrorum
777 4418 1041 4485 testimoniccom·
1085 4445 1190 4507 nunna
1203 4425 1294 4492 latita
1307 4423 1439 4488 credunt
1452 4423 1484 4482 iu
1496 4436 1531 4482 ce
1548 4418 1663 4482 lotione
1677 4417 1792 4496 ιιίιιιιιιι
1808 4413 1951 4481 sublimi·

175 4503 334 4583 probatur.
352 4503 403 4565 Sio
417 4503 502 4574 enim
517 4501 660 4578 Clllllllls
673 4501 808 4578 loquitur
823 4501 878 4566 lib.
893 4501 925 4565 h·
950 4503 1041 4568 losti-
1085 4530 1125 4578 us
1139 4512 1247 4584 latera,
1265 4507 1326 4576 uisi
1341 4500 1505 4570 rerbo'liei
1520 4508 1592 4566 aute
1606 4500 1806 4568 credideriut.
1821 4494 1908 4571 Quod
1922 4495 1955 4556 si

180 4592 235 4648 lut.
249 4603 317 4666 cap.
342 4585 391 4648 ll.
408 4583 636 4666 §lhdicpno
664 4600 824 4652 comeatu
848 4585 1042 4666 aophhticoe
1086 4611 1150 4658 nou
1165 4594 1441 4661 antcaacramonta
1463 4584 1624 4666 suspicere
1652 4583 1828 4662 incipimus,
1858 4592 1954 4655 coam

173 4667 303 4730 scholae
317 4669 533 4740 tradiderunt,
545 4672 753 4730 accremento
765 4682 870 4731 noune
886 4667 976 4750 ,topia
985 4669 1043 4750 ιιι·
1086 4675 1180 4743 aerbo
1195 4675 1252 4747 ilci
1265 4673 1358 4738 tidem
1374 4669 1553 4735 babeamus:
1570 4682 1632 4745 qua
1644 4671 1743 4743 meto,
1755 4667 1885 4742 quotam
1897 4656 1954 4723 nc·

149 4789 152 4798 ·
173 4749 327 4830 achaeae,
343 4755 373 4810 ot
387 4751 533 4828 maforte
556 4748 817 4828 permansoria
845 4767 915 4817 nott
934 4769 1042 4834 poeu-
1087 4759 1114 4823 ri
1128 4763 1245 4838 polest,
1257 4762 1291 4822 ιιι
1307 4753 1507 4818 sacramentis
1523 4749 1624 4813 dirius
1636 4741 1953 4824 eloquiaconitrruen·

173 4831 692 4910 musobiccmpeccotiutorluiis.
711 4829 1041 4908 armantarmant·
1087 4842 1153 4904 turi
1166 4841 1212 4903 ιιι
1226 4856 1289 4904 nou
1303 4834 1454 4902 ridiculus
1478 4838 1573 4912 esset,
1595 4831 1648 4911 qui
1673 4829 1798 4892 ethnico
1820 4825 1948 4922 &torst

174 4918 396 4994 clnnnpotut
410 4913 719 4996 pccmaltacitiutia
734 4917 1041 5000 alpertilcaeooque
1087 4924 1124 4992 Ut
1138 4924 1332 4987 credasrcra
1357 4933 1430 4987 esso
1453 4931 1534 4996 quae
1548 4913 1630 4987 dico,
1656 4911 1837 4990 amphoram
1861 4913 1951 4974 istest
2023 4950 2029 4960 ·

173 4998 292 5075 monis,
308 4997 521 5077 ᾳιιοιιιιιιιιιιι
535 4997 761 5065 uateaotouh‘s
785 5015 910 5079 menno
932 4999 1038 5064 diceio-
1088 5024 1185 5084 aquae
1200 5005 1397 5086 supereaput
1417 5007 1504 5065 tuum
1533 4994 1704 5064 eliundemi
1724 4992 1857 5075 lipsanis
1877 5003 1954 5083 sans

92 5121 99 5147 ·
174 5081 396 5162 tinetalllllflr
410 5079 449 5142 l'tl
462 5077 549 5142 bono
562 5077 647 5142 oritis
655 5086 751 5162 peric
779 5081 928 5146 obtinuit.
958 5083 1040 5153 llaec
1087 5089 1240 5169 probatio:
1258 5086 1319 5156 nisi
1334 5085 1417 5148 enim
1428 5098 1466 5146 cx
1479 5079 1537 5144 Ilei
1552 5079 1644 5142 rerba
1659 5078 1850 5145 disceremus
1864 5073 1957 5167 lobo-

175 5165 241 5231 illc:
258 5161 323 5241 uui,
338 5160 506 5238 arridetis,
524 5161 596 5227 licet
608 5177 665 5242 pro
679 5178 737 5228 suo
759 5179 843 5228 more
858 5165 1040 5244 catholicos,
1086 5188 1158 5236 nem
1173 5173 1270 5239 illam,
1288 5174 1320 5233 et
1333 5168 1416 5230 illam
1432 5163 1610 5227 unctionem
1625 5162 1663 5223 ad
1694 5158 1870 5240 purgandos
1889 5169 1957 5217 aar·

175 5247 343 5325 sophistas,
360 5250 391 5308 el
405 5241 566 5308 Ecclesiae
580 5243 683 5319 iidem,
702 5251 821 5324 pestem
847 5263 882 5310 ac
907 5247 1041 5328 pernici·
1087 5271 1155 5323 reos
1170 5254 1284 5326 talare,
1299 5249 1371 5332 uuis
1386 5248 1416 5312 id
1431 5246 1590 5310 crederett
1604 5246 1752 5325 quianon
1764 5235 1952 5332 rideretilia·

175 5345 226 5397 aru
241 5333 340 5390 roualt
358 5334 463 5390 tamen·
475 5341 587 5406 capara
604 5343 664 5392 non
681 5329 779 5406 potuit
808 5346 952 5412 mmuum
968 5347 1041 5397 esse
1086 5355 1150 5414 aue
1163 5336 1246 5403 enlm
1261 5335 1291 5398 id
1308 5333 1400 5396 habat
1413 5344 1513 5406 aquae
1526 5335 1646 5401 natura,
1662 5332 1695 5390 ut
1716 5321 1952 5416 morbosuautmi

176 5411 256 5476 inter
271 5410 439 5475 octlroliccs
455 5425 564 5492 ornnes
580 5424 779 5488 consensum,
796 5429 832 5476 ac
855 5413 1040 5478 seutentiam
1086 5424 1219 5492 curel,et
1232 5416 1336 5482 cordis
1350 5412 1487 5478 maculas
1503 5413 1598 5489 elual;
1610 5409 1666 5473 aad
1682 5404 1834 5484 quidquid
1846 5403 1954 5497 raiaco

176 5491 428 5561 uestrammultis
438 5490 504 5572 jam
518 5491 654 5556 saeculis
665 5493 696 5562 in
709 5494 787 5574 huna
799 5492 1040 5574 orbisterrarpm
1086 5517 1204 5582 pecare
1218 5502 1331 5581 potest,
1348 5514 1386 5561 cx
1401 5494 1592 5558 institutione
1618 5490 1719 5554 diuina
1748 5491 1860 5568 potest,
1877 5484 1954 5552 dirr-

177 5583 262 5656 purte
276 5573 424 5653 riguisse:
440 5591 510 5641 eum
524 5575 564 5636 de
580 5573 656 5654 ipsis
670 5582 775 5640 contra
790 5579 974 5654 rectismme
991 5595 1042 5657 tae
1087 5601 1158 5648 nam
1173 5590 1276 5649 autera
1303 5577 1526 5651 institutionem
1556 5573 1655 5640 diuina
1685 5569 1813 5651 eloquia
1838 5565 1953 5648 patela-

175 5659 363 5736 rissimequc
378 5657 529 5732 dicamus,
543 5657 618 5720 nihil
644 5659 724 5738 apud
741 5661 976 5744 eosanliquuna,
995 5663 1040 5742 ui·
1086 5667 1184 5732 ciunt.
1385 5709 1389 5716 -
