4084 6275
284 339 336 396 ιιι
600 323 601 326 ‘
1013 343 1173 404 oeurssn

213 472 303 536 ritioo
318 475 478 555 accepisse
495 475 608 554 legem,
626 480 656 536 et
677 475 790 538 deinde
815 477 899 540 addit
924 477 1071 542 lrbnslato
1115 476 1227 541 Christi
1243 475 1385 540 videlicet
1399 475 1646 540 interiectionem
1662 481 1693 537 ει
1706 485 1846 540 merrtem.
1864 477 1899 537 Ct
1922 477 1983 538 de·

211 559 383 619 sacerdotio
399 573 530 619 necesse
545 573 627 624 osse,
645 563 678 618 ut
691 566 722 620 et
736 554 985 638 legis'traoslatiu
1006 562 1068 624 hat.
1113 560 1207 640 nique
1222 560 1348 622 minime
1363 559 1498 620 omnium
1515 558 1614 620 cultus
1636 559 1742 620 latriae
1770 560 1830 622 dici
1856 567 1979 639 potest,

252 639 398 702 Probatur
412 640 524 702 Tertio.
542 638 729 702 Sacrificium
746 643 868 721 proprie
884 646 998 706 dictum
1021 653 1069 708 εει
1114 659 1184 706 cum
1200 642 1301 720 potius
1324 641 1477 704 Christum
1500 641 1643 705 occidere
1667 657 1822 704 summum
1845 645 1979 705 sacrile-

212 721 314 784 cultus
329 723 472 802 proprius
487 720 704 796 llei,id'est,cui
720 724 778 786 soli
791 725 833 786 illi
847 727 983 789 omniurn
996 745 1069 790 con·
1113 728 1198 807 glum
1212 726 1274 788 dici
1290 726 1412 786 debeat.
1543 774 1549 794 ι

209 819 304 866 εειιειι
320 805 533 867 debeturznam
550 805 607 866 alia
620 807 721 868 omnia
734 821 846 886 genera
860 809 986 872 honoris
997 818 1070 873 sunt
1153 810 1308 869 Accedant
1324 808 1494 870 testimonia
1513 807 1643 879 Petrum,
1659 823 1738 885 quos
1753 824 1844 887 supra
1867 808 1976 869 citari·

208 887 311 965 aliquo
327 889 417 949 modo
433 889 606 950 communia
636 905 704 950 eum
734 891 892 965 creaturis,
918 899 953 953 ut
976 909 1067 970 supra
1112 891 1227 951 musio
1245 891 1423 970 explicanda
1439 890 1619 952 delinitione
1633 889 1980 969 sacrificiiquidicunt

126 980 133 990 ·
207 971 629 1050 probatumes13ergonulla
649 987 719 1036 esse
735 980 836 1050 potest
864 975 972 1052 religio
998 979 1067 1037 sine
1112 972 1297 1035 sacrificium
1312 970 1523 1035 Eucharistiae
1537 988 1610 1036 esse
1622 974 1748 1036 unicum
1769 979 1799 1034 et
1811 973 1978 1052 singulare

207 1053 359 1114 sacrillcio
375 1053 497 1132 proprie
513 1055 605 1114 dicto.
623 1053 695 1114 llam
712 1057 820 1132 religio
836 1057 872 1117 ad
902 1059 1067 1121 colenduur
1112 1054 1297 1118 sucrillcium
1314 1056 1568 1118 Christianorum.

207 1133 304 1196 Deum
322 1137 499 1197 instituitur:
517 1152 577 1197 non
595 1143 693 1196 autem
710 1139 782 1198 colit
797 1140 904 1211 baum,
928 1142 983 1202 sed
1011 1157 1066 1220 po·
1153 1135 1284 1200 Accedat
1299 1139 1433 1217 denique
1449 1137 1656 1200 testimonium
1672 1136 1813 1216 Cypriani
1829 1137 1861 1198 in
1874 1153 1974 1199 serm.

202 1219 263 1278 tius
278 1220 443 1296 ignominia
461 1220 544 1280 illum
561 1217 663 1292 allicit,
680 1220 731 1294 qui
748 1222 862 1282 cultum
880 1223 921 1283 illi
938 1217 994 1284 soli
1012 1225 1066 1285 dc·
1111 1219 1151 1281 dc
1165 1236 1260 1283 coena
1276 1221 1408 1292 bomini,
1426 1222 1477 1282 ubi
1495 1222 1579 1296 dicit,
1596 1219 1622 1281 si
1639 1220 1826 1298 Eucharislia
1842 1222 1973 1281 maudu-

204 1302 314 1374 hilum,
331 1302 358 1363 ei
376 1319 436 1363 nnn
452 1301 679 1363 adiubetderte
696 1305 776 1364 inter
791 1305 933 1366 homines
948 1307 974 1366 si
996 1306 1067 1386 quis
1111 1304 1210 1364 cando
1226 1305 1540 1378 consumeretur,lore
1554 1310 1584 1364 ul
1598 1303 1715 1364 nullum
1728 1303 1817 1364 nobis
1830 1319 1975 1365 rcruane·

204 1385 268 1462 regi
287 1401 346 1446 nou
364 1385 516 1447 tribueret
532 1385 651 1444 tilulum
667 1384 803 1458 honoris,
821 1388 871 1464 qui
891 1389 965 1450 solis
994 1405 1067 1450 con·
1111 1388 1365 1458 reisacrillaium,
1380 1392 1409 1448 ει
1423 1401 1478 1464 ρει
1490 1385 1548 1446 hoc
1562 1393 1620 1446 tuta
1633 1386 1742 1462 religio
1758 1385 1910 1447 interiret.

206 1466 287 1527 renit
303 1467 440 1546 regibus.
458 1467 646 1546 majestatem
664 1468 819 1538 uidelicet,
847 1471 966 1532 etiarnsi
993 1484 1064 1532 con·
1152 1467 1255 1530 ilices:
1272 1469 1345 1530 Cum
1362 1486 1435 1548 ergo
1451 1468 1482 1530 b.
1500 1468 1611 1530 Paulus
1627 1467 1663 1528 ad
1680 1467 1775 1530 liebr.
1792 1467 1822 1528 l.
1839 1484 1911 1527 cum
1929 1467 1976 1528 di·

205 1557 340 1610 serraret
354 1565 463 1612 omues
478 1549 638 1611 interiores
654 1551 768 1623 titulos,
786 1569 846 1614 nou
860 1554 949 1614 modo
961 1571 1065 1632 regem
1109 1550 1323 1625 cit,3trunslato
1338 1551 1510 1615 sacerdotio
1526 1551 1640 1613 debere
1652 1549 1743 1611 etium
1759 1549 1918 1611 transferri
1930 1551 1976 1609 le·

207 1645 266 1690 non
284 1633 447 1707 honorare,
464 1632 626 1695 sedetiam
641 1635 826 1696 contumelia
842 1634 963 1698 allicere
984 1638 1067 1715 judi·
1108 1647 1191 1710 gem3
1208 1649 1269 1696 non
1285 1633 1359 1696 dicit
1375 1635 1552 1696 translatum
1568 1647 1638 1695 esse
1653 1633 1859 1695 sacerdotium
1876 1633 1976 1694 teriti-
2031 1670 2032 1673 =

205 1721 350 1782 caretur..
744 1724 747 1733 ·
1108 1731 1179 1776 com
1193 1716 1231 1779 ab
1247 1718 1366 1779 horona
1382 1723 1412 1778 cl
1427 1716 1663 1777 successoribus
1686 1719 1716 1775 in
1740 1732 1767 1777 s.
1792 1715 1916 1776 Petrum
1943 1723 1975 1776 et

247 1795 393 1860 Probatur
407 1815 490 1860 nunc
505 1799 676 1875 assumptio
690 1799 779 1877 primi
795 1800 1055 1878 syllogismi3sub-
1109 1812 1322 1874 successorem
1338 1800 1394 1861 sed
1409 1799 1509 1860 solum
1526 1801 1557 1859 ln
1573 1797 1752 1859 Christum?
1767 1797 1975 1876 Respondent

204 1878 275 1939 latio
291 1879 433 1942 videlicet
447 1881 596 1942 sacrilloio
612 1884 746 1954 missae,
774 1883 893 1945 uultum
906 1879 1020 1946 restare
1033 1886 1065 1946 in
1109 1878 1271 1958 hpostnlus
1286 1894 1347 1943 uon
1363 1883 1437 1943 dicit
1452 1882 1630 1942 translatum
1647 1897 1717 1942 esse
1738 1879 1895 1941 leviticum
1925 1897 1973 1940 sa·

206 1959 341 2022 Ecclesia
359 1963 469 2024 Christi
485 1963 668 2026 sacrihcium
685 1964 807 2042 proprie
837 1965 965 2027 dictum.
992 1967 1065 2029 Nam
1110 1964 1280 2025 cordolium
1297 1964 1335 2026 ab
1350 1965 1467 2026 harone
1483 1964 1513 2024 in
1530 1962 1698 2033 Christum,
1717 1963 1773 2024 sed
1796 1965 1980 2024 translatum

205 2043 231 2105 si
247 2044 342 2106 ullunr
359 2046 507 2124 assignari
527 2047 679 2124 possetld
696 2052 781 2108 esset
795 2047 980 2110 sacrificium
996 2066 1066 2112 cru·
1110 2062 1182 2109 csse
1199 2047 1406 2109 sacerdotium
1422 2048 1577 2108 leviticum
1593 2047 1623 2106 in
1639 2044 1846 2108 sacerdotium
1863 2062 1979 2108 secun-

204 2128 260 2187 cis:
278 2128 307 2188 id
324 2131 406 2188 enim
423 2145 516 2190 unum
535 2130 699 2191 adversarii
715 2132 884 2208 assignant,
911 2138 1001 2208 atque
1026 2134 1057 2195 id
1110 2128 1183 2191 dum
1199 2130 1339 2192 ordinem
1355 2130 1686 2203 Melchisedechquod
1702 2129 1912 2190 sacerdotium
1928 2145 1978 2189 ae·

204 2225 275 2271 esse
289 2212 395 2272 volunt
410 2211 532 2276 unicum
563 2218 593 2273 ει
606 2229 711 2274 rarum
727 2214 910 2276 christianae
934 2215 1057 2290 religio·
1108 2217 1229 2274 ternum
1246 2229 1327 2284 esse,
1346 2219 1376 2274 ει
1390 2214 1421 2274 in
1437 2212 1573 2273 licclesia
1590 2217 1739 2290 perpetuo
1752 2211 1853 2290 rigere
1866 2211 1975 2272 debet.

204 2292 253 2352 nis
268 2292 465 2356 sacrificium.
484 2295 545 2356 Sed
561 2311 617 2357 nos
633 2294 844 2372 probabimus,
874 2296 1059 2359 sucrificium
1107 2294 1279 2357 lindecum
1304 2304 1410 2373 postea
1436 2297 1573 2356 nominat
1598 2294 1751 2356 Christum
1776 2295 1977 2356 sacerdotem

205 2377 306 2437 erucis
321 2377 459 2453 quamvis
473 2379 667 2439 rarissimum
684 2376 867 2440 sacrilioium
884 2375 985 2453 luerit,
1000 2396 1062 2443 nou
1107 2375 1280 2473 secundum
1294 2379 1434 2440 ordinem
1447 2376 1688 2443 Melchisedech.
1703 2393 1763 2438 non
1777 2378 1883 2455 ipsum
1897 2393 1973 2438 con·

205 2472 276 2519 esse
291 2458 455 2536 eiusmodi,
472 2461 562 2538 quale
578 2461 743 2540 requiritur
757 2461 793 2522 ad
810 2463 923 2540 legem,
945 2479 1000 2524 scu
1018 2479 1065 2525 rc·
1109 2460 1235 2534 eruerat,
1253 2468 1286 2522 ut
1299 2461 1438 2538 praecise
1454 2461 1565 2522 obtulit
1579 2459 1764 2522 sacritlcium
1779 2460 1898 2543 crucis,
1916 2461 1975 2521 seri

202 2539 349 2619 ligioncm
365 2544 610 2604 constituendam
639 2548 669 2605 ει
683 2547 1061 2624 corrserrnndam3qualem
1111 2550 1143 2605 ut
1159 2560 1214 2620 par
1228 2545 1385 2604 ministros
1399 2559 1474 2606 suos
1490 2542 1637 2621 perpetuo
1653 2539 1805 2604 sacrilleat
1832 2543 1976 2621 seipsum

205 2623 353 2694 interris,
370 2626 519 2700 usquead
537 2625 642 2687 muudi
657 2629 952 2689 consummationem
979 2628 1063 2692 Chri·
1110 2628 1141 2687 in
1157 2625 1360 2701 llucharistia:¹
1376 2627 1435 2687 boc
1451 2626 1532 2687 enim
1549 2626 1616 2686 solo
1632 2625 1736 2696 nando,
1761 2628 1796 2686 ut
1820 2640 1918 2704 supra
1943 2641 1977 2686 n·

205 2712 272 2766 stus
286 2721 358 2768 esse
373 2707 513 2770 roluit:et
528 2707 598 2770 ideo
613 2709 638 2770 si
655 2710 773 2770 nullum
787 2710 868 2772 aliud
881 2711 1063 2786 habeamus,
1091 2712 1093 2716 ’
1110 2709 1297 2785 stendimus,
1311 2715 1494 2789 perpetuum
1508 2709 1601 2771 habet
1615 2707 1834 2770 sacerdotium.

204 2788 295 2868 piune
310 2789 409 2866 sequi,
429 2796 460 2850 ut
476 2790 589 2852 nullam
606 2791 775 2853 habeamus
790 2793 986 2869 religionem.
1188 2812 1191 2820 ’
1229 2811 1238 2828 ·

243 2870 389 2933 Probatur
403 2872 495 2950 igitur
511 2872 620 2950 primo:
638 2875 712 2950 Quia
738 2874 922 2937 sacrificium
948 2876 1062 2949 crucis

204 2968 263 3013 non
281 2961 327 3014 εει
342 2955 498 3033 proprium
516 2954 886 3035 christianaerciiginnis,
903 2958 957 3019 sed
980 2975 1063 3020 com·

194 3051 295 3106 ,inune
311 3038 456 3098 omnibus
470 3037 550 3098 reris
566 3038 780 3116 religionibus,
806 3057 885 3118 quac
910 3042 949 3103 ab
975 3041 1064 3103 initio
1429 3026 1548 3091 CAPUT
1569 3025 1650 3088 ffl-

204 3117 309 3179 muudi
325 3118 460 3181 luerunt.
478 3119 562 3191 llam,
579 3127 610 3183 et
624 3123 653 3182 in
671 3124 738 3201 lege
755 3129 879 3187 naturae
895 3124 969 3187 etin
991 3125 1062 3203 lege

202 3201 326 3279 scripta,
343 3203 444 3263 omnia
460 3202 607 3265 sucriileia
625 3204 653 3275 iu
667 3206 831 3267 hocunum
845 3208 1062 3285 respiciebant,
1426 3233 1428 3240 ·

203 3289 233 3344 et
247 3282 307 3344 hoc
322 3301 416 3346 unum
433 3285 663 3363 profitebantur,
681 3292 712 3349 nt
726 3296 876 3368 quotquot
894 3290 970 3370 justi
996 3286 1061 3352 lue·
1127 3287 1289 3352 Probatur
1301 3286 1504 3363 comitiatum
1516 3284 1636 3362 missus
1650 3298 1695 3345 ccc
1709 3280 1960 3359 comparatione

201 3372 273 3459 runt
288 3366 326 3460 ab
342 3367 429 3428 initio
446 3369 565 3441 muudi,
581 3369 621 3431 ob
637 3369 729 3448 hujus
744 3369 886 3433 sacrificii
899 3374 1062 3451 participa·
1260 3394 1337 3473 1393
1352 3390 1549 3455 rlrrlsrlanoe
1564 3390 1610 3452 gg
1623 3388 1812 3451 mosaicam,

202 3454 286 3509 bone
302 3452 377 3529 justi
394 3450 530 3513 luerunta
556 3467 618 3512 non
644 3453 736 3531 igitur
761 3455 959 3534 distinguitur
981 3456 1061 3517 chri·

202 3532 299 3592 stiana
315 3533 423 3611 religio
439 3532 627 3613 abantiquis
653 3552 708 3612 par
722 3536 906 3597 sacrificium
923 3540 1035 3599 crucis.
1815 3607 1822 3621 ,

243 3612 592 3679 δεειιιιιιοιδεειιιιειιιιιι
608 3618 710 3679 crucis
725 3620 821 3681 semei
835 3626 988 3697 paruolum
1002 3626 1060 3691 est,
1149 3616 1248 3676 hltera
1264 3615 1341 3675 ratio
1355 3610 1536 3693 principalis
1550 3610 1674 3672 ducitur
1688 3626 1704 3669 a
1720 3608 1891 3670 collatroue
1918 3608 1975 3702 Ec·

201 3710 237 3756 ac
249 3697 363 3761 deindo
378 3698 471 3761 desiit
484 3715 672 3776 esse,ueque
687 3704 798 3763 mansit
813 3710 917 3779 postea
933 3704 992 3766 nisi
1009 3720 1064 3781 per
1107 3698 1222 3759 clesiae
1237 3705 1268 3759 ει
1281 3711 1467 3775 synagogae,
1483 3697 1548 3755 sire
1564 3692 1642 3769 legis
1658 3706 1757 3752 norae
1783 3697 1815 3752 et
1840 3698 1971 3753 reterrs:

203 3776 344 3841 effectum
372 3787 402 3843 ct
416 3782 569 3856 virtutem,
593 3788 627 3843 ut
642 3790 745 3844 nolum
773 3790 831 3860 esl3
856 3786 952 3847 immo
975 3803 1062 3847 num·
1106 3780 1213 3859 populi
1228 3780 1386 3842 christiani
1400 3785 1430 3838 et
1442 3774 1570 3857 judaici.
1587 3774 1640 3836 list
1653 3779 1754 3835 autem
1771 3773 1851 3834 haec
1877 3777 1970 3845 ratim

201 3878 291 3937 quam
309 3861 363 3924 luit
378 3870 514 3943 tempore
530 3866 716 3928 christianae
730 3868 902 3946 religionis3
918 3885 952 3930 ea
978 3870 1061 3931 enim
1106 3863 1140 3924 ln
1157 3864 1270 3940 populo
1283 3861 1407 3941 judaico
1422 3862 1544 3922 luerunt
1558 3856 1707 3928 saerillcia
1723 3859 1851 3935 proprie
1872 3858 1968 3930 dicta3

201 3950 272 4022 post
286 3944 396 4009 Christi
412 3954 541 4009 mortem
557 3949 681 4025 propria
697 3953 809 4029 coepit.
826 3951 863 4011 ht
877 3950 1060 4012 sacrillcium
1107 3961 1182 4024 ergo
1194 3953 1225 4006 et
1236 3948 1266 4006 iu
1279 3946 1394 4024 populo
1406 3943 1574 4005 christiano
1584 3954 1657 4003 csse
1672 3939 1799 4001 debent.

203 4028 538 4109 propriumreligionis
550 4030 648 4093 'debet
662 4030 758 4109 ipsam
775 4040 925 4113 perpetuo
941 4036 1065 4096 comita·
1149 4026 1296 4091 Probatur
1310 4028 1543 4104 consequentia3
1566 4022 1639 4083 llam
1665 4022 1864 4116 antecedens¹
1884 4030 1971 4085 extra

204 4109 241 4170 ri.
260 4117 399 4190 utsupra
417 4113 576 4190 probatum
593 4120 653 4175 εει.
767 4182 769 4185 .
1106 4112 1344 4173 controversiam
1359 4116 1417 4171 εει.
1434 4105 1688 4199 PrimuChristus
1703 4120 1911 4199 nouuomnrno
1923 4123 1972 4169 su·

239 4192 352 4255 Tertio:
369 4195 485 4272 ileliglo
501 4198 626 4272 quaeris
641 4196 822 4259 saerillcium
839 4203 996 4261 externum
1027 4214 1063 4261 aa
1106 4195 1192 4255 stulit
1206 4210 1254 4262 ea,
1271 4208 1349 4273 quae
1365 4191 1449 4253 bens
1463 4190 1495 4251 iu
1511 4196 1604 4251 reteri
1620 4188 1692 4266 lego
1705 4188 1894 4281 institueram
1912 4203 1972 4251 uec

201 4274 323 4337 risibile
339 4276 478 4355 requirit,
496 4280 532 4339 ad
548 4280 630 4356 quod
648 4280 789 4343 homines
805 4281 890 4342 illius
901 4280 1063 4359 religionis
1107 4280 1189 4339 euim
1205 4277 1375 4348 contrarius
1389 4281 1453 4337 erat
1467 4274 1543 4335 Patri
1559 4286 1628 4341 suo,
1645 4276 1695 4365 aut
1720 4271 1780 4331 srbr
1806 4272 1882 4349 ipsi;
1913 4274 1970 4335 sed

201 4360 409 4435 paragendum
426 4363 621 4431 conveniant,
638 4368 668 4423 ει
683 4364 764 4438 quod
778 4362 815 4423 ub
828 4364 906 4439 ipsis
918 4364 1061 4441 hequen·
1107 4367 1158 4421 aut
1172 4360 1312 4437 perlecit,
1328 4366 1378 4419 aut
1401 4358 1525 4419 mutarit
1545 4356 1576 4415 in
1599 4354 1740 4423 metroru,
1767 4358 1801 4415 ut
1826 4362 1914 4431 patet
1941 4360 1974 4417 iu

200 4439 253 4500 luri
270 4442 379 4518 possit.
397 4444 431 4503 tt
446 4444 522 4504 nihil
540 4446 714 4522 hujusmodi
732 4446 761 4506 iu
778 4446 932 4507 sacrificio
955 4448 1058 4509 crucis
1107 4447 1280 4522 praeceptis
1294 4447 1324 4503 ει
1339 4442 1551 4502 sacramentis.
1567 4436 1640 4497 Nam
1656 4440 1816 4513 praecepta
1835 4452 1900 4497 non
1919 4456 1972 4501 su·

198 4524 416 4599 reperitur.tlst
428 4527 509 4587 enim
524 4526 912 4605 respectuChristianorum
925 4529 1062 4591 inrisibi-
1106 4527 1202 4602 stelit,
1218 4528 1274 4587 sed
1290 4525 1439 4604 explicuit
1453 4523 1556 4583 llattlr.
1579 4518 1610 4580 5.
1637 4526 1666 4579 ει
1691 4518 1820 4579 consilia
1848 4520 1975 4615 addidit

201 4606 240 4672 ιε,
258 4622 327 4667 eum
344 4611 408 4669 sota
425 4607 485 4669 ilde
502 4624 563 4669 non
586 4611 686 4671 erulis
712 4619 866 4683 cernatur,
895 4613 977 4675 unde
1005 4628 1063 4676 nec
1107 4610 1238 4688 quacad
1265 4614 1497 4687 praeceptorum
1524 4603 1690 4682 perlectam
1717 4601 1973 4696 observatronem

200 4687 237 4748 nd
254 4688 328 4750 illud
345 4690 501 4753 conveniri
524 4699 625 4767 potest
640 4687 803 4772 a'populis,
832 4710 890 4755 uec
915 4696 1007 4757 etiam
1033 4696 1060 4757 si
1108 4694 1297 4754 conducunt.
1312 4691 1378 4753 Pari
1395 4690 1512 4750 ratione
1535 4689 1726 4748 sacramenta
1752 4687 1974 4777 circumcisio·

200 4776 389 4844 cerneretur,
406 4792 421 4835 a
438 4777 567 4851 populo,
582 4776 630 4836 rel
646 4776 857 4838 sacerdotibus
874 4776 1056 4839 Christianis
1104 4777 1164 4845 nis,
1182 4776 1251 4853 agni
1267 4773 1421 4852 paschalis
1450 4778 1481 4833 et
1491 4768 1602 4832 similia
1614 4783 1677 4827 nou
1689 4768 1885 4839 sustulrt,sed
1901 4787 1973 4831 nru-

199 4852 384 4927 lrequentari
402 4864 516 4931 posset,
533 4864 596 4917 ¹non
612 4860 693 4920 enim
710 4860 756 4922 ias
769 4859 1059 4923 csseldtChrislum
1105 4860 1179 4919 tarit
1193 4859 1222 4918 in
1239 4857 1298 4918 alia
1314 4872 1385 4918 rere
1401 4861 1430 4915 ει
1444 4854 1568 4933 proprie
1584 4850 1664 4911 dicta
1679 4857 1882 4924 sacramenta,
1910 4858 1973 4915 scd

198 4936 359 4999 Christiani
376 4942 466 5001 toties
481 4939 702 5003 interficerent.
1105 4949 1138 5003 ut
1152 4940 1341 5019 Augustinus
1356 4938 1430 5000 dicit
1445 4938 1538 5014 epist.
1555 4931 1629 4995 tte.
1643 4934 1802 5025 pauciora,¹
1827 4930 1975 4996 faciliora

240 5019 363 5096 Quarto:
381 5020 572 5085 Sacrificium
589 5026 774 5086 christianae
790 5024 948 5104 religionis
963 5025 1057 5087 debet
1101 5020 1594 5101 etproestantiormergoeodem
1612 5016 1703 5077 modo
1724 5013 1875 5076 sacrrlleia
1903 5034 1972 5079 uon
2006 5072 2010 5077 .

88 5094 98 5110 ⁰
146 5134 148 5139 ·
198 5116 269 5163 csse
285 5105 361 5169 ritus
377 5108 501 5184 quidam
524 5125 539 5167 a
563 5108 624 5167 lleo
651 5106 830 5170 Christianis
857 5116 1052 5187 praeceptus,
1101 5099 1860 5169 debuitomuinotolleredemedio,sedmutare.

198 5185 356 5261 pertinens
371 5189 407 5249 ad
424 5189 508 5250 illum
525 5190 653 5263 cultum,
683 5191 734 5270 qui
763 5190 846 5252 latria
873 5191 994 5265 dicitur,
1022 5199 1055 5252 ut
1099 5231 1105 5245 ι
1141 5190 1298 5252 Secundo:
1315 5186 1503 5250 Sacrificium
1530 5190 1577 5248 cst
1602 5180 1883 5274 summusncultus,
1914 5187 1974 5263 qui

198 5274 279 5328 route
296 5270 486 5349 Augustinus
501 5271 629 5335 affirmat
645 5273 698 5334 lib.
721 5272 772 5335 ab.
800 5280 883 5335 cont.
909 5274 1055 5335 Faustum
1100 5272 1165 5334 Deo
1182 5271 1270 5333 tribui
1289 5270 1473 5349 possibilem
1490 5268 1559 5330 sine
1574 5272 1780 5357 controversae
1795 5279 1847 5323 res
1861 5268 1972 5361 serbis

197 5364 265 5425 cop.
280 5351 332 5413 at.
349 5356 383 5414 tt
398 5353 507 5416 Christi
524 5356 735 5436 urreisioqune
748 5357 859 5419 dicitur
870 5356 1053 5417 saorillcium
1101 5362 1268 5434 praestant3
1286 5362 1316 5415 et
1332 5356 1411 5415 inter
1426 5345 1807 5442 ressacrae'propittntm
1823 5352 1856 5407 ει
1882 5358 1973 5412 anter

134 5502 140 5513 1
198 5432 309 5507 crucis,
328 5452 428 5515 neque
444 5438 522 5499 ritus
537 5439 597 5499 dici
614 5445 723 5516 potest,
742 5454 811 5500 cum
827 5439 916 5500 tuerit
929 5439 993 5515 ipsa
1006 5455 1054 5500 re·
1100 5454 1215 5511 sacras,
1233 5438 1375 5515 publicae
1391 5436 1514 5514 privatis
1531 5450 1540 5507 3
1567 5436 1598 5493 ει
1612 5436 1693 5490 mter
1714 5427 1867 5506 publicas,
1895 5448 1970 5505 eae,

198 5514 388 5591 nusquam
404 5535 512 5580 omnes
527 5520 603 5582 ritus
619 5522 884 5596 adumbrabant3et
896 5522 989 5583 multo
1003 5522 1057 5583 mi·
1103 5517 1232 5601 quarum
1248 5523 1315 5601 ipsa
1331 5519 1501 5581 substantia
1518 5519 1547 5575 in
1563 5514 1618 5577 Ilei
1634 5514 1783 5573 bonorem
1806 5518 1970 5576 consumi·

115 5666 120 5675 ,
197 5612 257 5659 uus
273 5596 349 5661 ritus
372 5600 534 5664 Christiani
561 5610 746 5681 praeceptus
771 5604 831 5666 dici
860 5609 969 5681 polest,
998 5604 1057 5665 uisi
1104 5611 1164 5677 tur,
1180 5615 1270 5681 quam
1285 5618 1353 5678 eae,
1370 5618 1497 5678 quarum
1513 5591 1703 5660 solususus.
1716 5592 1904 5658 Taleautem
1920 5606 1971 5659 est

197 5678 267 5755 quis
281 5682 353 5745 relit
373 5684 463 5747 nobis
478 5701 493 5745 a
509 5685 570 5747 beo
583 5684 763 5763 imperatum
776 5702 929 5749 summum
942 5686 1057 5762 scelus,
1104 5686 1289 5750 saoudcium
1305 5687 1429 5765 proprie
1444 5684 1571 5755 dictum,
1587 5686 1619 5743 ut
1632 5684 1738 5740 uotum
1750 5683 1809 5740 εει.
1822 5677 1926 5752 Quare
1939 5684 1969 5742 si
