4084 6275
81 1292 88 1305 ·
200 1253 311 1315 cordo.

277 376 335 434 Μ
823 374 867 432 DE
886 370 1108 433 stcutneow
1128 368 1377 433 suoututsrtttt

206 505 285 571 otutt
299 508 393 589 igitur
406 508 444 573 ad
459 522 524 572 rent
539 504 611 573 terit
623 505 722 587 gloria
735 506 874 587 eorporis
890 556 901 587 ,
916 526 1008 589 onam
1023 525 1074 573 er·
1161 503 1461 587 responderimus
1478 502 1617 569 &antus
1636 506 1749 581 eorus,
1781 524 1843 571 non
1865 507 1988 590 signiti-

206 599 396 668 spectamus.
457 626 460 631 Δ
1119 603 1190 651 oare
1202 589 1404 653 elevationem
1419 584 1457 649 ed
1471 587 1574 649 tonum
1590 589 1780 667 corporalem
1797 608 1806 651 ε
1822 592 1940 671 alioqui
1955 610 1986 653 a·

243 673 518 755 Decimusqnintus
541 672 631 744 lo'ous
645 678 693 735 est
713 670 833 735 coloss.
849 673 881 737 3.
899 674 987 754 Quae
998 691 1072 739 sor·
1118 672 1245 751 stroiopi
1258 668 1892 755 piissimiessoutomniunrtrominumqui
1905 690 1988 739 sour-

200 771 276 821 strm
288 764 369 821 strat
380 757 540 837 quaesto,
553 754 612 829 artri
629 754 771 819 ceretro
795 762 841 819 eat
867 759 906 821 io
933 759 1074 822 deutero
1117 770 1174 832 per
1185 761 1345 817 versantur
1357 753 1472 827 auimo,
1488 759 1520 815 ot
1533 752 1633 817 oeulis
1647 753 1728 816 inter
1742 756 1864 835 sydera:
1881 759 1941 820 sod
1957 774 1990 821 e·

201 838 261 901 Dei
272 842 400 905 sedeas.
425 840 467 901 tir
481 840 541 904 troc
556 838 783 903 remeaturus
813 840 932 922 ooittgit
960 841 1015 903 tib.
1038 841 1069 905 i.
1118 837 1329 899 ierutionerua
1345 835 1440 898 rebus
1455 834 1632 904 terrentem
1646 836 1730 899 noris
1744 838 1839 918 huius
1854 841 1935 903 ritae
1949 841 1987 902 ad

201 920 302 985 Instit.
318 940 387 1001 oap.
405 922 454 984 tt.
478 911 737 1017 §iu-queistum
755 938 817 983 uon
833 938 905 987 esso
920 939 1070 1001 qnooren·
1117 917 1228 988 Deum,
1244 924 1275 986 ot
1288 934 1340 981 res
1355 926 1496 982 aeternas
1525 926 1556 982 et
1570 918 1700 981 divinas.
1716 919 1814 991 Unde.
1831 923 1986 986 sacerdoti

202 1004 275 1067 dum
291 1006 322 1067 io
337 1020 415 1084 pane
431 1000 656 1089 Eucharistiae:
673 1011 703 1067 et
718 1004 878 1073 additnon
894 1006 963 1069 sinu
980 1022 1070 1070 oaus-
1117 1000 1242 1068 direnti:
1260 1000 1399 1065 Sursum
1413 1002 1527 1074 corno,
1546 1017 1607 1063 oon
1630 1003 1866 1079 respondemus,
1885 1006 1987 1068 itabe-

200 1103 247 1159 sa,
264 1088 296 1149 io
311 1089 433 1165 antiqua
453 1086 594 1167 Emissis
608 1086 707 1171 tuisse
729 1089 911 1163 institutum,
939 1094 973 1151 ot
998 1095 1069 1151 anto
1116 1082 1987 1158 mosaortrmamoutumsonttooemmonoomtoum.

201 1170 416 1248 mysteriorum
448 1169 691 1239 celebrationem
718 1169 875 1235 diceretur
891 1189 900 1233 ε
931 1171 1072 1235 Sursum
1115 1165 1151 1227 Et
1165 1172 1260 1239 uerte,
1273 1165 1327 1246 qui
1343 1167 1375 1234 in
1389 1167 1450 1231 hoo
1464 1167 1581 1229 mundo
1597 1165 1750 1231 Christum
1766 1171 1960 1248 quaerebant
1976 1217 1985 1245 ‚

468 1310 471 1313 ,
514 1292 517 1296 -
593 1259 613 1301 -·
631 1271 642 1313 ,·
1111 1249 1160 1311 rei
1175 1249 1207 1312 in
1223 1250 1429 1328 praereptor
1444 1248 1611 1326 trasmapt,
1629 1249 1676 1312 rei
1693 1252 1723 1312 in
1739 1254 1904 1331 temptent
1919 1256 1987 1333 ipsa

238 1334 437 1413 Respondoo:
453 1332 487 1418 Si
496 1335 678 1413 timeremus
689 1334 749 1399 hoo
760 1335 1066 1415 argumentum,Jam·
1113 1332 1202 1411 Virgo
1213 1331 1319 1405 tiator,
1347 1334 1394 1394 rot
1410 1334 1441 1394 in
1456 1334 1635 1411 sepult-,turm
1653 1338 1687 1395 ut
1700 1333 1900 1413 Magdateom
1918 1353 1986 1397 sur·

199 1416 315 1480 dudum
331 1418 431 1480 rutero
443 1414 648 1501 jussissemus
660 1418 742 1479 ittam
754 1418 1064 1496 praefationemsur·
1111 1430 1180 1477 sum
1193 1430 1246 1477 oor
1267 1414 1434 1492 habebaot3
1450 1416 1521 1495 quta
1536 1415 1625 1477 ittum
1647 1417 1847 1497 quaerebant.
1865 1419 1920 1497 qui
1937 1426 1986 1481 est

198 1515 273 1562 sum
286 1501 401 1576 norom
417 1518 507 1577 quam
523 1509 624 1563 tarnen
639 1516 698 1563 nos
712 1501 878 1579 diligenter
891 1500 1065 1578 frequenta·
1110 1512 1205 1574 super
1219 1498 1321 1562 ornain
1334 1497 1417 1561 Dens
1433 1498 1616 1561 benedictus
1631 1496 1661 1559 in
1678 1500 1815 1563 sueonia.
1830 1500 1867 1563 Et
1881 1505 1986 1579 potest

199 1598 279 1657 mus,
303 1589 334 1644 et
348 1582 525 1656 adversarii,
541 1583 714 1663 negligunt
736 1582 868 1646 Tametsi
884 1584 1014 1646 enimin
1030 1584 1064 1645 tt·
1111 1578 1409 1659 nortmanorum
1440 1587 1550 1643 terram
1573 1581 1707 1643 intuetur
1729 1586 1760 1645 et
1784 1585 1912 1655 aontmt.
1931 1600 1985 1646 eor

202 1666 257 1727 bro
272 1666 312 1728 de
327 1666 386 1728 ritu
402 1673 663 1729 sacramentorum
678 1666 950 1745 ministrandorum
975 1667 1066 1744 iubet
1112 1662 1223 1725 lrabeat
1237 1678 1373 1741 sursnm3
1389 1667 1421 1725 et
1434 1668 1552 1736 eontra,
1568 1662 1641 1725 dum
1657 1665 1728 1743 quis
1743 1666 1865 1729 eoelum
1884 1667 1986 1729 intue-

198 1746 354 1821 Catrinus‚
368 1755 400 1811 ut
414 1750 614 1811 eonoiouator
638 1751 719 1813 inter
738 1749 985 1813 concionandum
1001 1766 1065 1833 nro·
1110 1751 1161 1807 tur
1182 1750 1213 1809 et
1236 1745 1360 1825 sopitat,
1376 1761 1430 1808 oor
1444 1745 1556 1808 habeat
1580 1744 1753 1825 deorsum3
1782 1748 1810 1811 si
1835 1748 1984 1811 nimirum

197 1838 278 1905 uest,
296 1847 419 1893 rursum
430 1847 483 1893 uor
496 1848 568 1893 esse
580 1831 756 1898 habendum
772 1849 782 1905 ς
800 1838 900 1893 tameo
926 1848 988 1895 uon
1003 1831 1069 1895 ruit
1110 1827 1165 1891 itio
1179 1828 1210 1889 in
1224 1832 1303 1895 terra
1317 1828 1431 1909 eogitot
1445 1828 1498 1893 Dei
1516 1830 1776 1909 potentiamquae
1788 1830 1834 1893 ibi
1849 1830 1987 1908 relucet3

199 1915 398 1991 praescriptis
410 1915 513 1980 verbis
524 1915 644 1977 reoitori
661 1916 880 1993 praefationem
895 1914 978 1977 illam
992 1929 1064 1977 oum
1111 1910 1162 1973 laio
1177 1917 1279 1973 autum
1299 1909 1332 1971 in
1347 1911 1435 1973 ooeio
1451 1912 1526 1973 ntutt
1543 1909 1667 1991 rogitet.
1696 1912 1754 1977 nisi
1780 1920 1921 1977 naturum
1958 1922 1987 1977 ot

201 1998 267 2057 suis
282 1996 551 2071 responsionibus,
575 2003 607 2059 ut
632 2004 753 2061 veteres
776 1996 955 2069 iaciebant,
980 2002 1061 2061 testa
1109 1994 1271 2073 qualitates
1286 1992 1377 2055 ooeii.
1397 1992 1448 2057 Sio
1471 1996 1564 2075 igitur
1578 1994 1631 2072 qui
1646 1994 1677 2057 iu
1692 1994 1880 2060 Eucharistia
1900 1994 1987 2059 Cirri-

198 2077 349 2158 cypriano
364 2079 396 2141 io
410 2095 504 2141 serto.
532 2080 571 2143 do
599 2087 665 2142 oret
686 2080 806 2143 tronto.
836 2087 867 2143 et
892 2080 1062 2159 Augustino
1108 2082 1189 2139 stum
1204 2082 1367 2153 quaerunt,
1384 2082 1415 2139 et
1429 2084 1624 2149 venerantur,
1640 2092 1763 2141 sursum
1776 2095 1830 2141 eor
1856 2079 1985 2151 habeut,

197 2164 253 2223 tto.
270 2160 309 2223 de
324 2162 578 2239 bonoperserer.
595 2180 664 2239 nep.
680 2162 767 2225 tinet
782 2162 927 2225 omnibus
941 2162 1063 2242 praesis
1108 2163 1134 2222 st
1146 2158 1186 2221 de
1200 2158 1268 2238 ipso
1284 2155 1416 2235 Christo,
1433 2176 1496 2225 uon
1511 2160 1551 2223 do
1565 2154 1697 2241 negotiis
1710 2162 1801 2243 hujus
1816 2162 1910 2237 ritae,
1939 2162 1987 2224 in·

196 2244 341 2323 liturgiis,
358 2242 476 2317 taoobi,
492 2244 609 2321 Basilii,
627 2244 849 2325 chrysostomi,
874 2249 906 2307 et
919 2243 1065 2311 omuibus
1111 2242 1201 2305 terim
1216 2240 1366 2321 oopiteot.

196 2326 311 2404 latinis3
326 2326 358 2390 it
370 2329 453 2407 quod
468 2331 560 2391 ettam
574 2329 634 2393 hoo
647 2335 785 2410 temporo
799 2342 857 2393 uos
867 2326 1011 2392 tacimus.
