<?xml version="1.0" encoding="UTF-8"?>
<!DOCTYPE html PUBLIC "-//W3C//DTD XHTML 1.0 Transitional//EN"
    "http://www.w3.org/TR/xhtml1/DTD/xhtml1-transitional.dtd">
<html xmlns="http://www.w3.org/1999/xhtml" xml:lang="en" lang="en">
 <head>
  <title>
</title>
<meta http-equiv="Content-Type" content="text/html;charset=utf-8" />
  <meta name='ocr-system' content='tesseract 3.04.00' />
  <meta name='ocr-capabilities' content='ocr_page ocr_carea ocr_par ocr_line ocrx_word'/>
</head>
<body>
  <div class='ocr_page' id='page_1' title='image "./operaomnia03unkngoog/operaomnia03unkngoog_0107.png"; bbox 0 0 4084 6275; ppageno 0'>
   <div class='ocr_carea' id='block_1_1' title="bbox 678 373 1733 439">
    <p class='ocr_par' dir='ltr' id='par_1_1' title="bbox 678 373 1733 439">
     <span class='ocr_line' id='line_1_1' title="bbox 678 373 1733 439; baseline -0.003 -2"><span class='ocrx_word' id='word_1_1' title='bbox 678 394 684 410; x_wconf 80' lang='grc'>’</span> <span class='ocrx_word' id='word_1_2' title='bbox 781 376 879 439; x_wconf 72' lang='lat' dir='ltr'><strong><em>clunii</em></strong></span> <span class='ocrx_word' id='word_1_3' title='bbox 896 373 1070 435; x_wconf 76' lang='lat' dir='ltr'><strong>SECUNDUS</strong></span> <span class='ocrx_word' id='word_1_4' title='bbox 1699 376 1733 435; x_wconf 81' lang='lat' dir='ltr'><strong><em>sl</em></strong></span> 
     </span>
    </p>
   </div>
   <div class='ocr_carea' id='block_1_2' title="bbox 67 510 1848 5812">
    <p class='ocr_par' dir='ltr' id='par_1_2' title="bbox 67 510 1848 5812">
     <span class='ocr_line' id='line_1_2' title="bbox 68 510 1803 595; baseline -0.003 -13"><span class='ocrx_word' id='word_1_5' title='bbox 68 515 115 581; x_wconf 85' lang='lat' dir='ltr'><strong><em>sed</em></strong></span> <span class='ocrx_word' id='word_1_6' title='bbox 129 512 295 577; x_wconf 85' lang='lat' dir='ltr'><strong><em>immediate</em></strong></span> <span class='ocrx_word' id='word_1_7' title='bbox 308 512 490 595; x_wconf 78' lang='lat' dir='ltr'><strong><em>applicando</em></strong></span> <span class='ocrx_word' id='word_1_8' title='bbox 504 512 614 579; x_wconf 78' lang='lat' dir='ltr'><strong><em>doaso</em></strong></span> <span class='ocrx_word' id='word_1_9' title='bbox 624 512 837 592; x_wconf 78' lang='lat' dir='ltr'><strong><em>merlinetaoe</em></strong></span> <span class='ocrx_word' id='word_1_10' title='bbox 846 515 903 578; x_wconf 91' lang='lat' dir='ltr'><strong><em>lm·</em></strong></span> <span class='ocrx_word' id='word_1_11' title='bbox 947 510 986 573; x_wconf 89' lang='lat' dir='ltr'><strong><em>in</em></strong></span> <span class='ocrx_word' id='word_1_12' title='bbox 995 510 1090 575; x_wconf 88' lang='lat' dir='ltr'><strong><em>nobis</em></strong></span> <span class='ocrx_word' id='word_1_13' title='bbox 1099 512 1505 587; x_wconf 82' lang='lat' dir='ltr'><strong><em>ramamentnmilaminici</em></strong></span> <span class='ocrx_word' id='word_1_14' title='bbox 1511 512 1705 593; x_wconf 61' lang='lat' dir='ltr'><strong><em>corporescit</em></strong></span> <span class='ocrx_word' id='word_1_15' title='bbox 1715 513 1803 577; x_wconf 88' lang='lat' dir='ltr'><strong><em>oide-</em></strong></span> 
     </span>
     <span class='ocr_line' id='line_1_3' title="bbox 67 593 1805 677; baseline 0.006 -16"><span class='ocrx_word' id='word_1_16' title='bbox 67 599 187 661; x_wconf 88' lang='lat' dir='ltr'><strong><em>mediate</em></strong></span> <span class='ocrx_word' id='word_1_17' title='bbox 203 594 409 675; x_wconf 81' lang='lat' dir='ltr'><strong><em>jnstttloundo.</em></strong></span> <span class='ocrx_word' id='word_1_18' title='bbox 431 596 468 659; x_wconf 79' lang='lat' dir='ltr'><strong><em>El</em></strong></span> <span class='ocrx_word' id='word_1_19' title='bbox 492 596 607 661; x_wconf 86' lang='lat' dir='ltr'><strong><em>ibidem</em></strong></span> <span class='ocrx_word' id='word_1_20' title='bbox 620 615 690 677; x_wconf 86' lang='lat' dir='ltr'><strong><em>cop.</em></strong></span> <span class='ocrx_word' id='word_1_21' title='bbox 715 596 767 661; x_wconf 74' lang='lat' dir='ltr'><strong><em>tt.</em></strong></span> <span class='ocrx_word' id='word_1_22' title='bbox 783 598 902 677; x_wconf 81' lang='lat' dir='ltr'><strong><em>probat,</em></strong></span> <span class='ocrx_word' id='word_1_23' title='bbox 949 593 1200 657; x_wconf 86' lang='lat' dir='ltr'><strong><em>iicetetsensnm</em></strong></span> <span class='ocrx_word' id='word_1_24' title='bbox 1218 596 1395 660; x_wconf 65' lang='lat' dir='ltr'><strong><em>minuatim</em></strong></span> <span class='ocrx_word' id='word_1_25' title='bbox 1403 597 1560 669; x_wconf 62' lang='lat' dir='ltr'><strong><em>mimmii·</em></strong></span> <span class='ocrx_word' id='word_1_26' title='bbox 1581 596 1805 675; x_wconf 65' lang='lat' dir='ltr'><strong><em>eliberavit·</em></strong></span> 
     </span>
     <span class='ocr_line' id='line_1_4' title="bbox 67 676 1808 761; baseline -0.001 -16"><span class='ocrx_word' id='word_1_27' title='bbox 67 686 272 745; x_wconf 85' lang='lat' dir='ltr'><strong><em>sacramcntum</em></strong></span> <span class='ocrx_word' id='word_1_28' title='bbox 288 680 431 759; x_wconf 80' lang='lat' dir='ltr'><strong><em>Baptismi</em></strong></span> <span class='ocrx_word' id='word_1_29' title='bbox 451 680 581 743; x_wconf 88' lang='lat' dir='ltr'><strong><em>moltam</em></strong></span> <span class='ocrx_word' id='word_1_30' title='bbox 594 681 729 761; x_wconf 80' lang='lat' dir='ltr'><strong><em>paruulis</em></strong></span> <span class='ocrx_word' id='word_1_31' title='bbox 741 680 903 760; x_wconf 81' lang='lat' dir='ltr'>prodesse,</span> <span class='ocrx_word' id='word_1_32' title='bbox 949 676 1190 757; x_wconf 84' lang='lat' dir='ltr'><strong><em>ribaspeceatis</em></strong></span> <span class='ocrx_word' id='word_1_33' title='bbox 1211 678 1445 745; x_wconf 88' lang='lat' dir='ltr'><strong><em>tailatomnino</em></strong></span> <span class='ocrx_word' id='word_1_34' title='bbox 1465 696 1667 743; x_wconf 84' lang='lat' dir='ltr'><strong><em>consensum.</em></strong></span> <span class='ocrx_word' id='word_1_35' title='bbox 1685 679 1808 759; x_wconf 83' lang='lat' dir='ltr'><strong><em>Siquis</em></strong></span> 
     </span>
     <span class='ocr_line' id='line_1_5' title="bbox 67 762 1808 842; baseline -0.001 -16"><span class='ocrx_word' id='word_1_36' title='bbox 67 764 174 826; x_wconf 85' lang='lat' dir='ltr'><strong><em>etiamsi</em></strong></span> <span class='ocrx_word' id='word_1_37' title='bbox 187 762 229 823; x_wconf 89' lang='lat' dir='ltr'><strong><em>ilii</em></strong></span> <span class='ocrx_word' id='word_1_38' title='bbox 243 770 367 825; x_wconf 76' lang='lat' dir='ltr'><strong><em>mreani</em></strong></span> <span class='ocrx_word' id='word_1_39' title='bbox 382 763 454 839; x_wconf 81' lang='lat' dir='ltr'><strong><em>llde3</em></strong></span> <span class='ocrx_word' id='word_1_40' title='bbox 466 778 504 825; x_wconf 89' lang='lat' dir='ltr'><strong><em>er</em></strong></span> <span class='ocrx_word' id='word_1_41' title='bbox 514 762 840 842; x_wconf 71' lang='lat' dir='ltr'><strong><em>conumeraremus</em></strong></span> <span class='ocrx_word' id='word_1_42' title='bbox 853 763 904 825; x_wconf 87' lang='lat' dir='ltr'><strong><em>da·</em></strong></span> <span class='ocrx_word' id='word_1_43' title='bbox 949 766 1090 821; x_wconf 84' lang='lat' dir='ltr'><strong><em>nestram</em></strong></span> <span class='ocrx_word' id='word_1_44' title='bbox 1104 776 1172 823; x_wconf 89' lang='lat' dir='ltr'><strong><em>non</em></strong></span> <span class='ocrx_word' id='word_1_45' title='bbox 1189 764 1256 823; x_wconf 88' lang='lat' dir='ltr'><strong><em>iam</em></strong></span> <span class='ocrx_word' id='word_1_46' title='bbox 1268 778 1365 839; x_wconf 89' lang='lat' dir='ltr'><strong><em>saepe</em></strong></span> <span class='ocrx_word' id='word_1_47' title='bbox 1384 764 1491 835; x_wconf 86' lang='lat' dir='ltr'><strong><em>modo,</em></strong></span> <span class='ocrx_word' id='word_1_48' title='bbox 1507 780 1575 826; x_wconf 80' lang='lat' dir='ltr'><strong><em>nora</em></strong></span> <span class='ocrx_word' id='word_1_49' title='bbox 1596 769 1662 825; x_wconf 91' lang='lat' dir='ltr'><strong><em>iam</em></strong></span> <span class='ocrx_word' id='word_1_50' title='bbox 1677 762 1808 827; x_wconf 86' lang='lat' dir='ltr'><strong><em>acerbas</em></strong></span> 
     </span>
     <span class='ocr_line' id='line_1_6' title="bbox 68 843 1809 926; baseline 0 -18"><span class='ocrx_word' id='word_1_51' title='bbox 68 849 146 908; x_wconf 88' lang='lat' dir='ltr'><strong><em>batur</em></strong></span> <span class='ocrx_word' id='word_1_52' title='bbox 159 852 260 907; x_wconf 88' lang='lat' dir='ltr'><strong><em>actara</em></strong></span> <span class='ocrx_word' id='word_1_53' title='bbox 275 846 338 908; x_wconf 82' lang='lat' dir='ltr'><strong><em>die:</em></strong></span> <span class='ocrx_word' id='word_1_54' title='bbox 355 846 419 909; x_wconf 83' lang='lat' dir='ltr'><strong><em>dur</em></strong></span> <span class='ocrx_word' id='word_1_55' title='bbox 432 861 518 921; x_wconf 82' lang='lat' dir='ltr'><strong><em>erpo,</em></strong></span> <span class='ocrx_word' id='word_1_56' title='bbox 535 847 645 924; x_wconf 84' lang='lat' dir='ltr'><strong><em>inquil.</em></strong></span> <span class='ocrx_word' id='word_1_57' title='bbox 658 848 908 926; x_wconf 85' lang='lat' dir='ltr'><strong><em>etpraeeeptmn</em></strong></span> <span class='ocrx_word' id='word_1_58' title='bbox 950 843 1253 905; x_wconf 88' lang='lat' dir='ltr'><strong><em>sentitiraoandiae</em></strong></span> <span class='ocrx_word' id='word_1_59' title='bbox 1265 851 1381 921; x_wconf 81' lang='lat' dir='ltr'><strong><em>moitis,</em></strong></span> <span class='ocrx_word' id='word_1_60' title='bbox 1393 846 1552 917; x_wconf 85' lang='lat' dir='ltr'><strong><em>inuidiae,</em></strong></span> <span class='ocrx_word' id='word_1_61' title='bbox 1569 846 1736 918; x_wconf 75' lang='lat' dir='ltr'><strong><em>trasarice,</em></strong></span> <span class='ocrx_word' id='word_1_62' title='bbox 1750 848 1809 909; x_wconf 90' lang='lat' dir='ltr'><strong><em>ani</em></strong></span> 
     </span>
     <span class='ocr_line' id='line_1_7' title="bbox 69 924 1808 1008; baseline -0.001 -16"><span class='ocrx_word' id='word_1_63' title='bbox 69 930 450 1006; x_wconf 78' lang='lat' dir='ltr'><strong><em>enmonmemaeincepe</em></strong></span> <span class='ocrx_word' id='word_1_64' title='bbox 459 927 621 1005; x_wconf 74' lang='lat' dir='ltr'><strong><em>infantem</em></strong></span> <span class='ocrx_word' id='word_1_65' title='bbox 631 930 814 993; x_wconf 78' lang='lat' dir='ltr'><strong><em>ramentum</em></strong></span> <span class='ocrx_word' id='word_1_66' title='bbox 824 933 909 991; x_wconf 90' lang='lat' dir='ltr'><strong><em>octa·</em></strong></span> <span class='ocrx_word' id='word_1_67' title='bbox 951 931 1151 987; x_wconf 82' lang='lat' dir='ltr'><strong><em>caeterorum</em></strong></span> <span class='ocrx_word' id='word_1_68' title='bbox 1172 924 1369 1004; x_wconf 74' lang='lat' dir='ltr'><strong><em>baimmadi</em></strong></span> <span class='ocrx_word' id='word_1_69' title='bbox 1394 930 1519 1007; x_wconf 81' lang='lat' dir='ltr'><strong><em>pretias</em></strong></span> <span class='ocrx_word' id='word_1_70' title='bbox 1542 932 1620 1008; x_wconf 83' lang='lat' dir='ltr'><strong><em>apat</em></strong></span> <span class='ocrx_word' id='word_1_71' title='bbox 1634 929 1764 1007; x_wconf 78' lang='lat' dir='ltr'><em>corpori</em></span> <span class='ocrx_word' id='word_1_72' title='bbox 1778 932 1808 991; x_wconf 89' lang='lat' dir='ltr'><strong><em>et</em></strong></span> 
     </span>
     <span class='ocr_line' id='line_1_8' title="bbox 69 1006 1808 1091; baseline -0.001 -17"><span class='ocrx_word' id='word_1_73' title='bbox 69 1010 799 1091; x_wconf 68' lang='lat' dir='ltr'><strong><em>codmcbenmcideretanlnondmnpoterant</em></strong></span> <span class='ocrx_word' id='word_1_74' title='bbox 811 1012 907 1075; x_wconf 85' lang='lat' dir='ltr'><strong><em>eorde</em></strong></span> <span class='ocrx_word' id='word_1_75' title='bbox 950 1008 1109 1085; x_wconf 81' lang='lat' dir='ltr'><strong><em>snrcpaini</em></strong></span> <span class='ocrx_word' id='word_1_76' title='bbox 1135 1006 1276 1069; x_wconf 88' lang='lat' dir='ltr'><strong><em>Domini:</em></strong></span> <span class='ocrx_word' id='word_1_77' title='bbox 1298 1011 1456 1090; x_wconf 86' lang='lat' dir='ltr'><strong><em>qnoniam</em></strong></span> <span class='ocrx_word' id='word_1_78' title='bbox 1479 1014 1582 1074; x_wconf 86' lang='lat' dir='ltr'><strong><em>cirins</em></strong></span> <span class='ocrx_word' id='word_1_79' title='bbox 1609 1011 1808 1075; x_wconf 77' lang='lat' dir='ltr'><strong><em>sacramenti</em></strong></span> 
     </span>
     <span class='ocr_line' id='line_1_9' title="bbox 69 1090 1810 1175; baseline 0 -19"><span class='ocrx_word' id='word_1_80' title='bbox 69 1092 905 1175; x_wconf 69' lang='lat' dir='ltr'><strong><em>cecinenteldepntoretnradjastitiammlsiqnia,</em></strong></span> <span class='ocrx_word' id='word_1_81' title='bbox 952 1090 1154 1162; x_wconf 75' lang='lat' dir='ltr'><strong><em>comatoria</em></strong></span> <span class='ocrx_word' id='word_1_82' title='bbox 1180 1106 1229 1153; x_wconf 90' lang='lat' dir='ltr'><strong><em>eo.</em></strong></span> <span class='ocrx_word' id='word_1_83' title='bbox 1253 1090 1334 1153; x_wconf 86' lang='lat' dir='ltr'><strong><em>linco</em></strong></span> <span class='ocrx_word' id='word_1_84' title='bbox 1360 1094 1423 1155; x_wconf 87' lang='lat' dir='ltr'><strong><em>iiie:</em></strong></span> <span class='ocrx_word' id='word_1_85' title='bbox 1440 1094 1530 1175; x_wconf 88' lang='lat' dir='ltr'><strong><em>cujus</em></strong></span> <span class='ocrx_word' id='word_1_86' title='bbox 1556 1094 1645 1155; x_wconf 86' lang='lat' dir='ltr'><strong><em>rerba</em></strong></span> <span class='ocrx_word' id='word_1_87' title='bbox 1662 1110 1722 1156; x_wconf 91' lang='lat' dir='ltr'><strong><em>non</em></strong></span> <span class='ocrx_word' id='word_1_88' title='bbox 1739 1110 1810 1171; x_wconf 91' lang='lat' dir='ltr'><strong><em>pos·</em></strong></span> 
     </span>
     <span class='ocr_line' id='line_1_10' title="bbox 70 1171 1810 1255; baseline -0.001 -16"><span class='ocrx_word' id='word_1_89' title='bbox 70 1178 319 1254; x_wconf 86' lang='lat' dir='ltr'><strong><em>etipsumperse</em></strong></span> <span class='ocrx_word' id='word_1_90' title='bbox 331 1179 691 1255; x_wconf 79' lang='lat' dir='ltr'><strong><em>ipcomsacramentnm</em></strong></span> <span class='ocrx_word' id='word_1_91' title='bbox 703 1178 908 1241; x_wconf 84' lang='lat' dir='ltr'><strong><em>mottmnoa-</em></strong></span> <span class='ocrx_word' id='word_1_92' title='bbox 952 1177 1024 1233; x_wconf 90' lang='lat' dir='ltr'><strong><em>sont</em></strong></span> <span class='ocrx_word' id='word_1_93' title='bbox 1041 1172 1115 1233; x_wconf 85' lang='lat' dir='ltr'><strong><em>trabi</em></strong></span> <span class='ocrx_word' id='word_1_94' title='bbox 1133 1173 1168 1234; x_wconf 91' lang='lat' dir='ltr'><strong><em>ad</em></strong></span> <span class='ocrx_word' id='word_1_95' title='bbox 1185 1171 1328 1237; x_wconf 80' lang='lat' dir='ltr'><strong><em>effectum</em></strong></span> <span class='ocrx_word' id='word_1_96' title='bbox 1353 1177 1533 1240; x_wconf 75' lang='lat' dir='ltr'><strong>nutriendae</strong></span> <span class='ocrx_word' id='word_1_97' title='bbox 1547 1174 1630 1239; x_wconf 91' lang='lat' dir='ltr'><strong><em>iidei.</em></strong></span> <span class='ocrx_word' id='word_1_98' title='bbox 1654 1176 1716 1241; x_wconf 82' lang='lat' dir='ltr'><strong><em>don</em></strong></span> <span class='ocrx_word' id='word_1_99' title='bbox 1729 1178 1810 1238; x_wconf 91' lang='lat' dir='ltr'><strong><em>enim</em></strong></span> 
     </span>
     <span class='ocr_line' id='line_1_11' title="bbox 70 1253 1809 1336; baseline 0.002 -22"><span class='ocrx_word' id='word_1_100' title='bbox 70 1257 405 1336; x_wconf 61' lang='lat' dir='ltr'><strong><em>mtsspllrrgmtinus</em></strong></span> <span class='ocrx_word' id='word_1_101' title='bbox 416 1260 744 1328; x_wconf 79' lang='lat' dir='ltr'><strong><em>doaet,sacramanlum</em></strong></span> <span class='ocrx_word' id='word_1_102' title='bbox 759 1276 819 1327; x_wconf 78' lang='lat' dir='ltr'><strong><em>nan</em></strong></span> <span class='ocrx_word' id='word_1_103' title='bbox 834 1275 908 1336; x_wconf 76' lang='lat' dir='ltr'><strong><em>ope-</em></strong></span> <span class='ocrx_word' id='word_1_104' title='bbox 952 1271 978 1317; x_wconf 92' lang='lat' dir='ltr'><strong><em>s.</em></strong></span> <span class='ocrx_word' id='word_1_105' title='bbox 995 1253 1167 1319; x_wconf 79' lang='lat' dir='ltr'><strong><em>bernardus</em></strong></span> <span class='ocrx_word' id='word_1_106' title='bbox 1191 1256 1289 1318; x_wconf 89' lang='lat' dir='ltr'><strong><em>solum</em></strong></span> <span class='ocrx_word' id='word_1_107' title='bbox 1306 1258 1389 1333; x_wconf 90' lang='lat' dir='ltr'><strong><em>dicit,</em></strong></span> <span class='ocrx_word' id='word_1_108' title='bbox 1418 1274 1473 1335; x_wconf 91' lang='lat' dir='ltr'><strong><em>per</em></strong></span> <span class='ocrx_word' id='word_1_109' title='bbox 1487 1264 1674 1323; x_wconf 90' lang='lat' dir='ltr'><strong><em>sacramenia</em></strong></span> <span class='ocrx_word' id='word_1_110' title='bbox 1697 1259 1809 1321; x_wconf 90' lang='lat' dir='ltr'><strong><em>remitti</em></strong></span> 
     </span>
     <span class='ocr_line' id='line_1_12' title="bbox 70 1338 1811 1419; baseline 0 -16"><span class='ocrx_word' id='word_1_111' title='bbox 70 1341 286 1404; x_wconf 84' lang='lat' dir='ltr'><strong><em>rariexciiaada</em></strong></span> <span class='ocrx_word' id='word_1_112' title='bbox 311 1340 415 1407; x_wconf 84' lang='lat' dir='ltr'><strong><em>iidem.</em></strong></span> <span class='ocrx_word' id='word_1_113' title='bbox 430 1341 487 1404; x_wconf 86' lang='lat' dir='ltr'><strong><em>sod</em></strong></span> <span class='ocrx_word' id='word_1_114' title='bbox 513 1341 540 1403; x_wconf 87' lang='lat' dir='ltr'><strong><em>ri</em></strong></span> <span class='ocrx_word' id='word_1_115' title='bbox 556 1357 610 1405; x_wconf 86' lang='lat' dir='ltr'><strong><em>saa</em></strong></span> <span class='ocrx_word' id='word_1_116' title='bbox 631 1341 805 1405; x_wconf 83' lang='lat' dir='ltr'><strong><em>efficiendo.</em></strong></span> <span class='ocrx_word' id='word_1_117' title='bbox 821 1341 908 1405; x_wconf 89' lang='lat' dir='ltr'><strong><em>idem</em></strong></span> <span class='ocrx_word' id='word_1_118' title='bbox 952 1344 1088 1414; x_wconf 85' lang='lat' dir='ltr'><strong><em>peecata.</em></strong></span> <span class='ocrx_word' id='word_1_119' title='bbox 1105 1340 1203 1415; x_wconf 83' lang='lat' dir='ltr'><strong><em>quoad</em></strong></span> <span class='ocrx_word' id='word_1_120' title='bbox 1228 1339 1393 1402; x_wconf 84' lang='lat' dir='ltr'><strong><em>Loiirernni</em></strong></span> <span class='ocrx_word' id='word_1_121' title='bbox 1414 1338 1479 1403; x_wconf 87' lang='lat' dir='ltr'><strong><em>ileri</em></strong></span> <span class='ocrx_word' id='word_1_122' title='bbox 1506 1340 1620 1405; x_wconf 84' lang='lat' dir='ltr'><strong><em>volunt.</em></strong></span> <span class='ocrx_word' id='word_1_123' title='bbox 1649 1357 1703 1419; x_wconf 92' lang='lat' dir='ltr'><strong><em>per</em></strong></span> <span class='ocrx_word' id='word_1_124' title='bbox 1717 1340 1811 1405; x_wconf 89' lang='lat' dir='ltr'><strong><em>iidem</em></strong></span> 
     </span>
     <span class='ocr_line' id='line_1_13' title="bbox 69 1420 1812 1505; baseline 0 -18"><span class='ocrx_word' id='word_1_125' title='bbox 69 1425 238 1503; x_wconf 69' lang='lat' dir='ltr'><strong>Augustinus</strong></span> <span class='ocrx_word' id='word_1_126' title='bbox 253 1423 308 1487; x_wconf 88' lang='lat' dir='ltr'><strong><em>lib.</em></strong></span> <span class='ocrx_word' id='word_1_127' title='bbox 326 1424 376 1488; x_wconf 82' lang='lat' dir='ltr'><strong><em>lii.</em></strong></span> <span class='ocrx_word' id='word_1_128' title='bbox 392 1430 495 1487; x_wconf 86' lang='lat' dir='ltr'><strong><em>ooniro</em></strong></span> <span class='ocrx_word' id='word_1_129' title='bbox 521 1423 678 1495; x_wconf 78' lang='lat' dir='ltr'><strong><em>Faustum,</em></strong></span> <span class='ocrx_word' id='word_1_130' title='bbox 693 1442 763 1499; x_wconf 87' lang='lat' dir='ltr'><strong><em>cap.</em></strong></span> <span class='ocrx_word' id='word_1_131' title='bbox 781 1425 831 1487; x_wconf 89' lang='lat' dir='ltr'><strong><em>li.</em></strong></span> <span class='ocrx_word' id='word_1_132' title='bbox 847 1423 905 1487; x_wconf 85' lang='lat' dir='ltr'><strong><em>Sa</em></strong></span> <span class='ocrx_word' id='word_1_133' title='bbox 953 1420 1235 1498; x_wconf 73' lang='lat' dir='ltr'>apprehendentem</span> <span class='ocrx_word' id='word_1_134' title='bbox 1252 1420 1363 1487; x_wconf 84' lang='lat' dir='ltr'><strong><em>Christi</em></strong></span> <span class='ocrx_word' id='word_1_135' title='bbox 1386 1422 1548 1505; x_wconf 83' lang='lat' dir='ltr'><strong><em>justiliam,</em></strong></span> <span class='ocrx_word' id='word_1_136' title='bbox 1565 1430 1595 1487; x_wconf 90' lang='lat' dir='ltr'><strong><em>ct</em></strong></span> <span class='ocrx_word' id='word_1_137' title='bbox 1609 1424 1662 1487; x_wconf 87' lang='lat' dir='ltr'><strong><em>Dei</em></strong></span> <span class='ocrx_word' id='word_1_138' title='bbox 1679 1424 1812 1487; x_wconf 89' lang='lat' dir='ltr'><strong><em>benera-</em></strong></span> 
     </span>
     <span class='ocr_line' id='line_1_14' title="bbox 70 1502 1813 1585; baseline -0.001 -14"><span class='ocrx_word' id='word_1_139' title='bbox 70 1511 307 1579; x_wconf 70' lang='grc' dir='ltr'>ιιιιιιιιιοινιιι,</span> <span class='ocrx_word' id='word_1_140' title='bbox 333 1507 448 1585; x_wconf 81' lang='lat' dir='ltr'><strong><em>inquil,</em></strong></span> <span class='ocrx_word' id='word_1_141' title='bbox 472 1506 521 1569; x_wconf 85' lang='lat' dir='ltr'><strong><em>nis</em></strong></span> <span class='ocrx_word' id='word_1_142' title='bbox 539 1504 807 1575; x_wconf 59' lang='lat' dir='ltr'><strong><em>inenarrabiliter</em></strong></span> <span class='ocrx_word' id='word_1_143' title='bbox 824 1508 910 1570; x_wconf 88' lang='lat' dir='ltr'><strong><em>nolet</em></strong></span> <span class='ocrx_word' id='word_1_144' title='bbox 952 1502 1089 1579; x_wconf 82' lang='lat' dir='ltr'><strong><em>lentiam3</em></strong></span> <span class='ocrx_word' id='word_1_145' title='bbox 1105 1504 1159 1565; x_wconf 86' lang='lat' dir='ltr'><strong><em>sed</em></strong></span> <span class='ocrx_word' id='word_1_146' title='bbox 1176 1503 1264 1565; x_wconf 90' lang='lat' dir='ltr'><strong><em>etiam</em></strong></span> <span class='ocrx_word' id='word_1_147' title='bbox 1281 1504 1434 1581; x_wconf 88' lang='lat' dir='ltr'><strong><em>dieit,rim</em></strong></span> <span class='ocrx_word' id='word_1_148' title='bbox 1450 1507 1630 1571; x_wconf 88' lang='lat' dir='ltr'><strong><em>sacramenti</em></strong></span> <span class='ocrx_word' id='word_1_149' title='bbox 1647 1508 1765 1585; x_wconf 85' lang='lat' dir='ltr'><strong><em>operari</em></strong></span> <span class='ocrx_word' id='word_1_150' title='bbox 1780 1506 1813 1569; x_wconf 90' lang='lat' dir='ltr'><strong><em>in</em></strong></span> 
     </span>
     <span class='ocr_line' id='line_1_15' title="bbox 70 1584 1809 1670; baseline 0.001 -21"><span class='ocrx_word' id='word_1_151' title='bbox 70 1590 249 1669; x_wconf 84' lang='lat' dir='ltr'><strong><em>plurimam,</em></strong></span> <span class='ocrx_word' id='word_1_152' title='bbox 265 1595 297 1650; x_wconf 90' lang='lat' dir='ltr'><strong><em>et</em></strong></span> <span class='ocrx_word' id='word_1_153' title='bbox 319 1590 394 1652; x_wconf 86' lang='lat' dir='ltr'><strong><em>idea</em></strong></span> <span class='ocrx_word' id='word_1_154' title='bbox 414 1595 608 1669; x_wconf 79' lang='lat' dir='ltr'><strong><em>cmiternpta,</em></strong></span> <span class='ocrx_word' id='word_1_155' title='bbox 631 1590 806 1670; x_wconf 76' lang='lat' dir='ltr'><strong><em>samiiepos</em></strong></span> <span class='ocrx_word' id='word_1_156' title='bbox 819 1590 909 1667; x_wconf 77' lang='lat' dir='ltr'><strong><em>lacit.</em></strong></span> <span class='ocrx_word' id='word_1_157' title='bbox 953 1584 1055 1655; x_wconf 87' lang='lat' dir='ltr'><strong><em>cabis,</em></strong></span> <span class='ocrx_word' id='word_1_158' title='bbox 1072 1592 1104 1647; x_wconf 92' lang='lat' dir='ltr'><strong><em>al</em></strong></span> <span class='ocrx_word' id='word_1_159' title='bbox 1119 1601 1180 1647; x_wconf 91' lang='lat' dir='ltr'><strong><em>aaa</em></strong></span> <span class='ocrx_word' id='word_1_160' title='bbox 1195 1588 1424 1660; x_wconf 86' lang='lat' dir='ltr'><strong><em>consentiamus</em></strong></span> <span class='ocrx_word' id='word_1_161' title='bbox 1439 1591 1586 1669; x_wconf 86' lang='lat' dir='ltr'><strong><em>peccatis,</em></strong></span> <span class='ocrx_word' id='word_1_162' title='bbox 1600 1590 1680 1668; x_wconf 80' lang='lat' dir='ltr'><strong><em>quod</em></strong></span> <span class='ocrx_word' id='word_1_163' title='bbox 1693 1604 1748 1669; x_wconf 92' lang='lat' dir='ltr'><strong><em>per</em></strong></span> <span class='ocrx_word' id='word_1_164' title='bbox 1759 1605 1809 1651; x_wconf 90' lang='lat' dir='ltr'><strong><em>sa·</em></strong></span> 
     </span>
     <span class='ocr_line' id='line_1_16' title="bbox 71 1666 1809 1753; baseline 0 -20"><span class='ocrx_word' id='word_1_165' title='bbox 71 1672 162 1750; x_wconf 83' lang='lat' dir='ltr'><strong><em>imple</em></strong></span> <span class='ocrx_word' id='word_1_166' title='bbox 173 1671 624 1752; x_wconf 59' lang='lat' dir='ltr'><strong><em>principalissimam</em></strong></span> <span class='ocrx_word' id='word_1_167' title='bbox 647 1688 715 1753; x_wconf 78' lang='lat' dir='ltr'><strong><em>aaa</em></strong></span> <span class='ocrx_word' id='word_1_168' title='bbox 728 1678 911 1751; x_wconf 87' lang='lat' dir='ltr'><strong><em>nonpoiest</em></strong></span> <span class='ocrx_word' id='word_1_169' title='bbox 952 1666 1012 1729; x_wconf 89' lang='lat' dir='ltr'><strong><em>lam</em></strong></span> <span class='ocrx_word' id='word_1_170' title='bbox 1028 1666 1118 1730; x_wconf 83' lang='lat' dir='ltr'><strong><em>idem</em></strong></span> <span class='ocrx_word' id='word_1_171' title='bbox 1145 1684 1202 1733; x_wconf 90' lang='lat' dir='ltr'><strong><em>aec</em></strong></span> <span class='ocrx_word' id='word_1_172' title='bbox 1216 1677 1319 1749; x_wconf 86' lang='lat' dir='ltr'><strong><em>polest</em></strong></span> <span class='ocrx_word' id='word_1_173' title='bbox 1341 1670 1419 1745; x_wconf 87' lang='lat' dir='ltr'><strong><em>ileri.</em></strong></span> <span class='ocrx_word' id='word_1_174' title='bbox 1437 1668 1539 1752; x_wconf 85' lang='lat' dir='ltr'><strong><em>oeque</em></strong></span> <span class='ocrx_word' id='word_1_175' title='bbox 1563 1674 1727 1735; x_wconf 79' lang='lat' dir='ltr'><strong><em>adversarii</em></strong></span> <span class='ocrx_word' id='word_1_176' title='bbox 1743 1672 1809 1735; x_wconf 90' lang='lat' dir='ltr'><strong><em>lieri</em></strong></span> 
     </span>
     <span class='ocr_line' id='line_1_17' title="bbox 67 1752 1071 1833; baseline -0.004 -17"><span class='ocrx_word' id='word_1_177' title='bbox 67 1754 289 1833; x_wconf 68' lang='lat' dir='ltr'><strong><em>palimpietas</em></strong></span> <span class='ocrx_word' id='word_1_178' title='bbox 304 1754 388 1817; x_wconf 85' lang='lat' dir='ltr'><strong><em>lineo</em></strong></span> <span class='ocrx_word' id='word_1_179' title='bbox 402 1755 466 1816; x_wconf 86' lang='lat' dir='ltr'><strong><em>ille.</em></strong></span> <span class='ocrx_word' id='word_1_180' title='bbox 483 1756 517 1815; x_wconf 87' lang='lat' dir='ltr'><strong><em>lt</em></strong></span> <span class='ocrx_word' id='word_1_181' title='bbox 530 1754 558 1815; x_wconf 86' lang='lat' dir='ltr'><strong><em>si</em></strong></span> <span class='ocrx_word' id='word_1_182' title='bbox 573 1761 687 1817; x_wconf 88' lang='lat' dir='ltr'><strong><em>tantum</em></strong></span> <span class='ocrx_word' id='word_1_183' title='bbox 698 1757 863 1819; x_wconf 73' lang='lat' dir='ltr'><strong><em>excitarent</em></strong></span> <span class='ocrx_word' id='word_1_184' title='bbox 876 1755 910 1815; x_wconf 89' lang='lat' dir='ltr'><strong><em>il-</em></strong></span> <span class='ocrx_word' id='word_1_185' title='bbox 953 1752 1071 1813; x_wconf 90' lang='lat' dir='ltr'><strong><em>dieunt.</em></strong></span> 
     </span>
     <span class='ocr_line' id='line_1_18' title="bbox 69 1832 1814 1915; baseline -0.001 -16"><span class='ocrx_word' id='word_1_186' title='bbox 69 1840 129 1899; x_wconf 88' lang='lat' dir='ltr'><strong><em>dem</em></strong></span> <span class='ocrx_word' id='word_1_187' title='bbox 143 1837 302 1915; x_wconf 83' lang='lat' dir='ltr'><strong><em>abjectius,</em></strong></span> <span class='ocrx_word' id='word_1_188' title='bbox 320 1854 382 1899; x_wconf 88' lang='lat' dir='ltr'><strong><em>aaa</em></strong></span> <span class='ocrx_word' id='word_1_189' title='bbox 398 1838 487 1899; x_wconf 90' lang='lat' dir='ltr'><strong><em>mado</em></strong></span> <span class='ocrx_word' id='word_1_190' title='bbox 503 1854 563 1899; x_wconf 90' lang='lat' dir='ltr'><strong><em>aon</em></strong></span> <span class='ocrx_word' id='word_1_191' title='bbox 578 1837 821 1901; x_wconf 86' lang='lat' dir='ltr'><strong><em>inenarrabiliter</em></strong></span> <span class='ocrx_word' id='word_1_192' title='bbox 830 1839 911 1899; x_wconf 87' lang='lat' dir='ltr'><strong><em>rate·</em></strong></span> <span class='ocrx_word' id='word_1_193' title='bbox 995 1834 1037 1894; x_wconf 91' lang='lat' dir='ltr'><strong><em>ld</em></strong></span> <span class='ocrx_word' id='word_1_194' title='bbox 1062 1832 1122 1899; x_wconf 82' lang='lat' dir='ltr'><strong><em>irco</em></strong></span> <span class='ocrx_word' id='word_1_195' title='bbox 1135 1842 1347 1915; x_wconf 68' lang='lat' dir='ltr'><strong><em>argumentum</em></strong></span> <span class='ocrx_word' id='word_1_196' title='bbox 1373 1854 1411 1901; x_wconf 80' lang='lat' dir='ltr'><strong><em>ea</em></strong></span> <span class='ocrx_word' id='word_1_197' title='bbox 1426 1837 1562 1900; x_wconf 85' lang='lat' dir='ltr'><strong><em>Patribus</em></strong></span> <span class='ocrx_word' id='word_1_198' title='bbox 1588 1838 1671 1899; x_wconf 84' lang='lat' dir='ltr'><strong><em>uarie</em></strong></span> <span class='ocrx_word' id='word_1_199' title='bbox 1686 1852 1814 1915; x_wconf 77' lang='lat' dir='ltr'><strong><em>respon-</em></strong></span> 
     </span>
     <span class='ocr_line' id='line_1_19' title="bbox 68 1915 1813 2001; baseline -0.001 -20"><span class='ocrx_word' id='word_1_200' title='bbox 68 1927 128 1981; x_wconf 89' lang='lat' dir='ltr'><strong><em>rent</em></strong></span> <span class='ocrx_word' id='word_1_201' title='bbox 149 1920 323 1998; x_wconf 89' lang='lat' dir='ltr'><strong><em>plurimam,</em></strong></span> <span class='ocrx_word' id='word_1_202' title='bbox 339 1920 394 1981; x_wconf 89' lang='lat' dir='ltr'><strong><em>sed</em></strong></span> <span class='ocrx_word' id='word_1_203' title='bbox 419 1919 468 1980; x_wconf 86' lang='lat' dir='ltr'><strong><em>rix</em></strong></span> <span class='ocrx_word' id='word_1_204' title='bbox 481 1919 596 1999; x_wconf 85' lang='lat' dir='ltr'><strong><em>aliquid</em></strong></span> <span class='ocrx_word' id='word_1_205' title='bbox 621 1920 911 1985; x_wconf 73' lang='lat' dir='ltr'><strong><em>interuolitando</em></strong></span> <span class='ocrx_word' id='word_1_206' title='bbox 953 1915 1027 1976; x_wconf 89' lang='lat' dir='ltr'><strong><em>dent</em></strong></span> <span class='ocrx_word' id='word_1_207' title='bbox 1041 1916 1200 1994; x_wconf 61' lang='lat' dir='ltr'><strong><em>haeretica</em></strong></span> <span class='ocrx_word' id='word_1_208' title='bbox 1218 1918 1376 1999; x_wconf 75' lang='lat' dir='ltr'><strong><em>Philippus</em></strong></span> <span class='ocrx_word' id='word_1_209' title='bbox 1399 1923 1429 1983; x_wconf 90' lang='lat' dir='ltr'><strong><em>ia</em></strong></span> <span class='ocrx_word' id='word_1_210' title='bbox 1443 1921 1603 2001; x_wconf 74' lang='lat' dir='ltr'><strong><em>Apologia,</em></strong></span> <span class='ocrx_word' id='word_1_211' title='bbox 1620 1926 1676 1980; x_wconf 87' lang='lat' dir='ltr'><strong><em>art.</em></strong></span> <span class='ocrx_word' id='word_1_212' title='bbox 1695 1919 1743 1981; x_wconf 76' lang='lat' dir='ltr'><strong><em>ia.</em></strong></span> <span class='ocrx_word' id='word_1_213' title='bbox 1759 1937 1813 1983; x_wconf 91' lang='lat' dir='ltr'><strong><em>aa·</em></strong></span> 
     </span>
     <span class='ocr_line' id='line_1_20' title="bbox 70 1999 1813 2085; baseline -0.001 -20"><span class='ocrx_word' id='word_1_214' title='bbox 70 2000 205 2065; x_wconf 86' lang='lat' dir='ltr'><strong><em>macione</em></strong></span> <span class='ocrx_word' id='word_1_215' title='bbox 216 2016 310 2065; x_wconf 88' lang='lat' dir='ltr'><strong><em>nemo</em></strong></span> <span class='ocrx_word' id='word_1_216' title='bbox 324 2003 451 2073; x_wconf 88' lang='lat' dir='ltr'><strong><em>diceret,</em></strong></span> <span class='ocrx_word' id='word_1_217' title='bbox 468 2018 535 2064; x_wconf 87' lang='lat' dir='ltr'><strong><em>eam</em></strong></span> <span class='ocrx_word' id='word_1_218' title='bbox 558 2001 803 2067; x_wconf 78' lang='lat' dir='ltr'><strong><em>inenarrabiliter</em></strong></span> <span class='ocrx_word' id='word_1_219' title='bbox 816 2004 911 2083; x_wconf 85' lang='lat' dir='ltr'><strong><em>piuri-</em></strong></span> <span class='ocrx_word' id='word_1_220' title='bbox 953 1999 1059 2061; x_wconf 89' lang='lat' dir='ltr'><strong><em>deeter</em></strong></span> <span class='ocrx_word' id='word_1_221' title='bbox 1072 2016 1147 2061; x_wconf 89' lang='lat' dir='ltr'><strong><em>sane</em></strong></span> <span class='ocrx_word' id='word_1_222' title='bbox 1163 2000 1200 2060; x_wconf 89' lang='lat' dir='ltr'><strong><em>ita</em></strong></span> <span class='ocrx_word' id='word_1_223' title='bbox 1218 2000 1360 2079; x_wconf 88' lang='lat' dir='ltr'><strong><em>loquitur:</em></strong></span> <span class='ocrx_word' id='word_1_224' title='bbox 1371 2005 1475 2085; x_wconf 80' lang='lat' dir='ltr'><strong><em>deque</em></strong></span> <span class='ocrx_word' id='word_1_225' title='bbox 1488 2002 1558 2069; x_wconf 86' lang='lat' dir='ltr'><strong><em>nlla</em></strong></span> <span class='ocrx_word' id='word_1_226' title='bbox 1571 2005 1665 2067; x_wconf 88' lang='lat' dir='ltr'><strong><em>litera</em></strong></span> <span class='ocrx_word' id='word_1_227' title='bbox 1677 2019 1720 2065; x_wconf 81' lang='lat' dir='ltr'><strong><em>eto</em></strong></span> <span class='ocrx_word' id='word_1_228' title='bbox 1732 2008 1813 2065; x_wconf 89' lang='lat' dir='ltr'><strong><em>oete·</em></strong></span> 
     </span>
     <span class='ocr_line' id='line_1_21' title="bbox 70 2080 1813 2167; baseline 0.003 -23"><span class='ocrx_word' id='word_1_229' title='bbox 70 2100 140 2145; x_wconf 83' lang='lat' dir='ltr'><strong><em>arum</em></strong></span> <span class='ocrx_word' id='word_1_230' title='bbox 153 2085 261 2151; x_wconf 79' lang='lat' dir='ltr'><strong><em>valere.</em></strong></span> <span class='ocrx_word' id='word_1_231' title='bbox 289 2100 361 2147; x_wconf 90' lang='lat' dir='ltr'><strong><em>cum</em></strong></span> <span class='ocrx_word' id='word_1_232' title='bbox 382 2083 565 2161; x_wconf 86' lang='lat' dir='ltr'><strong><em>saepissime</em></strong></span> <span class='ocrx_word' id='word_1_233' title='bbox 591 2085 695 2147; x_wconf 89' lang='lat' dir='ltr'><strong><em>multis</em></strong></span> <span class='ocrx_word' id='word_1_234' title='bbox 710 2085 912 2154; x_wconf 81' lang='lat' dir='ltr'><strong><em>concionibus</em></strong></span> <span class='ocrx_word' id='word_1_235' title='bbox 952 2080 1044 2145; x_wconf 80' lang='lat' dir='ltr'><strong><em>ribos</em></strong></span> <span class='ocrx_word' id='word_1_236' title='bbox 1057 2082 1265 2161; x_wconf 80' lang='lat' dir='ltr'><strong><em>scriptoribus</em></strong></span> <span class='ocrx_word' id='word_1_237' title='bbox 1277 2087 1420 2164; x_wconf 71' lang='lat' dir='ltr'><strong><em>proferri</em></strong></span> <span class='ocrx_word' id='word_1_238' title='bbox 1437 2092 1553 2167; x_wconf 84' lang='lat' dir='ltr'><strong><em>potest.</em></strong></span> <span class='ocrx_word' id='word_1_239' title='bbox 1567 2102 1651 2167; x_wconf 78' lang='lat' dir='ltr'><strong><em>quoae</em></strong></span> <span class='ocrx_word' id='word_1_240' title='bbox 1669 2086 1813 2163; x_wconf 85' lang='lat' dir='ltr'><strong><em>patroci-</em></strong></span> 
     </span>
     <span class='ocr_line' id='line_1_22' title="bbox 70 2164 1658 2244; baseline 0.006 -18"><span class='ocrx_word' id='word_1_241' title='bbox 70 2166 209 2244; x_wconf 75' lang='lat' dir='ltr'><strong><em>riccilani</em></strong></span> <span class='ocrx_word' id='word_1_242' title='bbox 223 2174 414 2229; x_wconf 78' lang='lat' dir='ltr'><strong><em>moueantur:</em></strong></span> <span class='ocrx_word' id='word_1_243' title='bbox 431 2174 462 2228; x_wconf 89' lang='lat' dir='ltr'><strong><em>et</em></strong></span> <span class='ocrx_word' id='word_1_244' title='bbox 474 2174 576 2229; x_wconf 89' lang='lat' dir='ltr'><strong><em>tamen</em></strong></span> <span class='ocrx_word' id='word_1_245' title='bbox 589 2169 700 2231; x_wconf 91' lang='lat' dir='ltr'><strong><em>iateior</em></strong></span> <span class='ocrx_word' id='word_1_246' title='bbox 713 2168 864 2231; x_wconf 80' lang='lat' dir='ltr'><strong><em>botherus</em></strong></span> <span class='ocrx_word' id='word_1_247' title='bbox 878 2169 910 2231; x_wconf 89' lang='lat' dir='ltr'><strong><em>ia</em></strong></span> <span class='ocrx_word' id='word_1_248' title='bbox 953 2164 1444 2234; x_wconf 84' lang='lat' dir='ltr'><strong><em>neturinbacreSeimlastlcis.</em></strong></span> <span class='ocrx_word' id='word_1_249' title='bbox 1581 2218 1583 2223; x_wconf 74' lang='lat'><em>.</em></span> <span class='ocrx_word' id='word_1_250' title='bbox 1653 2213 1658 2223; x_wconf 46' lang='grc' dir='ltr'>ι</span> 
     </span>
     <span class='ocr_line' id='line_1_23' title="bbox 72 2248 1812 2331; baseline 0.002 -22"><span class='ocrx_word' id='word_1_251' title='bbox 72 2249 140 2311; x_wconf 88' lang='lat' dir='ltr'><strong><em>libro</em></strong></span> <span class='ocrx_word' id='word_1_252' title='bbox 153 2254 254 2311; x_wconf 88' lang='lat' dir='ltr'><strong><em>contra</em></strong></span> <span class='ocrx_word' id='word_1_253' title='bbox 268 2248 418 2311; x_wconf 80' lang='lat' dir='ltr'><strong><em>ioannem</em></strong></span> <span class='ocrx_word' id='word_1_254' title='bbox 441 2248 636 2321; x_wconf 79' lang='lat' dir='ltr'><strong><em>dochianum,</em></strong></span> <span class='ocrx_word' id='word_1_255' title='bbox 651 2252 747 2313; x_wconf 88' lang='lat' dir='ltr'><strong><em>muita</em></strong></span> <span class='ocrx_word' id='word_1_256' title='bbox 763 2251 912 2316; x_wconf 88' lang='lat' dir='ltr'><strong><em>eillcacio·</em></strong></span> <span class='ocrx_word' id='word_1_257' title='bbox 994 2248 1145 2311; x_wconf 80' lang='lat' dir='ltr'><strong><em>botherus</em></strong></span> <span class='ocrx_word' id='word_1_258' title='bbox 1160 2249 1190 2311; x_wconf 87' lang='lat' dir='ltr'><strong><em>io</em></strong></span> <span class='ocrx_word' id='word_1_259' title='bbox 1206 2250 1260 2311; x_wconf 89' lang='lat' dir='ltr'><strong><em>lib.</em></strong></span> <span class='ocrx_word' id='word_1_260' title='bbox 1277 2259 1379 2315; x_wconf 89' lang='lat' dir='ltr'><strong><em>eontra</em></strong></span> <span class='ocrx_word' id='word_1_261' title='bbox 1393 2250 1730 2331; x_wconf 77' lang='lat' dir='ltr'><strong><em>daealaeomapaosa&#39;t</em></strong></span> <span class='ocrx_word' id='word_1_262' title='bbox 1743 2250 1812 2313; x_wconf 88' lang='lat' dir='ltr'><strong><em>ioca</em></strong></span> 
     </span>
     <span class='ocr_line' id='line_1_24' title="bbox 70 2330 1816 2411; baseline -0.001 -18"><span class='ocrx_word' id='word_1_263' title='bbox 70 2346 125 2393; x_wconf 89' lang='lat' dir='ltr'><strong><em>rem</em></strong></span> <span class='ocrx_word' id='word_1_264' title='bbox 147 2344 215 2393; x_wconf 87' lang='lat' dir='ltr'><strong><em>esse</em></strong></span> <span class='ocrx_word' id='word_1_265' title='bbox 226 2334 410 2393; x_wconf 76' lang='lat' dir='ltr'><strong><em>coneiomm</em></strong></span> <span class='ocrx_word' id='word_1_266' title='bbox 435 2332 600 2409; x_wconf 88' lang='lat' dir='ltr'><strong><em>Baptismo.</em></strong></span> <span class='ocrx_word' id='word_1_267' title='bbox 617 2332 701 2407; x_wconf 82' lang='lat' dir='ltr'><strong><em>Quod</em></strong></span> <span class='ocrx_word' id='word_1_268' title='bbox 717 2336 910 2400; x_wconf 81' lang='lat' dir='ltr'><strong><em>verissimum</em></strong></span> <span class='ocrx_word' id='word_1_269' title='bbox 954 2330 1220 2411; x_wconf 75' lang='lat' dir='ltr'><strong><em>Augustinl,qone</em></strong></span> <span class='ocrx_word' id='word_1_270' title='bbox 1235 2330 1377 2397; x_wconf 80' lang='lat' dir='ltr'><strong><em>citaverat</em></strong></span> <span class='ocrx_word' id='word_1_271' title='bbox 1391 2334 1605 2399; x_wconf 77' lang='lat' dir='ltr'><strong><em>cecilianusei</em></strong></span> <span class='ocrx_word' id='word_1_272' title='bbox 1619 2334 1746 2395; x_wconf 89' lang='lat' dir='ltr'><strong><em>aliarum</em></strong></span> <span class='ocrx_word' id='word_1_273' title='bbox 1760 2333 1816 2393; x_wconf 70' lang='lat' dir='ltr'><strong><em>lal-</em></strong></span> 
     </span>
     <span class='ocr_line' id='line_1_25' title="bbox 70 2414 1811 2494; baseline 0.002 -20"><span class='ocrx_word' id='word_1_274' title='bbox 70 2414 147 2478; x_wconf 81' lang='lat' dir='ltr'><strong><em>estsi</em></strong></span> <span class='ocrx_word' id='word_1_275' title='bbox 160 2419 263 2493; x_wconf 72' lang='lat' dir='ltr'><strong><em>agaim</em></strong></span> <span class='ocrx_word' id='word_1_276' title='bbox 277 2414 318 2477; x_wconf 91' lang='lat' dir='ltr'><strong><em>de</em></strong></span> <span class='ocrx_word' id='word_1_277' title='bbox 332 2414 509 2477; x_wconf 85' lang='lat' dir='ltr'><strong><em>efficacitate</em></strong></span> <span class='ocrx_word' id='word_1_278' title='bbox 522 2418 706 2491; x_wconf 86' lang='lat' dir='ltr'><strong><em>praraceodi</em></strong></span> <span class='ocrx_word' id='word_1_279' title='bbox 718 2415 911 2481; x_wconf 83' lang='lat' dir='ltr'><strong><em>ildemldem</em></strong></span> <span class='ocrx_word' id='word_1_280' title='bbox 953 2421 1045 2479; x_wconf 83' lang='lat' dir='ltr'><strong><em>irum.</em></strong></span> <span class='ocrx_word' id='word_1_281' title='bbox 1062 2415 1115 2475; x_wconf 89' lang='lat' dir='ltr'><strong><em>scd</em></strong></span> <span class='ocrx_word' id='word_1_282' title='bbox 1134 2430 1217 2477; x_wconf 85' lang='lat' dir='ltr'><strong><em>inore</em></strong></span> <span class='ocrx_word' id='word_1_283' title='bbox 1243 2433 1299 2479; x_wconf 91' lang='lat' dir='ltr'><strong><em>suo</em></strong></span> <span class='ocrx_word' id='word_1_284' title='bbox 1315 2423 1493 2483; x_wconf 89' lang='lat' dir='ltr'><strong><em>contemnit:</em></strong></span> <span class='ocrx_word' id='word_1_285' title='bbox 1512 2416 1642 2491; x_wconf 82' lang='lat' dir='ltr'><strong><em>Quodsi</em></strong></span> <span class='ocrx_word' id='word_1_286' title='bbox 1653 2416 1811 2494; x_wconf 78' lang='lat' dir='ltr'><strong><em>acrisoni.</em></strong></span> 
     </span>
     <span class='ocr_line' id='line_1_26' title="bbox 71 2496 1812 2581; baseline 0.002 -24"><span class='ocrx_word' id='word_1_287' title='bbox 71 2497 243 2573; x_wconf 72' lang='lat' dir='ltr'><strong><em>Augustinus</em></strong></span> <span class='ocrx_word' id='word_1_288' title='bbox 272 2503 359 2558; x_wconf 87' lang='lat' dir='ltr'><strong><em>tract.</em></strong></span> <span class='ocrx_word' id='word_1_289' title='bbox 385 2496 439 2559; x_wconf 81' lang='lat' dir='ltr'><strong><em>so.</em></strong></span> <span class='ocrx_word' id='word_1_290' title='bbox 465 2497 495 2558; x_wconf 90' lang='lat' dir='ltr'><strong><em>io</em></strong></span> <span class='ocrx_word' id='word_1_291' title='bbox 517 2496 566 2561; x_wconf 82' lang='lat' dir='ltr'><strong><em>lo.</em></strong></span> <span class='ocrx_word' id='word_1_292' title='bbox 595 2498 680 2561; x_wconf 86' lang='lat' dir='ltr'><strong><em>dnae</em></strong></span> <span class='ocrx_word' id='word_1_293' title='bbox 703 2500 912 2565; x_wconf 86' lang='lat' dir='ltr'><strong><em>tantooirtas</em></strong></span> <span class='ocrx_word' id='word_1_294' title='bbox 954 2497 1126 2573; x_wconf 70' lang='lat' dir='ltr'><strong><em>inquinem</em></strong></span> <span class='ocrx_word' id='word_1_295' title='bbox 1145 2496 1304 2571; x_wconf 83' lang='lat' dir='ltr'><strong><em>Patribus,</em></strong></span> <span class='ocrx_word' id='word_1_296' title='bbox 1329 2502 1581 2581; x_wconf 82' lang='lat' dir='ltr'><strong><em>qnisemcrnni,</em></strong></span> <span class='ocrx_word' id='word_1_297' title='bbox 1603 2506 1812 2563; x_wconf 87' lang='lat' dir='ltr'><strong><em>sacramenta</em></strong></span> 
     </span>
     <span class='ocr_line' id='line_1_27' title="bbox 71 2578 1814 2661; baseline 0.002 -22"><span class='ocrx_word' id='word_1_298' title='bbox 71 2593 176 2656; x_wconf 84' lang='lat' dir='ltr'><strong><em>aquae,</em></strong></span> <span class='ocrx_word' id='word_1_299' title='bbox 191 2584 227 2639; x_wconf 88' lang='lat' dir='ltr'><strong><em>ni</em></strong></span> <span class='ocrx_word' id='word_1_300' title='bbox 241 2594 360 2657; x_wconf 81' lang='lat' dir='ltr'><strong><em>corpas</em></strong></span> <span class='ocrx_word' id='word_1_301' title='bbox 374 2584 499 2659; x_wconf 83' lang='lat' dir='ltr'><strong><em>lampat.</em></strong></span> <span class='ocrx_word' id='word_1_302' title='bbox 515 2586 545 2643; x_wconf 91' lang='lat' dir='ltr'><strong><em>et</em></strong></span> <span class='ocrx_word' id='word_1_303' title='bbox 557 2597 614 2643; x_wconf 88' lang='lat' dir='ltr'><strong><em>eor</em></strong></span> <span class='ocrx_word' id='word_1_304' title='bbox 627 2582 758 2647; x_wconf 78' lang='lat' dir='ltr'><strong><em>ablnati</em></strong></span> <span class='ocrx_word' id='word_1_305' title='bbox 773 2583 808 2645; x_wconf 73' lang='lat' dir='ltr'><strong><em>ill</em></strong></span> <span class='ocrx_word' id='word_1_306' title='bbox 822 2583 910 2646; x_wconf 86' lang='lat' dir='ltr'><strong><em>inira:</em></strong></span> <span class='ocrx_word' id='word_1_307' title='bbox 952 2592 1015 2642; x_wconf 82' lang='lat' dir='ltr'><strong><em>sna</em></strong></span> <span class='ocrx_word' id='word_1_308' title='bbox 1025 2578 1336 2660; x_wconf 77' lang='lat' dir='ltr'><strong><em>oirtntop&#39;nsiificare.</em></strong></span> <span class='ocrx_word' id='word_1_309' title='bbox 1349 2589 1424 2647; x_wconf 89' lang='lat' dir='ltr'><strong><em>esto.</em></strong></span> <span class='ocrx_word' id='word_1_310' title='bbox 1440 2587 1538 2649; x_wconf 83' lang='lat' dir='ltr'><strong><em>etiam</em></strong></span> <span class='ocrx_word' id='word_1_311' title='bbox 1549 2582 1759 2661; x_wconf 78' lang='lat' dir='ltr'><strong><em>Anpmrtnas,</em></strong></span> <span class='ocrx_word' id='word_1_312' title='bbox 1776 2588 1814 2643; x_wconf 89' lang='lat' dir='ltr'><strong><em>ot</em></strong></span> 
     </span>
     <span class='ocr_line' id='line_1_28' title="bbox 70 2660 1815 2741; baseline 0.001 -18"><span class='ocrx_word' id='word_1_313' title='bbox 70 2660 220 2723; x_wconf 64' lang='lat' dir='ltr'><strong><em>mendatio</em></strong></span> <span class='ocrx_word' id='word_1_314' title='bbox 231 2678 446 2741; x_wconf 68' lang='lat' dir='ltr'><strong><em>nemraqoam</em></strong></span> <span class='ocrx_word' id='word_1_315' title='bbox 459 2662 598 2741; x_wconf 75' lang='lat' dir='ltr'><strong><em>dumont</em></strong></span> <span class='ocrx_word' id='word_1_316' title='bbox 613 2663 704 2729; x_wconf 88' lang='lat' dir='ltr'><strong><em>labili</em></strong></span> <span class='ocrx_word' id='word_1_317' title='bbox 718 2665 912 2731; x_wconf 81' lang='lat' dir='ltr'><strong><em>tribueretur</em></strong></span> <span class='ocrx_word' id='word_1_318' title='bbox 955 2661 1128 2726; x_wconf 81' lang='lat' dir='ltr'><strong><em>cacameus</em></strong></span> <span class='ocrx_word' id='word_1_319' title='bbox 1140 2666 1314 2735; x_wconf 74' lang='lat' dir='ltr'><strong><em>contendit,</em></strong></span> <span class='ocrx_word' id='word_1_320' title='bbox 1327 2668 1412 2731; x_wconf 83' lang='lat' dir='ltr'><strong><em>roiiail</em></strong></span> <span class='ocrx_word' id='word_1_321' title='bbox 1425 2684 1545 2735; x_wconf 77' lang='lat' dir='ltr'><strong><em>moror,</em></strong></span> <span class='ocrx_word' id='word_1_322' title='bbox 1555 2666 1724 2730; x_wconf 70' lang='lat' dir='ltr'><strong><em>leoninam</em></strong></span> <span class='ocrx_word' id='word_1_323' title='bbox 1734 2669 1815 2729; x_wconf 84' lang='lat' dir='ltr'><strong><em>snat</em></strong></span> 
     </span>
     <span class='ocr_line' id='line_1_29' title="bbox 71 2742 1813 2829; baseline 0.002 -24"><span class='ocrx_word' id='word_1_324' title='bbox 71 2742 221 2813; x_wconf 74' lang='lat' dir='ltr'><strong><em>domama</em></strong></span> <span class='ocrx_word' id='word_1_325' title='bbox 235 2746 306 2806; x_wconf 79' lang='lat' dir='ltr'><strong><em>arisi</em></strong></span> <span class='ocrx_word' id='word_1_326' title='bbox 319 2746 496 2810; x_wconf 83' lang='lat' dir='ltr'><strong><em>adderetur</em></strong></span> <span class='ocrx_word' id='word_1_327' title='bbox 507 2747 547 2809; x_wconf 89' lang='lat' dir='ltr'><strong><em>in</em></strong></span> <span class='ocrx_word' id='word_1_328' title='bbox 559 2746 666 2811; x_wconf 82' lang='lat' dir='ltr'><strong><em>aerbo.</em></strong></span> <span class='ocrx_word' id='word_1_329' title='bbox 953 2744 1196 2823; x_wconf 81' lang='lat' dir='ltr'><strong><em>dictasibiipsis</em></strong></span> <span class='ocrx_word' id='word_1_330' title='bbox 1206 2751 1338 2826; x_wconf 85' lang='lat' dir='ltr'><strong><em>saepircs</em></strong></span> <span class='ocrx_word' id='word_1_331' title='bbox 1348 2750 1739 2829; x_wconf 78' lang='lat' dir='ltr'><strong><em>pnpnantitcmpteraque</em></strong></span> <span class='ocrx_word' id='word_1_332' title='bbox 1754 2748 1813 2809; x_wconf 82' lang='lat' dir='ltr'><strong><em>lan·</em></strong></span> 
     </span>
     <span class='ocr_line' id='line_1_30' title="bbox 103 2824 1817 2912; baseline 0.004 -25"><span class='ocrx_word' id='word_1_333' title='bbox 103 2824 245 2905; x_wconf 81' lang='lat' dir='ltr'><strong><em>beapapa</em></strong></span> <span class='ocrx_word' id='word_1_334' title='bbox 271 2827 305 2887; x_wconf 86' lang='lat' dir='ltr'><strong><em>in</em></strong></span> <span class='ocrx_word' id='word_1_335' title='bbox 321 2842 415 2889; x_wconf 87' lang='lat' dir='ltr'><strong><em>serm.</em></strong></span> <span class='ocrx_word' id='word_1_336' title='bbox 440 2828 470 2889; x_wconf 83' lang='lat' dir='ltr'><strong><em>l.</em></strong></span> <span class='ocrx_word' id='word_1_337' title='bbox 494 2829 532 2891; x_wconf 88' lang='lat' dir='ltr'><strong><em>de</em></strong></span> <span class='ocrx_word' id='word_1_338' title='bbox 547 2828 640 2891; x_wconf 80' lang='lat' dir='ltr'><strong><em>baioli</em></strong></span> <span class='ocrx_word' id='word_1_339' title='bbox 667 2828 800 2908; x_wconf 81' lang='lat' dir='ltr'><strong><em>bomini:</em></strong></span> <span class='ocrx_word' id='word_1_340' title='bbox 817 2830 913 2901; x_wconf 83' lang='lat' dir='ltr'><strong><em>Omni</em></strong></span> <span class='ocrx_word' id='word_1_341' title='bbox 953 2844 1053 2891; x_wconf 84' lang='lat' dir='ltr'><strong><em>marco</em></strong></span> <span class='ocrx_word' id='word_1_342' title='bbox 1075 2845 1173 2898; x_wconf 84' lang='lat' dir='ltr'><strong><em>senen</em></strong></span> <span class='ocrx_word' id='word_1_343' title='bbox 1195 2837 1290 2893; x_wconf 77' lang='lat' dir='ltr'><strong><em>amira</em></strong></span> <span class='ocrx_word' id='word_1_344' title='bbox 1312 2832 1496 2912; x_wconf 84' lang='lat' dir='ltr'><strong><em>Scripturas</em></strong></span> <span class='ocrx_word' id='word_1_345' title='bbox 1511 2832 1710 2897; x_wconf 86' lang='lat' dir='ltr'><strong><em>docentium.</em></strong></span> <span class='ocrx_word' id='word_1_346' title='bbox 1734 2830 1817 2893; x_wconf 77' lang='lat' dir='ltr'><strong><em>darec</em></strong></span> 
     </span>
     <span class='ocr_line' id='line_1_31' title="bbox 70 2905 1813 2993; baseline 0.002 -23"><span class='ocrx_word' id='word_1_347' title='bbox 70 2905 181 2971; x_wconf 76' lang='lat' dir='ltr'><strong><em>bonnm</em></strong></span> <span class='ocrx_word' id='word_1_348' title='bbox 192 2910 377 2973; x_wconf 80' lang='lat' dir='ltr'><strong><em>renascenti</em></strong></span> <span class='ocrx_word' id='word_1_349' title='bbox 401 2926 492 2991; x_wconf 82' lang='lat' dir='ltr'><strong><em>aqna</em></strong></span> <span class='ocrx_word' id='word_1_350' title='bbox 504 2912 723 2990; x_wconf 75' lang='lat' dir='ltr'><strong><em>baptismatis.</em></strong></span> <span class='ocrx_word' id='word_1_351' title='bbox 748 2916 854 2977; x_wconf 77' lang='lat' dir='ltr'><strong><em>mestar</em></strong></span> <span class='ocrx_word' id='word_1_352' title='bbox 867 2919 913 2977; x_wconf 89' lang='lat' dir='ltr'><strong><em>est</em></strong></span> <span class='ocrx_word' id='word_1_353' title='bbox 955 2913 1058 2973; x_wconf 78' lang='lat' dir='ltr'><strong><em>illest</em></strong></span> <span class='ocrx_word' id='word_1_354' title='bbox 1072 2919 1154 2975; x_wconf 86' lang='lat' dir='ltr'><strong><em>certe</em></strong></span> <span class='ocrx_word' id='word_1_355' title='bbox 1165 2909 1348 2979; x_wconf 18' lang='lat' dir='ltr'><strong><em>&#39;credibilius</em></strong></span> <span class='ocrx_word' id='word_1_356' title='bbox 1363 2922 1468 2993; x_wconf 88' lang='lat' dir='ltr'><strong><em>est‚tol</em></strong></span> <span class='ocrx_word' id='word_1_357' title='bbox 1483 2924 1606 2979; x_wconf 82' lang='lat' dir='ltr'><strong><em>sanctos</em></strong></span> <span class='ocrx_word' id='word_1_358' title='bbox 1618 2915 1720 2975; x_wconf 89' lang='lat' dir='ltr'><strong><em>Patres</em></strong></span> <span class='ocrx_word' id='word_1_359' title='bbox 1732 2912 1813 2975; x_wconf 87' lang='lat' dir='ltr'><strong><em>Seri·</em></strong></span> 
     </span>
     <span class='ocr_line' id='line_1_32' title="bbox 68 2992 1810 3076; baseline 0.002 -25"><span class='ocrx_word' id='word_1_360' title='bbox 68 2992 142 3053; x_wconf 85' lang='lat' dir='ltr'><strong><em>oteri</em></strong></span> <span class='ocrx_word' id='word_1_361' title='bbox 151 2992 337 3070; x_wconf 80' lang='lat' dir='ltr'><strong><em>cirpinalir,</em></strong></span> <span class='ocrx_word' id='word_1_362' title='bbox 351 2994 462 3056; x_wconf 90' lang='lat' dir='ltr'><strong><em>eadem</em></strong></span> <span class='ocrx_word' id='word_1_363' title='bbox 477 2993 603 3074; x_wconf 86' lang='lat' dir='ltr'><strong><em>Spiritn</em></strong></span> <span class='ocrx_word' id='word_1_364' title='bbox 622 2996 764 3074; x_wconf 85' lang='lat' dir='ltr'><strong><em>replente</em></strong></span> <span class='ocrx_word' id='word_1_365' title='bbox 777 2998 908 3075; x_wconf 74' lang='lat' dir='ltr'><strong><em>sontem,</em></strong></span> <span class='ocrx_word' id='word_1_366' title='bbox 954 3002 1074 3073; x_wconf 87' lang='lat' dir='ltr'><strong><em>piorum</em></strong></span> <span class='ocrx_word' id='word_1_367' title='bbox 1090 2994 1289 3062; x_wconf 86' lang='lat' dir='ltr'><strong><em>intellexisse.</em></strong></span> <span class='ocrx_word' id='word_1_368' title='bbox 1306 3012 1397 3076; x_wconf 83' lang='lat' dir='ltr'><strong><em>quam</em></strong></span> <span class='ocrx_word' id='word_1_369' title='bbox 1419 3017 1513 3063; x_wconf 89' lang='lat' dir='ltr'><strong><em>onom</em></strong></span> <span class='ocrx_word' id='word_1_370' title='bbox 1529 3000 1708 3062; x_wconf 81' lang='lat' dir='ltr'><strong><em>botherum:</em></strong></span> <span class='ocrx_word' id='word_1_371' title='bbox 1727 2997 1810 3073; x_wconf 84' lang='lat' dir='ltr'><strong><em>quod</em></strong></span> 
     </span>
     <span class='ocr_line' id='line_1_33' title="bbox 68 3075 1812 3162; baseline 0.005 -26"><span class='ocrx_word' id='word_1_372' title='bbox 68 3075 253 3153; x_wconf 81' lang='lat' dir='ltr'><strong><em>uuireptenit</em></strong></span> <span class='ocrx_word' id='word_1_373' title='bbox 279 3079 311 3138; x_wconf 89' lang='lat' dir='ltr'><strong><em>et</em></strong></span> <span class='ocrx_word' id='word_1_374' title='bbox 328 3076 498 3155; x_wconf 70' lang='lat' dir='ltr'><strong><em>lirpinenn</em></strong></span> <span class='ocrx_word' id='word_1_375' title='bbox 523 3084 561 3140; x_wconf 87' lang='lat' dir='ltr'><strong><em>at</em></strong></span> <span class='ocrx_word' id='word_1_376' title='bbox 573 3085 752 3158; x_wconf 84' lang='lat' dir='ltr'><strong><em>peccatmn,</em></strong></span> <span class='ocrx_word' id='word_1_377' title='bbox 764 3082 853 3162; x_wconf 80' lang='lat' dir='ltr'><strong><em>qnod</em></strong></span> <span class='ocrx_word' id='word_1_378' title='bbox 867 3080 915 3146; x_wconf 85' lang='lat' dir='ltr'><strong><em>ibi</em></strong></span> <span class='ocrx_word' id='word_1_379' title='bbox 954 3080 1022 3158; x_wconf 88' lang='lat' dir='ltr'><strong><em>ipse</em></strong></span> <span class='ocrx_word' id='word_1_380' title='bbox 1038 3092 1160 3158; x_wconf 85' lang='lat' dir='ltr'><strong><em>quoque</em></strong></span> <span class='ocrx_word' id='word_1_381' title='bbox 1175 3080 1368 3156; x_wconf 83' lang='lat' dir='ltr'><strong><em>concederet,</em></strong></span> <span class='ocrx_word' id='word_1_382' title='bbox 1379 3083 1437 3146; x_wconf 90' lang='lat' dir='ltr'><strong><em>nisi</em></strong></span> <span class='ocrx_word' id='word_1_383' title='bbox 1454 3098 1523 3147; x_wconf 93' lang='lat' dir='ltr'><strong><em>eum</em></strong></span> <span class='ocrx_word' id='word_1_384' title='bbox 1541 3085 1630 3162; x_wconf 89' lang='lat' dir='ltr'><strong><em>piane</em></strong></span> <span class='ocrx_word' id='word_1_385' title='bbox 1647 3078 1812 3158; x_wconf 85' lang='lat' dir='ltr'><strong><em>superbiae</em></strong></span> 
     </span>
     <span class='ocr_line' id='line_1_34' title="bbox 69 3160 1302 3242; baseline 0.006 -24"><span class='ocrx_word' id='word_1_386' title='bbox 69 3160 204 3220; x_wconf 79' lang='grc' dir='ltr'>ιιιιιιιιιι</span> <span class='ocrx_word' id='word_1_387' title='bbox 222 3162 515 3239; x_wconf 85' lang='lat' dir='ltr'><strong><em>sacraconceptia.</em></strong></span> <span class='ocrx_word' id='word_1_388' title='bbox 529 3161 581 3224; x_wconf 91' lang='lat' dir='ltr'><strong><em>bie</em></strong></span> <span class='ocrx_word' id='word_1_389' title='bbox 595 3164 730 3242; x_wconf 80' lang='lat' dir='ltr'><strong><em>mpstica</em></strong></span> <span class='ocrx_word' id='word_1_390' title='bbox 755 3164 843 3226; x_wconf 79' lang='lat' dir='ltr'><strong><em>talbot</em></strong></span> <span class='ocrx_word' id='word_1_391' title='bbox 857 3163 916 3226; x_wconf 90' lang='lat' dir='ltr'><strong><em>ab·</em></strong></span> <span class='ocrx_word' id='word_1_392' title='bbox 954 3163 1081 3242; x_wconf 88' lang='lat' dir='ltr'><strong><em>spiritns</em></strong></span> <span class='ocrx_word' id='word_1_393' title='bbox 1096 3169 1302 3226; x_wconf 80' lang='lat' dir='ltr'><strong><em>excaecasset.</em></strong></span> 
     </span>
     <span class='ocr_line' id='line_1_35' title="bbox 72 3238 1810 3389; baseline 0.002 -89"><span class='ocrx_word' id='word_1_394' title='bbox 72 3238 150 3300; x_wconf 73' lang='lat' dir='ltr'><strong><em>nido.</em></strong></span> <span class='ocrx_word' id='word_1_395' title='bbox 179 3241 215 3302; x_wconf 84' lang='lat' dir='ltr'><strong><em>lli</em></strong></span> <span class='ocrx_word' id='word_1_396' title='bbox 229 3257 326 3303; x_wconf 86' lang='lat' dir='ltr'><strong><em>serm.</em></strong></span> <span class='ocrx_word' id='word_1_397' title='bbox 354 3241 385 3304; x_wconf 74' lang='lat' dir='ltr'><strong><em>S.</em></strong></span> <span class='ocrx_word' id='word_1_398' title='bbox 402 3242 576 3320; x_wconf 79' lang='lat' dir='ltr'><strong><em>Ortpinem.</em></strong></span> <span class='ocrx_word' id='word_1_399' title='bbox 600 3262 701 3323; x_wconf 85' lang='lat' dir='ltr'><strong><em>qaam</em></strong></span> <span class='ocrx_word' id='word_1_400' title='bbox 727 3247 914 3326; x_wconf 82' lang='lat' dir='ltr'><strong><em>sumpsiitn</em></strong></span> <span class='ocrx_word' id='word_1_401' title='bbox 995 3244 1137 3318; x_wconf 72' lang='lat' dir='ltr'><strong><em>Gallinas</em></strong></span> <span class='ocrx_word' id='word_1_402' title='bbox 1153 3247 1319 3324; x_wconf 84' lang='lat' dir='ltr'><strong><em>respondet</em></strong></span> <span class='ocrx_word' id='word_1_403' title='bbox 1333 3249 1428 3314; x_wconf 80' lang='lat' dir='ltr'><strong><em>lini.</em></strong></span> <span class='ocrx_word' id='word_1_404' title='bbox 1445 3241 1739 3389; x_wconf 49' lang='lat' dir='ltr'><strong><em>iastilulmaplbg</em></strong></span> <span class='ocrx_word' id='word_1_405' title='bbox 1753 3244 1810 3304; x_wconf 88' lang='grc' dir='ltr'>ιιιι.</span> 
     </span>
     <span class='ocr_line' id='line_1_36' title="bbox 71 3323 1813 3410; baseline 0.002 -26"><span class='ocrx_word' id='word_1_406' title='bbox 71 3327 150 3384; x_wconf 76' lang='lat' dir='ltr'><strong><em>ctera</em></strong></span> <span class='ocrx_word' id='word_1_407' title='bbox 163 3323 426 3404; x_wconf 64' lang='lat' dir='ltr'><strong><em>ttrmnnpooatt</em></strong></span> <span class='ocrx_word' id='word_1_408' title='bbox 437 3327 476 3387; x_wconf 88' lang='lat' dir='ltr'><strong><em>in</em></strong></span> <span class='ocrx_word' id='word_1_409' title='bbox 488 3327 577 3404; x_wconf 74' lang='lat' dir='ltr'><strong><em>sonte</em></strong></span> <span class='ocrx_word' id='word_1_410' title='bbox 590 3329 809 3408; x_wconf 80' lang='lat' dir='ltr'><strong><em>baptismatis:</em></strong></span> <span class='ocrx_word' id='word_1_411' title='bbox 824 3331 914 3394; x_wconf 83' lang='lat' dir='ltr'><strong><em>dedit</em></strong></span> <span class='ocrx_word' id='word_1_412' title='bbox 954 3328 1059 3390; x_wconf 84' lang='lat' dir='ltr'><strong><em>Patres</em></strong></span> <span class='ocrx_word' id='word_1_413' title='bbox 1072 3329 1273 3407; x_wconf 78' lang='lat' dir='ltr'><strong><em>hyperbolice</em></strong></span> <span class='ocrx_word' id='word_1_414' title='bbox 1300 3329 1395 3410; x_wconf 82' lang='lat' dir='ltr'><strong><em>loqui:</em></strong></span> <span class='ocrx_word' id='word_1_415' title='bbox 1411 3331 1518 3403; x_wconf 77' lang='lat' dir='ltr'><strong><em>Forte,</em></strong></span> <span class='ocrx_word' id='word_1_416' title='bbox 1542 3329 1638 3408; x_wconf 87' lang='lat' dir='ltr'><strong><em>inquil</em></strong></span> <span class='ocrx_word' id='word_1_417' title='bbox 1655 3373 1663 3391; x_wconf 86' lang='lat'><strong>.</strong></span> <span class='ocrx_word' id='word_1_418' title='bbox 1679 3344 1710 3388; x_wconf 84' lang='grc' dir='ltr'><strong><em>ιιι</em></strong></span> <span class='ocrx_word' id='word_1_419' title='bbox 1741 3343 1813 3388; x_wconf 89' lang='lat' dir='ltr'><strong><em>eras</em></strong></span> 
     </span>
     <span class='ocr_line' id='line_1_37' title="bbox 72 3407 1815 3494; baseline 0.001 -25"><span class='ocrx_word' id='word_1_420' title='bbox 72 3417 176 3483; x_wconf 72' lang='lat' dir='ltr'><strong><em>omae.</em></strong></span> <span class='ocrx_word' id='word_1_421' title='bbox 190 3407 281 3486; x_wconf 71' lang='lat' dir='ltr'><strong><em>meod</em></strong></span> <span class='ocrx_word' id='word_1_422' title='bbox 295 3408 385 3470; x_wconf 72' lang='grc' dir='ltr'>ιιιιιίι</span> <span class='ocrx_word' id='word_1_423' title='bbox 405 3407 511 3471; x_wconf 78' lang='lat' dir='ltr'><strong><em>lintri.</em></strong></span> <span class='ocrx_word' id='word_1_424' title='bbox 529 3410 731 3492; x_wconf 70' lang='lat' dir='ltr'><strong><em>lmtoocnim</em></strong></span> <span class='ocrx_word' id='word_1_425' title='bbox 744 3411 909 3491; x_wconf 75' lang='lat' dir='ltr'><strong><em>altissimi,</em></strong></span> <span class='ocrx_word' id='word_1_426' title='bbox 952 3413 1029 3474; x_wconf 85' lang='lat' dir='ltr'><strong><em>istos</em></strong></span> <span class='ocrx_word' id='word_1_427' title='bbox 1049 3411 1207 3488; x_wconf 81' lang='lat' dir='ltr'><strong><em>sopiaistas</em></strong></span> <span class='ocrx_word' id='word_1_428' title='bbox 1229 3413 1424 3494; x_wconf 86' lang='lat' dir='ltr'><strong><em>deceperant</em></strong></span> <span class='ocrx_word' id='word_1_429' title='bbox 1444 3414 1622 3478; x_wconf 89' lang='lat' dir='ltr'><strong><em>immodica</em></strong></span> <span class='ocrx_word' id='word_1_430' title='bbox 1634 3409 1815 3474; x_wconf 88' lang='lat' dir='ltr'><strong><em>iilasaora·</em></strong></span> 
     </span>
     <span class='ocr_line' id='line_1_38' title="bbox 72 3487 1811 3582; baseline 0.005 -36"><span class='ocrx_word' id='word_1_431' title='bbox 72 3493 97 3582; x_wconf 82' lang='lat' dir='ltr'><strong><em>et</em></strong></span> <span class='ocrx_word' id='word_1_432' title='bbox 105 3487 300 3552; x_wconf 77' lang='lat' dir='ltr'><strong><em>obumbratio</em></strong></span> <span class='ocrx_word' id='word_1_433' title='bbox 315 3488 456 3569; x_wconf 67' lang='lat' dir='ltr'><strong><em>§pintae</em></strong></span> <span class='ocrx_word' id='word_1_434' title='bbox 468 3493 587 3566; x_wconf 89' lang='lat' dir='ltr'><strong><em>sancti,</em></strong></span> <span class='ocrx_word' id='word_1_435' title='bbox 602 3511 687 3574; x_wconf 81' lang='lat' dir='ltr'><strong><em>qnae</em></strong></span> <span class='ocrx_word' id='word_1_436' title='bbox 700 3496 785 3573; x_wconf 73' lang='lat' dir='ltr'><strong><em>iecit,</em></strong></span> <span class='ocrx_word' id='word_1_437' title='bbox 795 3503 833 3560; x_wconf 84' lang='lat' dir='ltr'><strong><em>at</em></strong></span> <span class='ocrx_word' id='word_1_438' title='bbox 846 3496 911 3560; x_wconf 90' lang='lat' dir='ltr'><strong><em>iia·</em></strong></span> <span class='ocrx_word' id='word_1_439' title='bbox 952 3501 1135 3558; x_wconf 80' lang='lat' dir='ltr'><strong><em>mentomm</em></strong></span> <span class='ocrx_word' id='word_1_440' title='bbox 1148 3497 1307 3565; x_wconf 85' lang='lat' dir='ltr'><strong><em>encomia,</em></strong></span> <span class='ocrx_word' id='word_1_441' title='bbox 1321 3510 1406 3578; x_wconf 85' lang='lat' dir='ltr'><strong><em>poae</em></strong></span> <span class='ocrx_word' id='word_1_442' title='bbox 1418 3499 1459 3562; x_wconf 87' lang='lat' dir='ltr'><strong><em>do</em></strong></span> <span class='ocrx_word' id='word_1_443' title='bbox 1472 3499 1575 3576; x_wconf 80' lang='lat' dir='ltr'><strong><em>sipnis</em></strong></span> <span class='ocrx_word' id='word_1_444' title='bbox 1587 3495 1705 3560; x_wconf 86' lang='lat' dir='ltr'><strong><em>nostris</em></strong></span> <span class='ocrx_word' id='word_1_445' title='bbox 1716 3495 1811 3569; x_wconf 85' lang='lat' dir='ltr'><strong><em>apud</em></strong></span> 
     </span>
     <span class='ocr_line' id='line_1_39' title="bbox 69 3571 1812 3658; baseline 0.005 -28"><span class='ocrx_word' id='word_1_446' title='bbox 69 3577 249 3648; x_wconf 82' lang='lat' dir='ltr'><strong><em>napareret</em></strong></span> <span class='ocrx_word' id='word_1_447' title='bbox 263 3571 476 3649; x_wconf 73' lang='lat' dir='ltr'><strong><em>sanatorem,</em></strong></span> <span class='ocrx_word' id='word_1_448' title='bbox 501 3576 711 3655; x_wconf 74' lang='lat' dir='ltr'><strong><em>endensecit,</em></strong></span> <span class='ocrx_word' id='word_1_449' title='bbox 732 3585 912 3658; x_wconf 78' lang='lat' dir='ltr'><strong><em>atropatus·</em></strong></span> <span class='ocrx_word' id='word_1_450' title='bbox 952 3577 1356 3658; x_wconf 79' lang='lat' dir='ltr'><strong><em>aeternetepnntnrsqnate</em></strong></span> <span class='ocrx_word' id='word_1_451' title='bbox 1378 3577 1707 3658; x_wconf 82' lang='lat' dir='ltr'><strong><em>estiilndlupnstini.</em></strong></span> <span class='ocrx_word' id='word_1_452' title='bbox 1723 3577 1812 3655; x_wconf 84' lang='lat' dir='ltr'><strong><em>qaod</em></strong></span> 
     </span>
     <span class='ocr_line' id='line_1_40' title="bbox 71 3655 1811 3738; baseline 0.004 -26"><span class='ocrx_word' id='word_1_453' title='bbox 71 3658 111 3712; x_wconf 86' lang='lat' dir='ltr'><strong><em>ret</em></strong></span> <span class='ocrx_word' id='word_1_454' title='bbox 121 3655 210 3716; x_wconf 85' lang='lat' dir='ltr'><strong><em>anda</em></strong></span> <span class='ocrx_word' id='word_1_455' title='bbox 223 3655 418 3718; x_wconf 76' lang='lat' dir='ltr'><strong><em>credentem.</em></strong></span> <span class='ocrx_word' id='word_1_456' title='bbox 434 3655 516 3720; x_wconf 87' lang='lat' dir='ltr'><strong><em>ilaec</em></strong></span> <span class='ocrx_word' id='word_1_457' title='bbox 530 3658 595 3720; x_wconf 92' lang='lat' dir='ltr'><strong><em>iile.</em></strong></span> <span class='ocrx_word' id='word_1_458' title='bbox 629 3719 636 3734; x_wconf 76' lang='grc'>,</span> <span class='ocrx_word' id='word_1_459' title='bbox 952 3662 1068 3726; x_wconf 78' lang='lat' dir='ltr'><strong><em>nonno</em></strong></span> <span class='ocrx_word' id='word_1_460' title='bbox 1081 3660 1159 3738; x_wconf 81' lang='lat' dir='ltr'><strong><em>lepis</em></strong></span> <span class='ocrx_word' id='word_1_461' title='bbox 1172 3664 1724 3728; x_wconf 81' lang='lat' dir='ltr'><strong><em>sacramentaSaioatarcmlantam</em></strong></span> <span class='ocrx_word' id='word_1_462' title='bbox 1736 3674 1811 3736; x_wconf 84' lang='lat' dir='ltr'><strong><em>pro·</em></strong></span> 
     </span>
     <span class='ocr_line' id='line_1_41' title="bbox 103 3735 1812 3821; baseline 0.002 -25"><span class='ocrx_word' id='word_1_463' title='bbox 103 3735 207 3797; x_wconf 82' lang='lat' dir='ltr'><strong><em>luctor</em></strong></span> <span class='ocrx_word' id='word_1_464' title='bbox 216 3737 363 3798; x_wconf 81' lang='lat' dir='ltr'><strong><em>aemiliae</em></strong></span> <span class='ocrx_word' id='word_1_465' title='bbox 375 3742 414 3800; x_wconf 91' lang='lat' dir='ltr'><strong><em>de</em></strong></span> <span class='ocrx_word' id='word_1_466' title='bbox 425 3748 616 3804; x_wconf 83' lang='lat' dir='ltr'><strong><em>sacramento</em></strong></span> <span class='ocrx_word' id='word_1_467' title='bbox 629 3745 765 3820; x_wconf 90' lang='lat' dir='ltr'><strong><em>corporis</em></strong></span> <span class='ocrx_word' id='word_1_468' title='bbox 778 3744 909 3821; x_wconf 86' lang='lat' dir='ltr'><strong><em>bomini,</em></strong></span> <span class='ocrx_word' id='word_1_469' title='bbox 953 3744 1133 3812; x_wconf 79' lang='lat' dir='ltr'><strong><em>mittebant,</em></strong></span> <span class='ocrx_word' id='word_1_470' title='bbox 1145 3748 1259 3807; x_wconf 86' lang='lat' dir='ltr'><strong><em>nostra</em></strong></span> <span class='ocrx_word' id='word_1_471' title='bbox 1269 3749 1432 3811; x_wconf 80' lang='lat' dir='ltr'><strong><em>accedent</em></strong></span> <span class='ocrx_word' id='word_1_472' title='bbox 1445 3747 1595 3809; x_wconf 86' lang='lat' dir='ltr'><strong><em>salntem.</em></strong></span> <span class='ocrx_word' id='word_1_473' title='bbox 1609 3744 1672 3806; x_wconf 88' lang='lat' dir='ltr'><strong><em>iias</em></strong></span> <span class='ocrx_word' id='word_1_474' title='bbox 1684 3747 1714 3802; x_wconf 93' lang='lat' dir='ltr'><strong><em>et</em></strong></span> <span class='ocrx_word' id='word_1_475' title='bbox 1725 3741 1812 3802; x_wconf 86' lang='lat' dir='ltr'><strong><em>simi</em></strong></span> 
     </span>
     <span class='ocr_line' id='line_1_42' title="bbox 70 3819 1816 3913; baseline 0.006 -37"><span class='ocrx_word' id='word_1_476' title='bbox 70 3831 137 3909; x_wconf 69' lang='lat' dir='ltr'><strong><em>aare</em></strong></span> <span class='ocrx_word' id='word_1_477' title='bbox 149 3819 279 3882; x_wconf 84' lang='lat' dir='ltr'><strong><em>babetur</em></strong></span> <span class='ocrx_word' id='word_1_478' title='bbox 293 3820 375 3913; x_wconf 85' lang='lat' dir='ltr'><strong><em>inter</em></strong></span> <span class='ocrx_word' id='word_1_479' title='bbox 397 3819 523 3885; x_wconf 73' lang='lat' dir='ltr'><strong><em>bosonii</em></strong></span> <span class='ocrx_word' id='word_1_480' title='bbox 539 3823 691 3886; x_wconf 80' lang='lat' dir='ltr'><strong><em>Emisscni</em></strong></span> <span class='ocrx_word' id='word_1_481' title='bbox 714 3827 865 3901; x_wconf 76' lang='lat' dir='ltr'><strong><em>romilius,</em></strong></span> <span class='ocrx_word' id='word_1_482' title='bbox 882 3835 914 3892; x_wconf 91' lang='lat' dir='ltr'><strong><em>et</em></strong></span> <span class='ocrx_word' id='word_1_483' title='bbox 955 3829 999 3891; x_wconf 88' lang='lat' dir='ltr'><strong><em>les</em></strong></span> <span class='ocrx_word' id='word_1_484' title='bbox 1010 3829 1143 3891; x_wconf 87' lang='lat' dir='ltr'><strong><em>dicendi</em></strong></span> <span class='ocrx_word' id='word_1_485' title='bbox 1162 3823 1298 3904; x_wconf 71' lang='lat' dir='ltr'><strong><em>inuras</em></strong></span> <span class='ocrx_word' id='word_1_486' title='bbox 1312 3845 1465 3894; x_wconf 89' lang='lat' dir='ltr'><strong><em>cnmnnn</em></strong></span> <span class='ocrx_word' id='word_1_487' title='bbox 1488 3831 1689 3892; x_wconf 86' lang='lat' dir='ltr'><strong><em>aduerterent</em></strong></span> <span class='ocrx_word' id='word_1_488' title='bbox 1702 3825 1816 3904; x_wconf 82' lang='lat' dir='ltr'><strong><em>appar·</em></strong></span> 
     </span>
     <span class='ocr_line' id='line_1_43' title="bbox 70 3899 1815 3992; baseline 0.006 -35"><span class='ocrx_word' id='word_1_489' title='bbox 70 3911 95 3957; x_wconf 91' lang='lat' dir='ltr'><strong><em>m</em></strong></span> <span class='ocrx_word' id='word_1_490' title='bbox 107 3899 135 3960; x_wconf 84' lang='lat' dir='ltr'><strong><em>ti.</em></strong></span> <span class='ocrx_word' id='word_1_491' title='bbox 149 3907 220 3964; x_wconf 90' lang='lat' dir='ltr'><strong><em>tom.</em></strong></span> <span class='ocrx_word' id='word_1_492' title='bbox 245 3917 274 3963; x_wconf 87' lang='lat' dir='ltr'><strong><em>s.</em></strong></span> <span class='ocrx_word' id='word_1_493' title='bbox 291 3901 478 3983; x_wconf 70' lang='lat' dir='ltr'><strong><em>Hieronymi:</em></strong></span> <span class='ocrx_word' id='word_1_494' title='bbox 494 3905 591 3983; x_wconf 76' lang='lat' dir='ltr'><strong><em>Erpa,</em></strong></span> <span class='ocrx_word' id='word_1_495' title='bbox 615 3908 725 3985; x_wconf 85' lang='lat' dir='ltr'><strong><em>inquil,</em></strong></span> <span class='ocrx_word' id='word_1_496' title='bbox 740 3915 777 3972; x_wconf 87' lang='lat' dir='ltr'><strong><em>ni</em></strong></span> <span class='ocrx_word' id='word_1_497' title='bbox 790 3912 836 3974; x_wconf 86' lang='lat' dir='ltr'><strong><em>ad</em></strong></span> <span class='ocrx_word' id='word_1_498' title='bbox 848 3927 911 3974; x_wconf 86' lang='lat' dir='ltr'><strong><em>no·</em></strong></span> <span class='ocrx_word' id='word_1_499' title='bbox 955 3910 1075 3974; x_wconf 81' lang='lat' dir='ltr'><strong><em>aalma</em></strong></span> <span class='ocrx_word' id='word_1_500' title='bbox 1086 3911 1270 3986; x_wconf 83' lang='lat' dir='ltr'><strong><em>esseeiipoi</em></strong></span> <span class='ocrx_word' id='word_1_501' title='bbox 1282 3911 1564 3992; x_wconf 79' lang='lat' dir='ltr'><strong><em>lapperbaiicasna</em></strong></span> <span class='ocrx_word' id='word_1_502' title='bbox 1577 3912 1815 3988; x_wconf 81' lang='lat' dir='ltr'><strong><em>dopnralapro·</em></strong></span> 
     </span>
     <span class='ocr_line' id='line_1_44' title="bbox 69 3979 1817 4078; baseline 0.005 -36"><span class='ocrx_word' id='word_1_503' title='bbox 69 3985 367 4078; x_wconf 79' lang='lat' dir='ltr'><strong><em>tempraecipientis</em></strong></span> <span class='ocrx_word' id='word_1_504' title='bbox 376 3985 650 4068; x_wconf 76' lang='lat' dir='ltr'><strong><em>Dominirepente</em></strong></span> <span class='ocrx_word' id='word_1_505' title='bbox 665 4004 708 4062; x_wconf 78' lang='lat' dir='ltr'><strong><em>em</em></strong></span> <span class='ocrx_word' id='word_1_506' title='bbox 720 3993 825 4055; x_wconf 86' lang='lat' dir='ltr'><strong><em>nibiia</em></strong></span> <span class='ocrx_word' id='word_1_507' title='bbox 838 3992 913 4056; x_wconf 87' lang='lat' dir='ltr'><strong><em>sab·</em></strong></span> <span class='ocrx_word' id='word_1_508' title='bbox 954 3995 1155 4072; x_wconf 77' lang='lat' dir='ltr'><strong><em>maciparnnt.</em></strong></span> <span class='ocrx_word' id='word_1_509' title='bbox 1172 3991 1254 4056; x_wconf 87' lang='lat' dir='ltr'><strong><em>liaeo</em></strong></span> <span class='ocrx_word' id='word_1_510' title='bbox 1268 3992 1332 4056; x_wconf 90' lang='lat' dir='ltr'><strong><em>iilo.</em></strong></span> <span class='ocrx_word' id='word_1_511' title='bbox 1349 3995 1385 4058; x_wconf 85' lang='grc' dir='ltr'><strong><em>Αι</em></strong></span> <span class='ocrx_word' id='word_1_512' title='bbox 1400 3996 1459 4058; x_wconf 87' lang='lat' dir='ltr'><strong><em>bae</em></strong></span> <span class='ocrx_word' id='word_1_513' title='bbox 1476 3979 1567 4057; x_wconf 81' lang='lat' dir='ltr'><strong><em>almis</em></strong></span> <span class='ocrx_word' id='word_1_514' title='bbox 1592 3995 1751 4055; x_wconf 85' lang='lat' dir='ltr'><strong><em>ruinosam</em></strong></span> <span class='ocrx_word' id='word_1_515' title='bbox 1769 3995 1817 4050; x_wconf 89' lang='lat' dir='ltr'><strong><em>est</em></strong></span> 
     </span>
     <span class='ocr_line' id='line_1_45' title="bbox 70 4067 1814 4164; baseline 0.006 -40"><span class='ocrx_word' id='word_1_516' title='bbox 70 4069 205 4128; x_wconf 77' lang='lat' dir='ltr'><strong><em>obterant</em></strong></span> <span class='ocrx_word' id='word_1_517' title='bbox 227 4067 361 4164; x_wconf 71' lang='lat' dir='ltr'><strong><em>excelsa</em></strong></span> <span class='ocrx_word' id='word_1_518' title='bbox 375 4071 548 4142; x_wconf 81' lang='lat' dir='ltr'><strong><em>cecinnam,</em></strong></span> <span class='ocrx_word' id='word_1_519' title='bbox 560 4073 729 4150; x_wconf 69' lang='lat' dir='ltr'><strong><em>profonda</em></strong></span> <span class='ocrx_word' id='word_1_520' title='bbox 742 4075 911 4154; x_wconf 73' lang='lat' dir='ltr'><strong><em>daemona,</em></strong></span> <span class='ocrx_word' id='word_1_521' title='bbox 956 4075 1114 4156; x_wconf 78' lang='lat' dir='ltr'><strong><em>eliagium.</em></strong></span> <span class='ocrx_word' id='word_1_522' title='bbox 1132 4075 1202 4137; x_wconf 88' lang='lat' dir='ltr'><strong><em>Nam</em></strong></span> <span class='ocrx_word' id='word_1_523' title='bbox 1219 4076 1299 4136; x_wconf 88' lang='lat' dir='ltr'><strong><em>citati</em></strong></span> <span class='ocrx_word' id='word_1_524' title='bbox 1317 4076 1429 4151; x_wconf 79' lang='lat' dir='ltr'><strong><em>Patras,</em></strong></span> <span class='ocrx_word' id='word_1_525' title='bbox 1447 4075 1658 4153; x_wconf 89' lang='lat' dir='ltr'><strong><em>utplurimum</em></strong></span> <span class='ocrx_word' id='word_1_526' title='bbox 1674 4074 1814 4135; x_wconf 88' lang='lat' dir='ltr'><strong><em>reieruul</em></strong></span> 
     </span>
     <span class='ocr_line' id='line_1_46' title="bbox 70 4153 1848 4240; baseline 0.003 -33"><span class='ocrx_word' id='word_1_527' title='bbox 70 4153 149 4240; x_wconf 83' lang='lat' dir='ltr'><strong><em>rasta</em></strong></span> <span class='ocrx_word' id='word_1_528' title='bbox 160 4155 385 4213; x_wconf 80' lang='lat' dir='ltr'><strong><em>terrarnmnta</em></strong></span> <span class='ocrx_word' id='word_1_529' title='bbox 395 4169 513 4231; x_wconf 86' lang='lat' dir='ltr'><strong><em>parem</em></strong></span> <span class='ocrx_word' id='word_1_530' title='bbox 521 4158 698 4232; x_wconf 89' lang='lat' dir='ltr'><strong><em>potentiam</em></strong></span> <span class='ocrx_word' id='word_1_531' title='bbox 709 4159 748 4221; x_wconf 90' lang='lat' dir='ltr'><strong><em>in</em></strong></span> <span class='ocrx_word' id='word_1_532' title='bbox 761 4160 912 4236; x_wconf 81' lang='lat' dir='ltr'><strong><em>spiritan-</em></strong></span> <span class='ocrx_word' id='word_1_533' title='bbox 956 4161 992 4221; x_wconf 91' lang='lat' dir='ltr'><strong><em>ad</em></strong></span> <span class='ocrx_word' id='word_1_534' title='bbox 1009 4157 1260 4239; x_wconf 86' lang='lat' dir='ltr'><strong><em>omnipotentiam</em></strong></span> <span class='ocrx_word' id='word_1_535' title='bbox 1276 4157 1329 4220; x_wconf 88' lang='lat' dir='ltr'><strong><em>Del</em></strong></span> <span class='ocrx_word' id='word_1_536' title='bbox 1346 4161 1404 4222; x_wconf 82' lang='lat' dir='ltr'><strong><em>iras</em></strong></span> <span class='ocrx_word' id='word_1_537' title='bbox 1418 4159 1574 4222; x_wconf 86' lang='lat' dir='ltr'><strong><em>mirabiles</em></strong></span> <span class='ocrx_word' id='word_1_538' title='bbox 1590 4156 1730 4220; x_wconf 83' lang='lat' dir='ltr'><strong><em>elladius:</em></strong></span> <span class='ocrx_word' id='word_1_539' title='bbox 1748 4155 1819 4215; x_wconf 92' lang='lat' dir='ltr'><strong><em>aui·</em></strong></span> <span class='ocrx_word' id='word_1_540' title='bbox 1845 4167 1848 4175; x_wconf 75' lang='grc'><em>’</em></span> 
     </span>
     <span class='ocr_line' id='line_1_47' title="bbox 73 4228 1816 4322; baseline 0.005 -31"><span class='ocrx_word' id='word_1_541' title='bbox 73 4228 145 4291; x_wconf 78' lang='lat' dir='ltr'><strong><em>liban</em></strong></span> <span class='ocrx_word' id='word_1_542' title='bbox 165 4235 381 4296; x_wconf 83' lang='lat' dir='ltr'><strong><em>sacramentis</em></strong></span> <span class='ocrx_word' id='word_1_543' title='bbox 400 4235 504 4298; x_wconf 85' lang='lat' dir='ltr'><strong><em>uerbis</em></strong></span> <span class='ocrx_word' id='word_1_544' title='bbox 521 4237 654 4316; x_wconf 86' lang='lat' dir='ltr'><strong><em>praebet</em></strong></span> <span class='ocrx_word' id='word_1_545' title='bbox 676 4241 796 4311; x_wconf 77' lang='lat' dir='ltr'><strong><em>metas,</em></strong></span> <span class='ocrx_word' id='word_1_546' title='bbox 817 4244 912 4306; x_wconf 85' lang='lat' dir='ltr'><strong><em>circi</em></strong></span> <span class='ocrx_word' id='word_1_547' title='bbox 957 4243 985 4304; x_wconf 92' lang='lat' dir='ltr'><strong><em>la</em></strong></span> <span class='ocrx_word' id='word_1_548' title='bbox 1000 4249 1100 4305; x_wconf 88' lang='lat' dir='ltr'><strong><em>uatem</em></strong></span> <span class='ocrx_word' id='word_1_549' title='bbox 1127 4249 1174 4303; x_wconf 92' lang='lat' dir='ltr'><strong><em>est</em></strong></span> <span class='ocrx_word' id='word_1_550' title='bbox 1188 4257 1267 4320; x_wconf 91' lang='lat' dir='ltr'><strong><em>opas</em></strong></span> <span class='ocrx_word' id='word_1_551' title='bbox 1291 4245 1521 4322; x_wconf 88' lang='lat' dir='ltr'><strong><em>omnipotentia,</em></strong></span> <span class='ocrx_word' id='word_1_552' title='bbox 1545 4239 1599 4304; x_wconf 86' lang='lat' dir='ltr'><strong><em>abl</em></strong></span> <span class='ocrx_word' id='word_1_553' title='bbox 1626 4255 1685 4302; x_wconf 92' lang='lat' dir='ltr'><strong><em>oon</em></strong></span> <span class='ocrx_word' id='word_1_554' title='bbox 1702 4237 1763 4298; x_wconf 88' lang='lat' dir='ltr'><strong><em>reri</em></strong></span> <span class='ocrx_word' id='word_1_555' title='bbox 1780 4253 1816 4300; x_wconf 92' lang='lat' dir='ltr'><strong><em>aa</em></strong></span> 
     </span>
     <span class='ocr_line' id='line_1_48' title="bbox 70 4311 1816 4408; baseline 0.002 -33"><span class='ocrx_word' id='word_1_556' title='bbox 70 4311 293 4408; x_wconf 72' lang='lat' dir='ltr'><strong><em>territellectus</em></strong></span> <span class='ocrx_word' id='word_1_557' title='bbox 306 4316 405 4378; x_wconf 73' lang='lat' dir='ltr'><strong><em>elabi</em></strong></span> <span class='ocrx_word' id='word_1_558' title='bbox 419 4317 535 4381; x_wconf 87' lang='lat' dir='ltr'><strong><em>ibidem</em></strong></span> <span class='ocrx_word' id='word_1_559' title='bbox 549 4337 588 4382; x_wconf 81' lang='lat' dir='ltr'><strong><em>er</em></strong></span> <span class='ocrx_word' id='word_1_560' title='bbox 601 4323 630 4383; x_wconf 88' lang='grc' dir='ltr'><strong><em>ιι</em></strong></span> <span class='ocrx_word' id='word_1_561' title='bbox 645 4326 824 4386; x_wconf 85' lang='lat' dir='ltr'><strong><em>sacramenti</em></strong></span> <span class='ocrx_word' id='word_1_562' title='bbox 838 4325 914 4404; x_wconf 84' lang='lat' dir='ltr'><strong><em>Bap·</em></strong></span> <span class='ocrx_word' id='word_1_563' title='bbox 957 4326 1083 4402; x_wconf 85' lang='lat' dir='ltr'><strong><em>pruprii.</em></strong></span> <span class='ocrx_word' id='word_1_564' title='bbox 1101 4324 1155 4388; x_wconf 92' lang='lat' dir='ltr'><strong><em>sed</em></strong></span> <span class='ocrx_word' id='word_1_565' title='bbox 1171 4321 1359 4403; x_wconf 80' lang='lat' dir='ltr'><strong><em>hyperbollei</em></strong></span> <span class='ocrx_word' id='word_1_566' title='bbox 1375 4341 1536 4390; x_wconf 88' lang='lat' dir='ltr'><strong><em>sermones</em></strong></span> <span class='ocrx_word' id='word_1_567' title='bbox 1550 4331 1634 4387; x_wconf 90' lang='lat' dir='ltr'><strong><em>sunt.</em></strong></span> <span class='ocrx_word' id='word_1_568' title='bbox 1657 4323 1816 4384; x_wconf 86' lang='lat' dir='ltr'><strong><em>Praeterea</em></strong></span> 
     </span>
     <span class='ocr_line' id='line_1_49' title="bbox 71 4399 1815 4492; baseline 0.006 -40"><span class='ocrx_word' id='word_1_569' title='bbox 71 4399 198 4468; x_wconf 80' lang='lat' dir='ltr'><strong><em>usdraus,</em></strong></span> <span class='ocrx_word' id='word_1_570' title='bbox 211 4413 277 4492; x_wconf 66' lang='lat' dir='ltr'><strong><em>aaa</em></strong></span> <span class='ocrx_word' id='word_1_571' title='bbox 290 4407 420 4477; x_wconf 86' lang='lat' dir='ltr'><strong><em>repente</em></strong></span> <span class='ocrx_word' id='word_1_572' title='bbox 445 4401 600 4466; x_wconf 77' lang='lat' dir='ltr'><strong><em>boninum</em></strong></span> <span class='ocrx_word' id='word_1_573' title='bbox 616 4411 723 4471; x_wconf 85' lang='lat' dir='ltr'><strong><em>mutat.</em></strong></span> <span class='ocrx_word' id='word_1_574' title='bbox 739 4423 774 4468; x_wconf 89' lang='lat' dir='ltr'><strong><em>aa</em></strong></span> <span class='ocrx_word' id='word_1_575' title='bbox 788 4413 915 4470; x_wconf 83' lang='lat' dir='ltr'><strong><em>renovat</em></strong></span> <span class='ocrx_word' id='word_1_576' title='bbox 959 4408 1060 4470; x_wconf 82' lang='lat' dir='ltr'><strong><em>Patres</em></strong></span> <span class='ocrx_word' id='word_1_577' title='bbox 1076 4409 1132 4486; x_wconf 88' lang='lat' dir='ltr'><strong><em>ipsi</em></strong></span> <span class='ocrx_word' id='word_1_578' title='bbox 1149 4407 1313 4486; x_wconf 85' lang='lat' dir='ltr'><strong><em>aliquando</em></strong></span> <span class='ocrx_word' id='word_1_579' title='bbox 1329 4414 1463 4472; x_wconf 88' lang='lat' dir='ltr'><strong><em>monent.</em></strong></span> <span class='ocrx_word' id='word_1_580' title='bbox 1481 4426 1516 4472; x_wconf 89' lang='lat' dir='ltr'><strong><em>se</em></strong></span> <span class='ocrx_word' id='word_1_581' title='bbox 1532 4425 1591 4470; x_wconf 91' lang='lat' dir='ltr'><strong><em>noo</em></strong></span> <span class='ocrx_word' id='word_1_582' title='bbox 1608 4405 1690 4484; x_wconf 84' lang='lat' dir='ltr'><strong><em>ioqui</em></strong></span> <span class='ocrx_word' id='word_1_583' title='bbox 1705 4405 1815 4482; x_wconf 77' lang='lat' dir='ltr'><strong><em>hyper·</em></strong></span> 
     </span>
     <span class='ocr_line' id='line_1_50' title="bbox 70 4481 1813 4574; baseline 0.005 -38"><span class='ocrx_word' id='word_1_584' title='bbox 70 4481 316 4574; x_wconf 78' lang='lat' dir='ltr'><strong><em>oaoadammam.</em></strong></span> <span class='ocrx_word' id='word_1_585' title='bbox 332 4483 451 4560; x_wconf 89' lang='lat' dir='ltr'><strong><em>probat,</em></strong></span> <span class='ocrx_word' id='word_1_586' title='bbox 468 4501 530 4545; x_wconf 90' lang='lat' dir='ltr'><strong><em>noa</em></strong></span> <span class='ocrx_word' id='word_1_587' title='bbox 546 4485 767 4552; x_wconf 83' lang='lat' dir='ltr'><strong><em>debererideri</em></strong></span> <span class='ocrx_word' id='word_1_588' title='bbox 782 4492 913 4552; x_wconf 90' lang='lat' dir='ltr'><strong><em>incredi·</em></strong></span> <span class='ocrx_word' id='word_1_589' title='bbox 958 4491 1070 4558; x_wconf 83' lang='lat' dir='ltr'><strong><em>ballea.</em></strong></span> <span class='ocrx_word' id='word_1_590' title='bbox 1088 4496 1119 4553; x_wconf 92' lang='lat' dir='ltr'><strong><em>ot</em></strong></span> <span class='ocrx_word' id='word_1_591' title='bbox 1134 4489 1370 4568; x_wconf 75' lang='lat' dir='ltr'><strong><em>chrysostomus</em></strong></span> <span class='ocrx_word' id='word_1_592' title='bbox 1384 4491 1491 4554; x_wconf 90' lang='lat' dir='ltr'><strong><em>homil.</em></strong></span> <span class='ocrx_word' id='word_1_593' title='bbox 1508 4491 1539 4553; x_wconf 85' lang='lat' dir='ltr'><strong><em>i.</em></strong></span> <span class='ocrx_word' id='word_1_594' title='bbox 1549 4491 1585 4552; x_wconf 86' lang='lat' dir='ltr'><strong><em>ud</em></strong></span> <span class='ocrx_word' id='word_1_595' title='bbox 1600 4486 1813 4566; x_wconf 83' lang='lat' dir='ltr'><strong><em>baptizandos,</em></strong></span> 
     </span>
     <span class='ocr_line' id='line_1_51' title="bbox 69 4555 1814 4656; baseline 0.005 -38"><span class='ocrx_word' id='word_1_596' title='bbox 69 4555 133 4654; x_wconf 35' lang='lat' dir='ltr'><strong><em>brie.⁸</em></strong></span> <span class='ocrx_word' id='word_1_597' title='bbox 148 4577 173 4656; x_wconf 75' lang='grc' dir='ltr'>ει</span> <span class='ocrx_word' id='word_1_598' title='bbox 198 4562 291 4624; x_wconf 87' lang='lat' dir='ltr'><strong><em>rerba</em></strong></span> <span class='ocrx_word' id='word_1_599' title='bbox 317 4566 548 4630; x_wconf 84' lang='lat' dir='ltr'><strong><em>sacramentalia</em></strong></span> <span class='ocrx_word' id='word_1_600' title='bbox 574 4575 692 4631; x_wconf 87' lang='lat' dir='ltr'><strong><em>aratent</em></strong></span> <span class='ocrx_word' id='word_1_601' title='bbox 715 4573 914 4636; x_wconf 81' lang='lat' dir='ltr'><strong><em>sltbsianiiom</em></strong></span> <span class='ocrx_word' id='word_1_602' title='bbox 957 4573 1009 4637; x_wconf 90' lang='lat' dir='ltr'><strong><em>ubi</em></strong></span> <span class='ocrx_word' id='word_1_603' title='bbox 1027 4589 1095 4635; x_wconf 91' lang='lat' dir='ltr'><strong><em>cum</em></strong></span> <span class='ocrx_word' id='word_1_604' title='bbox 1111 4572 1413 4648; x_wconf 83' lang='lat' dir='ltr'><strong><em>dixissel.ilaptismo</em></strong></span> <span class='ocrx_word' id='word_1_605' title='bbox 1429 4575 1564 4652; x_wconf 86' lang='lat' dir='ltr'><strong><em>perlecto</em></strong></span> <span class='ocrx_word' id='word_1_606' title='bbox 1581 4570 1814 4642; x_wconf 75' lang='lat' dir='ltr'><strong><em>interimimus·</em></strong></span> 
     </span>
     <span class='ocr_line' id='line_1_52' title="bbox 71 4645 1817 4724; baseline 0.006 -23"><span class='ocrx_word' id='word_1_607' title='bbox 71 4656 149 4714; x_wconf 85' lang='lat' dir='ltr'><strong><em>paors</em></strong></span> <span class='ocrx_word' id='word_1_608' title='bbox 162 4659 191 4704; x_wconf 89' lang='lat' dir='ltr'><strong><em>m</em></strong></span> <span class='ocrx_word' id='word_1_609' title='bbox 206 4661 331 4706; x_wconf 87' lang='lat' dir='ltr'><strong><em>caraem</em></strong></span> <span class='ocrx_word' id='word_1_610' title='bbox 348 4645 531 4712; x_wconf 76' lang='lat' dir='ltr'><strong><em>Caristillbi</em></strong></span> <span class='ocrx_word' id='word_1_611' title='bbox 545 4651 718 4714; x_wconf 91' lang='lat' dir='ltr'><strong><em>sinednbla</em></strong></span> <span class='ocrx_word' id='word_1_612' title='bbox 731 4657 848 4718; x_wconf 89' lang='lat' dir='ltr'><strong><em>nullum</em></strong></span> <span class='ocrx_word' id='word_1_613' title='bbox 860 4657 915 4717; x_wconf 86' lang='lat' dir='ltr'><strong><em>ira·</em></strong></span> <span class='ocrx_word' id='word_1_614' title='bbox 958 4656 1022 4718; x_wconf 86' lang='lat' dir='ltr'><strong><em>dari</em></strong></span> <span class='ocrx_word' id='word_1_615' title='bbox 1039 4657 1167 4724; x_wconf 84' lang='lat' dir='ltr'><strong><em>anirans,</em></strong></span> <span class='ocrx_word' id='word_1_616' title='bbox 1194 4659 1298 4716; x_wconf 88' lang='lat' dir='ltr'><strong><em>monet</em></strong></span> <span class='ocrx_word' id='word_1_617' title='bbox 1313 4671 1347 4718; x_wconf 90' lang='lat' dir='ltr'><strong><em>se</em></strong></span> <span class='ocrx_word' id='word_1_618' title='bbox 1370 4673 1431 4718; x_wconf 90' lang='lat' dir='ltr'><strong><em>nan</em></strong></span> <span class='ocrx_word' id='word_1_619' title='bbox 1453 4674 1488 4718; x_wconf 87' lang='lat' dir='ltr'><strong><em>ea</em></strong></span> <span class='ocrx_word' id='word_1_620' title='bbox 1514 4657 1618 4717; x_wconf 88' lang='lat' dir='ltr'><strong><em>dicere</em></strong></span> <span class='ocrx_word' id='word_1_621' title='bbox 1641 4651 1817 4716; x_wconf 82' lang='lat' dir='ltr'><strong><em>munitionis</em></strong></span> 
     </span>
     <span class='ocr_line' id='line_1_53' title="bbox 69 4721 1817 4816; baseline 0.005 -32"><span class='ocrx_word' id='word_1_622' title='bbox 69 4721 223 4788; x_wconf 88' lang='lat' dir='ltr'><strong><em>bellacum</em></strong></span> <span class='ocrx_word' id='word_1_623' title='bbox 238 4728 376 4805; x_wconf 87' lang='lat' dir='ltr'><strong><em>aparatio</em></strong></span> <span class='ocrx_word' id='word_1_624' title='bbox 401 4730 452 4793; x_wconf 90' lang='lat' dir='ltr'><strong><em>ilia</em></strong></span> <span class='ocrx_word' id='word_1_625' title='bbox 466 4730 618 4812; x_wconf 80' lang='lat' dir='ltr'><strong><em>abjectiva</em></strong></span> <span class='ocrx_word' id='word_1_626' title='bbox 639 4737 677 4796; x_wconf 91' lang='lat' dir='ltr'><strong><em>ad</em></strong></span> <span class='ocrx_word' id='word_1_627' title='bbox 693 4738 914 4815; x_wconf 81' lang='lat' dir='ltr'><strong><em>provocandam</em></strong></span> <span class='ocrx_word' id='word_1_628' title='bbox 958 4739 1066 4815; x_wconf 78' lang='lat' dir='ltr'><strong><em>pratia,</em></strong></span> <span class='ocrx_word' id='word_1_629' title='bbox 1084 4737 1430 4816; x_wconf 78' lang='lat' dir='ltr'><strong><em>idesl‚ampliiianadi,el</em></strong></span> <span class='ocrx_word' id='word_1_630' title='bbox 1444 4738 1638 4816; x_wconf 83' lang='lat' dir='ltr'><strong><em>eloquentiae</em></strong></span> <span class='ocrx_word' id='word_1_631' title='bbox 1651 4733 1817 4798; x_wconf 86' lang='lat' dir='ltr'><strong><em>esteridea·</em></strong></span> 
     </span>
     <span class='ocr_line' id='line_1_54' title="bbox 69 4803 1813 4903; baseline 0.006 -37"><span class='ocrx_word' id='word_1_632' title='bbox 69 4803 162 4884; x_wconf 80' lang='lat' dir='ltr'><strong><em>iidcm3</em></strong></span> <span class='ocrx_word' id='word_1_633' title='bbox 175 4825 279 4903; x_wconf 81' lang='lat' dir='ltr'><strong><em>neque</em></strong></span> <span class='ocrx_word' id='word_1_634' title='bbox 304 4813 386 4874; x_wconf 84' lang='lat' dir='ltr'><strong><em>enirn</em></strong></span> <span class='ocrx_word' id='word_1_635' title='bbox 401 4812 432 4873; x_wconf 90' lang='lat' dir='ltr'><strong><em>la</em></strong></span> <span class='ocrx_word' id='word_1_636' title='bbox 458 4817 690 4880; x_wconf 87' lang='lat' dir='ltr'><strong><em>consecratione</em></strong></span> <span class='ocrx_word' id='word_1_637' title='bbox 703 4819 914 4884; x_wconf 77' lang='lat' dir='ltr'><strong><em>nuenaristlae</em></strong></span> <span class='ocrx_word' id='word_1_638' title='bbox 959 4823 1017 4882; x_wconf 88' lang='lat' dir='ltr'><strong><em>dae</em></strong></span> <span class='ocrx_word' id='word_1_639' title='bbox 1033 4820 1185 4884; x_wconf 83' lang='lat' dir='ltr'><strong><em>studio.Et</em></strong></span> <span class='ocrx_word' id='word_1_640' title='bbox 1200 4821 1388 4898; x_wconf 68' lang='lat' dir='ltr'><strong><em>Augustinus</em></strong></span> <span class='ocrx_word' id='word_1_641' title='bbox 1404 4822 1434 4884; x_wconf 91' lang='lat' dir='ltr'><strong><em>in</em></strong></span> <span class='ocrx_word' id='word_1_642' title='bbox 1450 4822 1541 4900; x_wconf 86' lang='lat' dir='ltr'><strong><em>epist.</em></strong></span> <span class='ocrx_word' id='word_1_643' title='bbox 1558 4817 1692 4882; x_wconf 69' lang='lat' dir='ltr'><strong><em>taetrae</em></strong></span> <span class='ocrx_word' id='word_1_644' title='bbox 1709 4815 1813 4882; x_wconf 82' lang='lat' dir='ltr'><strong><em>bacin.</em></strong></span> 
     </span>
     <span class='ocr_line' id='line_1_55' title="bbox 71 4889 1813 4985; baseline 0.007 -37"><span class='ocrx_word' id='word_1_645' title='bbox 71 4889 150 4985; x_wconf 78' lang='lat' dir='ltr'><strong><em>rerba</em></strong></span> <span class='ocrx_word' id='word_1_646' title='bbox 175 4892 225 4952; x_wconf 85' lang='grc' dir='ltr'>ιιιι</span> <span class='ocrx_word' id='word_1_647' title='bbox 247 4898 365 4955; x_wconf 87' lang='lat' dir='ltr'><strong><em>maioni</em></strong></span> <span class='ocrx_word' id='word_1_648' title='bbox 390 4911 502 4973; x_wconf 81' lang='lat' dir='ltr'><strong><em>penem</em></strong></span> <span class='ocrx_word' id='word_1_649' title='bbox 527 4899 687 4962; x_wconf 77' lang='lat' dir='ltr'><strong><em>arctando</em></strong></span> <span class='ocrx_word' id='word_1_650' title='bbox 712 4904 744 4964; x_wconf 90' lang='lat' dir='ltr'><strong><em>in</em></strong></span> <span class='ocrx_word' id='word_1_651' title='bbox 759 4903 914 4966; x_wconf 90' lang='lat' dir='ltr'><strong><em>eaildem.</em></strong></span> <span class='ocrx_word' id='word_1_652' title='bbox 962 4903 1047 4977; x_wconf 89' lang='lat' dir='ltr'><strong><em>dieii,</em></strong></span> <span class='ocrx_word' id='word_1_653' title='bbox 1064 4917 1118 4966; x_wconf 86' lang='lat' dir='ltr'><strong><em>aas</em></strong></span> <span class='ocrx_word' id='word_1_654' title='bbox 1140 4904 1190 4980; x_wconf 83' lang='lat' dir='ltr'><strong><em>noi</em></strong></span> <span class='ocrx_word' id='word_1_655' title='bbox 1205 4920 1264 4965; x_wconf 90' lang='lat' dir='ltr'><strong><em>non</em></strong></span> <span class='ocrx_word' id='word_1_656' title='bbox 1281 4905 1420 4980; x_wconf 90' lang='lat' dir='ltr'><strong><em>crodunt,</em></strong></span> <span class='ocrx_word' id='word_1_657' title='bbox 1448 4901 1636 4981; x_wconf 80' lang='lat' dir='ltr'><strong><em>possederi,</em></strong></span> <span class='ocrx_word' id='word_1_658' title='bbox 1651 4906 1683 4962; x_wconf 93' lang='lat' dir='ltr'><strong><em>ut</em></strong></span> <span class='ocrx_word' id='word_1_659' title='bbox 1698 4895 1813 4977; x_wconf 75' lang='lat' dir='ltr'><strong><em>prtrroli</em></strong></span> 
     </span>
     <span class='ocr_line' id='line_1_56' title="bbox 70 4969 1816 5072; baseline 0.006 -41"><span class='ocrx_word' id='word_1_660' title='bbox 70 4969 194 5063; x_wconf 63' lang='lat' dir='ltr'><strong><em>iimitem</em></strong></span> <span class='ocrx_word' id='word_1_661' title='bbox 209 4982 312 5036; x_wconf 88' lang='lat' dir='ltr'><strong><em>nutem</em></strong></span> <span class='ocrx_word' id='word_1_662' title='bbox 335 4978 396 5072; x_wconf 80' lang='lat' dir='ltr'><strong><em>sim</em></strong></span> <span class='ocrx_word' id='word_1_663' title='bbox 411 4979 498 5053; x_wconf 91' lang='lat' dir='ltr'><strong><em>ponit</em></strong></span> <span class='ocrx_word' id='word_1_664' title='bbox 520 4980 572 5042; x_wconf 80' lang='lat' dir='ltr'><strong><em>laio</em></strong></span> <span class='ocrx_word' id='word_1_665' title='bbox 586 4989 691 5045; x_wconf 89' lang='lat' dir='ltr'><strong><em>auctor</em></strong></span> <span class='ocrx_word' id='word_1_666' title='bbox 710 4985 742 5046; x_wconf 90' lang='lat' dir='ltr'><strong><em>ia</em></strong></span> <span class='ocrx_word' id='word_1_667' title='bbox 757 5001 916 5048; x_wconf 86' lang='lat' dir='ltr'><strong><em>consecra·</em></strong></span> <span class='ocrx_word' id='word_1_668' title='bbox 962 4986 1053 5046; x_wconf 88' lang='lat' dir='ltr'><strong><em>etiarn</em></strong></span> <span class='ocrx_word' id='word_1_669' title='bbox 1069 4987 1137 5048; x_wconf 90' lang='lat' dir='ltr'><strong><em>sina</em></strong></span> <span class='ocrx_word' id='word_1_670' title='bbox 1151 4985 1211 5048; x_wconf 89' lang='lat' dir='ltr'><strong><em>ilde</em></strong></span> <span class='ocrx_word' id='word_1_671' title='bbox 1226 4987 1334 5050; x_wconf 89' lang='lat' dir='ltr'><strong><em>actuali</em></strong></span> <span class='ocrx_word' id='word_1_672' title='bbox 1349 5005 1403 5066; x_wconf 89' lang='lat' dir='ltr'><strong><em>per</em></strong></span> <span class='ocrx_word' id='word_1_673' title='bbox 1413 4989 1513 5066; x_wconf 88' lang='lat' dir='ltr'><strong><em>ipsum</em></strong></span> <span class='ocrx_word' id='word_1_674' title='bbox 1524 4987 1744 5048; x_wconf 85' lang='lat' dir='ltr'><strong><em>sacramentum</em></strong></span> <span class='ocrx_word' id='word_1_675' title='bbox 1757 4981 1816 5042; x_wconf 87' lang='lat' dir='ltr'><strong><em>sal·</em></strong></span> 
     </span>
     <span class='ocr_line' id='line_1_57' title="bbox 69 5058 1816 5148; baseline 0.006 -34"><span class='ocrx_word' id='word_1_676' title='bbox 69 5058 916 5143; x_wconf 67' lang='lat' dir='ltr'><strong><em>tenenspeclnpaarsntinlloplismarespeataanimae.</em></strong></span> <span class='ocrx_word' id='word_1_677' title='bbox 962 5075 1081 5136; x_wconf 83' lang='lat' dir='ltr'><strong><em>realnr.</em></strong></span> <span class='ocrx_word' id='word_1_678' title='bbox 1098 5067 1239 5134; x_wconf 80' lang='lat' dir='ltr'><strong><em>infideles</em></strong></span> <span class='ocrx_word' id='word_1_679' title='bbox 1265 5085 1347 5132; x_wconf 88' lang='lat' dir='ltr'><strong><em>esse.</em></strong></span> <span class='ocrx_word' id='word_1_680' title='bbox 1363 5069 1407 5131; x_wconf 83' lang='lat' dir='ltr'><strong><em>lla</em></strong></span> <span class='ocrx_word' id='word_1_681' title='bbox 1430 5085 1493 5148; x_wconf 81' lang='lat' dir='ltr'><strong><em>aaa</em></strong></span> <span class='ocrx_word' id='word_1_682' title='bbox 1517 5067 1728 5146; x_wconf 63' lang='lat' dir='ltr'><strong><em>intelligimus,</em></strong></span> <span class='ocrx_word' id='word_1_683' title='bbox 1745 5079 1816 5124; x_wconf 89' lang='lat' dir='ltr'><strong><em>eom</em></strong></span> 
     </span>
     <span class='ocr_line' id='line_1_58' title="bbox 80 5137 1816 5238; baseline 0.007 -42"><span class='ocrx_word' id='word_1_684' title='bbox 80 5215 85 5227; x_wconf 89' lang='lat'><strong>.</strong></span> <span class='ocrx_word' id='word_1_685' title='bbox 104 5137 335 5234; x_wconf 76' lang='lat' dir='ltr'><strong><em>Gregoriuslib.</em></strong></span> <span class='ocrx_word' id='word_1_686' title='bbox 349 5141 550 5238; x_wconf 66' lang='lat' dir='ltr'><strong><em>depisibii.</em></strong></span> <span class='ocrx_word' id='word_1_687' title='bbox 565 5147 604 5209; x_wconf 82' lang='lat' dir='ltr'><strong><em>ed</em></strong></span> <span class='ocrx_word' id='word_1_688' title='bbox 618 5149 814 5212; x_wconf 74' lang='lat' dir='ltr'><strong><em>ibeodistsnr</em></strong></span> <span class='ocrx_word' id='word_1_689' title='bbox 825 5151 916 5215; x_wconf 82' lang='lat' dir='ltr'><strong><em>Petri·</em></strong></span> <span class='ocrx_word' id='word_1_690' title='bbox 963 5167 1024 5220; x_wconf 85' lang='lat' dir='ltr'><strong><em>aaa</em></strong></span> <span class='ocrx_word' id='word_1_691' title='bbox 1041 5151 1236 5230; x_wconf 71' lang='lat' dir='ltr'><strong><em>hyperbolica</em></strong></span> <span class='ocrx_word' id='word_1_692' title='bbox 1253 5153 1463 5220; x_wconf 83' lang='lat' dir='ltr'><strong><em>encomia‚sed</em></strong></span> <span class='ocrx_word' id='word_1_693' title='bbox 1478 5153 1616 5230; x_wconf 77' lang='lat' dir='ltr'><strong><em>dopmnis</em></strong></span> <span class='ocrx_word' id='word_1_694' title='bbox 1632 5147 1702 5211; x_wconf 90' lang='lat' dir='ltr'><strong><em>ildei</em></strong></span> <span class='ocrx_word' id='word_1_695' title='bbox 1718 5145 1816 5208; x_wconf 86' lang='lat' dir='ltr'><strong><em>trade·</em></strong></span> 
     </span>
     <span class='ocr_line' id='line_1_59' title="bbox 70 5221 1816 5316; baseline 0.006 -37"><span class='ocrx_word' id='word_1_696' title='bbox 70 5221 142 5314; x_wconf 75' lang='grc' dir='ltr'>ιιιιι,</span> <span class='ocrx_word' id='word_1_697' title='bbox 156 5225 292 5316; x_wconf 64' lang='lat' dir='ltr'><strong><em>ducenta</em></strong></span> <span class='ocrx_word' id='word_1_698' title='bbox 307 5224 460 5303; x_wconf 79' lang='lat' dir='ltr'><strong><em>baptismo</em></strong></span> <span class='ocrx_word' id='word_1_699' title='bbox 475 5228 574 5290; x_wconf 89' lang='lat' dir='ltr'><strong><em>omnia</em></strong></span> <span class='ocrx_word' id='word_1_700' title='bbox 591 5238 716 5308; x_wconf 88' lang='lat' dir='ltr'><strong><em>peccato</em></strong></span> <span class='ocrx_word' id='word_1_701' title='bbox 733 5234 772 5294; x_wconf 82' lang='lat' dir='ltr'><strong><em>iia</em></strong></span> <span class='ocrx_word' id='word_1_702' title='bbox 787 5235 913 5296; x_wconf 83' lang='lat' dir='ltr'><strong><em>recedi·</em></strong></span> <span class='ocrx_word' id='word_1_703' title='bbox 962 5249 1008 5296; x_wconf 87' lang='lat' dir='ltr'><strong><em>re.</em></strong></span> <span class='ocrx_word' id='word_1_704' title='bbox 1021 5235 1159 5310; x_wconf 84' lang='lat' dir='ltr'><strong><em>ocnlaoe</em></strong></span> <span class='ocrx_word' id='word_1_705' title='bbox 1175 5236 1199 5296; x_wconf 88' lang='lat' dir='ltr'><strong><em>sl</em></strong></span> <span class='ocrx_word' id='word_1_706' title='bbox 1216 5235 1334 5296; x_wconf 86' lang='lat' dir='ltr'><strong><em>diceret</em></strong></span> <span class='ocrx_word' id='word_1_707' title='bbox 1346 5234 1497 5305; x_wconf 82' lang='lat' dir='ltr'><strong><em>Calvinus,</em></strong></span> <span class='ocrx_word' id='word_1_708' title='bbox 1515 5236 1675 5308; x_wconf 87' lang='lat' dir='ltr'><strong><em>unum,oul</em></strong></span> <span class='ocrx_word' id='word_1_709' title='bbox 1688 5229 1816 5290; x_wconf 87' lang='lat' dir='ltr'><strong><em>aiteram</em></strong></span> 
     </span>
     <span class='ocr_line' id='line_1_60' title="bbox 71 5308 1815 5398; baseline 0.007 -37"><span class='ocrx_word' id='word_1_710' title='bbox 71 5308 151 5398; x_wconf 77' lang='lat' dir='ltr'><strong><em>ntitr.</em></strong></span> <span class='ocrx_word' id='word_1_711' title='bbox 164 5311 198 5366; x_wconf 93' lang='lat' dir='ltr'><strong><em>ut</em></strong></span> <span class='ocrx_word' id='word_1_712' title='bbox 212 5311 244 5366; x_wconf 84' lang='grc' dir='ltr'><strong><em>ιιι</em></strong></span> <span class='ocrx_word' id='word_1_713' title='bbox 261 5309 336 5367; x_wconf 86' lang='lat' dir='ltr'><strong><em>mari</em></strong></span> <span class='ocrx_word' id='word_1_714' title='bbox 350 5309 444 5371; x_wconf 89' lang='lat' dir='ltr'><strong><em>rubro</em></strong></span> <span class='ocrx_word' id='word_1_715' title='bbox 465 5327 536 5373; x_wconf 87' lang='lat' dir='ltr'><strong><em>rere</em></strong></span> <span class='ocrx_word' id='word_1_716' title='bbox 549 5313 689 5393; x_wconf 74' lang='lat' dir='ltr'><strong><em>Aegyptii</em></strong></span> <span class='ocrx_word' id='word_1_717' title='bbox 704 5317 813 5378; x_wconf 91' lang='lat' dir='ltr'><strong><em>mortui</em></strong></span> <span class='ocrx_word' id='word_1_718' title='bbox 829 5325 912 5380; x_wconf 82' lang='lat' dir='ltr'><strong><em>sani:</em></strong></span> <span class='ocrx_word' id='word_1_719' title='bbox 961 5331 996 5376; x_wconf 83' lang='lat' dir='ltr'><strong><em>ex</em></strong></span> <span class='ocrx_word' id='word_1_720' title='bbox 1013 5317 1149 5380; x_wconf 68' lang='lat' dir='ltr'><strong><em>partribus</em></strong></span> <span class='ocrx_word' id='word_1_721' title='bbox 1175 5318 1340 5395; x_wconf 79' lang='lat' dir='ltr'><strong><em>byperimle</em></strong></span> <span class='ocrx_word' id='word_1_722' title='bbox 1357 5335 1445 5380; x_wconf 90' lang='lat' dir='ltr'><strong><em>usum</em></strong></span> <span class='ocrx_word' id='word_1_723' title='bbox 1471 5321 1501 5378; x_wconf 92' lang='lat' dir='ltr'><strong><em>in</em></strong></span> <span class='ocrx_word' id='word_1_724' title='bbox 1518 5315 1653 5378; x_wconf 90' lang='lat' dir='ltr'><strong><em>oratione</em></strong></span> <span class='ocrx_word' id='word_1_725' title='bbox 1679 5311 1815 5374; x_wconf 83' lang='lat' dir='ltr'><strong><em>laurinto·</em></strong></span> 
     </span>
     <span class='ocr_line' id='line_1_61' title="bbox 72 5380 1818 5481; baseline 0.004 -33"><span class='ocrx_word' id='word_1_726' title='bbox 72 5380 124 5456; x_wconf 73' lang='lat' dir='ltr'><strong><em>im</em></strong></span> <span class='ocrx_word' id='word_1_727' title='bbox 146 5401 233 5481; x_wconf 83' lang='lat' dir='ltr'><strong><em>erpa,</em></strong></span> <span class='ocrx_word' id='word_1_728' title='bbox 261 5388 370 5468; x_wconf 81' lang='lat' dir='ltr'><strong><em>inquit,</em></strong></span> <span class='ocrx_word' id='word_1_729' title='bbox 387 5392 475 5466; x_wconf 81' lang='lat' dir='ltr'><strong><em>dicit,</em></strong></span> <span class='ocrx_word' id='word_1_730' title='bbox 498 5402 634 5472; x_wconf 77' lang='lat' dir='ltr'><strong><em>peccam</em></strong></span> <span class='ocrx_word' id='word_1_731' title='bbox 655 5397 694 5460; x_wconf 89' lang='lat' dir='ltr'><strong><em>ia</em></strong></span> <span class='ocrx_word' id='word_1_732' title='bbox 716 5398 914 5477; x_wconf 75' lang='lat' dir='ltr'><strong><em>baptismate</em></strong></span> <span class='ocrx_word' id='word_1_733' title='bbox 959 5397 1014 5464; x_wconf 82' lang='lat' dir='ltr'><strong><em>ria.</em></strong></span> <span class='ocrx_word' id='word_1_734' title='bbox 1029 5406 1138 5477; x_wconf 87' lang='lat' dir='ltr'><strong><em>posset</em></strong></span> <span class='ocrx_word' id='word_1_735' title='bbox 1162 5399 1294 5462; x_wconf 89' lang='lat' dir='ltr'><strong><em>tolerari.</em></strong></span> <span class='ocrx_word' id='word_1_736' title='bbox 1310 5400 1344 5462; x_wconf 85' lang='lat' dir='ltr'><strong><em>lt</em></strong></span> <span class='ocrx_word' id='word_1_737' title='bbox 1358 5401 1440 5479; x_wconf 87' lang='lat' dir='ltr'><strong><em>qood</em></strong></span> <span class='ocrx_word' id='word_1_738' title='bbox 1465 5413 1573 5462; x_wconf 86' lang='lat' dir='ltr'><strong><em>omnes</em></strong></span> <span class='ocrx_word' id='word_1_739' title='bbox 1588 5394 1695 5460; x_wconf 79' lang='lat' dir='ltr'><strong><em>(traieci</em></strong></span> <span class='ocrx_word' id='word_1_740' title='bbox 1716 5401 1747 5456; x_wconf 88' lang='lat' dir='ltr'><strong><em>et</em></strong></span> <span class='ocrx_word' id='word_1_741' title='bbox 1762 5393 1818 5456; x_wconf 89' lang='lat' dir='ltr'><strong><em>La·</em></strong></span> 
     </span>
     <span class='ocr_line' id='line_1_62' title="bbox 70 5463 1816 5564; baseline 0.009 -38"><span class='ocrx_word' id='word_1_742' title='bbox 70 5463 208 5564; x_wconf 67' lang='lat' dir='ltr'><strong><em>laninas</em></strong></span> <span class='ocrx_word' id='word_1_743' title='bbox 219 5486 290 5534; x_wconf 82' lang='lat' dir='ltr'><strong><em>non</em></strong></span> <span class='ocrx_word' id='word_1_744' title='bbox 313 5473 444 5549; x_wconf 87' lang='lat' dir='ltr'><strong><em>dimitti,</em></strong></span> <span class='ocrx_word' id='word_1_745' title='bbox 461 5475 550 5538; x_wconf 88' lang='lat' dir='ltr'><strong><em>dicat</em></strong></span> <span class='ocrx_word' id='word_1_746' title='bbox 570 5479 707 5544; x_wconf 75' lang='lat' dir='ltr'><strong><em>minari</em></strong></span> <span class='ocrx_word' id='word_1_747' title='bbox 729 5482 840 5560; x_wconf 84' lang='lat' dir='ltr'><strong><em>rnbra,</em></strong></span> <span class='ocrx_word' id='word_1_748' title='bbox 856 5482 913 5546; x_wconf 78' lang='lat' dir='ltr'><strong><em>Ae·</em></strong></span> <span class='ocrx_word' id='word_1_749' title='bbox 960 5479 1027 5548; x_wconf 85' lang='lat' dir='ltr'><strong><em>tini,</em></strong></span> <span class='ocrx_word' id='word_1_750' title='bbox 1044 5497 1105 5544; x_wconf 82' lang='lat' dir='ltr'><strong><em>nari</em></strong></span> <span class='ocrx_word' id='word_1_751' title='bbox 1122 5483 1214 5546; x_wconf 88' lang='lat' dir='ltr'><strong><em>moda</em></strong></span> <span class='ocrx_word' id='word_1_752' title='bbox 1228 5481 1257 5544; x_wconf 90' lang='lat' dir='ltr'><strong><em>in</em></strong></span> <span class='ocrx_word' id='word_1_753' title='bbox 1274 5482 1486 5556; x_wconf 89' lang='lat' dir='ltr'><strong><em>concionibus,</em></strong></span> <span class='ocrx_word' id='word_1_754' title='bbox 1504 5483 1558 5545; x_wconf 89' lang='lat' dir='ltr'><strong><em>sed</em></strong></span> <span class='ocrx_word' id='word_1_755' title='bbox 1574 5484 1665 5542; x_wconf 87' lang='lat' dir='ltr'><strong><em>eliam</em></strong></span> <span class='ocrx_word' id='word_1_756' title='bbox 1679 5481 1709 5542; x_wconf 89' lang='lat' dir='ltr'><strong><em>ia</em></strong></span> <span class='ocrx_word' id='word_1_757' title='bbox 1726 5476 1816 5548; x_wconf 81' lang='lat' dir='ltr'><strong><em>libris</em></strong></span> 
     </span>
     <span class='ocr_line' id='line_1_63' title="bbox 71 5555 1815 5646; baseline -0.001 -23"><span class='ocrx_word' id='word_1_758' title='bbox 71 5555 185 5646; x_wconf 70' lang='lat' dir='ltr'><strong><em>amicas</em></strong></span> <span class='ocrx_word' id='word_1_759' title='bbox 196 5557 436 5620; x_wconf 74' lang='lat' dir='ltr'><strong><em>manicanter</em></strong></span> <span class='ocrx_word' id='word_1_760' title='bbox 449 5565 602 5623; x_wconf 73' lang='lat' dir='ltr'><strong><em>mariscos.</em></strong></span> <span class='ocrx_word' id='word_1_761' title='bbox 641 5616 643 5621; x_wconf 79' lang='grc'>,</span> <span class='ocrx_word' id='word_1_762' title='bbox 690 5618 692 5621; x_wconf 89' lang='grc'><strong>.</strong></span> <span class='ocrx_word' id='word_1_763' title='bbox 958 5562 1199 5642; x_wconf 73' lang='lat' dir='ltr'><strong><em>dogmaticisnol</em></strong></span> <span class='ocrx_word' id='word_1_764' title='bbox 1214 5563 1365 5640; x_wconf 86' lang='lat' dir='ltr'><strong><em>epistolis,</em></strong></span> <span class='ocrx_word' id='word_1_765' title='bbox 1379 5565 1425 5627; x_wconf 85' lang='lat' dir='ltr'><strong><em>rol</em></strong></span> <span class='ocrx_word' id='word_1_766' title='bbox 1439 5561 1666 5626; x_wconf 82' lang='lat' dir='ltr'><strong><em>coarmantariis</em></strong></span> <span class='ocrx_word' id='word_1_767' title='bbox 1679 5561 1815 5638; x_wconf 88' lang='lat' dir='ltr'><strong><em>Scriptu-</em></strong></span> 
     </span>
     <span class='ocr_line' id='line_1_64' title="bbox 75 5631 1812 5729; baseline 0.005 -36"><span class='ocrx_word' id='word_1_768' title='bbox 75 5710 81 5722; x_wconf 26' lang='grc' dir='ltr'>ι</span> <span class='ocrx_word' id='word_1_769' title='bbox 105 5631 240 5712; x_wconf 74' lang='lat' dir='ltr'><strong><em>bonomo</em></strong></span> <span class='ocrx_word' id='word_1_770' title='bbox 267 5653 294 5698; x_wconf 90' lang='lat' dir='ltr'><strong><em>s.</em></strong></span> <span class='ocrx_word' id='word_1_771' title='bbox 309 5638 482 5703; x_wconf 82' lang='lat' dir='ltr'><strong><em>Bernardas</em></strong></span> <span class='ocrx_word' id='word_1_772' title='bbox 497 5640 544 5720; x_wconf 92' lang='lat' dir='ltr'><strong><em>(ut</em></strong></span> <span class='ocrx_word' id='word_1_773' title='bbox 563 5645 752 5709; x_wconf 87' lang='lat' dir='ltr'><strong><em>recentiores</em></strong></span> <span class='ocrx_word' id='word_1_774' title='bbox 768 5647 916 5729; x_wconf 71' lang='lat' dir='ltr'><strong><em>amitam)</em></strong></span> <span class='ocrx_word' id='word_1_775' title='bbox 957 5662 1056 5707; x_wconf 90' lang='lat' dir='ltr'><strong><em>rarum</em></strong></span> <span class='ocrx_word' id='word_1_776' title='bbox 1083 5646 1280 5728; x_wconf 76' lang='lat' dir='ltr'><strong><em>hyperbolice</em></strong></span> <span class='ocrx_word' id='word_1_777' title='bbox 1305 5648 1582 5728; x_wconf 68' lang='lat' dir='ltr'><strong><em>ianuamianuaim</em></strong></span> <span class='ocrx_word' id='word_1_778' title='bbox 1607 5646 1697 5710; x_wconf 88' lang='lat' dir='ltr'><strong><em>mado</em></strong></span> <span class='ocrx_word' id='word_1_779' title='bbox 1714 5641 1812 5708; x_wconf 84' lang='lat' dir='ltr'><strong><em>aredi·</em></strong></span> 
     </span>
     <span class='ocr_line' id='line_1_65' title="bbox 74 5719 1170 5812; baseline 0.016 -37"><span class='ocrx_word' id='word_1_780' title='bbox 74 5727 101 5776; x_wconf 87' lang='lat' dir='ltr'><strong><em>n</em></strong></span> <span class='ocrx_word' id='word_1_781' title='bbox 113 5731 203 5780; x_wconf 81' lang='lat' dir='ltr'><strong><em>serm.</em></strong></span> <span class='ocrx_word' id='word_1_782' title='bbox 220 5719 262 5782; x_wconf 90' lang='lat' dir='ltr'><strong><em>de</em></strong></span> <span class='ocrx_word' id='word_1_783' title='bbox 276 5737 371 5786; x_wconf 80' lang='lat' dir='ltr'><strong><em>coena</em></strong></span> <span class='ocrx_word' id='word_1_784' title='bbox 388 5722 520 5804; x_wconf 86' lang='lat' dir='ltr'><strong><em>iipmiui:</em></strong></span> <span class='ocrx_word' id='word_1_785' title='bbox 535 5723 615 5802; x_wconf 78' lang='lat' dir='ltr'><strong><em>Dico,</em></strong></span> <span class='ocrx_word' id='word_1_786' title='bbox 638 5727 748 5812; x_wconf 85' lang='lat' dir='ltr'><strong><em>iuquit,</em></strong></span> <span class='ocrx_word' id='word_1_787' title='bbox 765 5735 919 5811; x_wconf 81' lang='lat' dir='ltr'><strong><em>operator</em></strong></span> <span class='ocrx_word' id='word_1_788' title='bbox 965 5729 1027 5792; x_wconf 87' lang='lat' dir='ltr'><strong><em>bile</em></strong></span> <span class='ocrx_word' id='word_1_789' title='bbox 1044 5737 1101 5796; x_wconf 86' lang='lat' dir='ltr'><strong><em>est.</em></strong></span> <span class='ocrx_word' id='word_1_790' title='bbox 1165 5747 1170 5761; x_wconf 89' lang='lat'><strong>·</strong></span> 
     </span>
    </p>
   </div>
   <div class='ocr_carea' id='block_1_3' title="bbox 0 0 2056 6275">
    <p class='ocr_par' dir='ltr' id='par_1_3' title="bbox 0 0 2056 6275">
     <span class='ocr_line' id='line_1_66' title="bbox 0 0 2056 6275; baseline 0 0"><span class='ocrx_word' id='word_1_791' title='bbox 0 0 2056 6275; x_wconf 95' lang='lat' dir='ltr'><strong><em> </em></strong></span> 
     </span>
    </p>
   </div>
  </div>
 </body>
</html>
