4084 6275
819 417 914 478 blnda
933 418 1078 490 QUINTUS
1721 425 1775 484 193
1857 473 1862 480 .

18 545 20 560 “
86 555 309 620 Testamentum
332 551 933 632 utiusaupumemee.nattucapae
977 552 1440 637 uerbem;tratpsedtxtt:flte
1450 553 1838 638 eataaupuiameeunoui

80 647 106 702 et
118 637 232 700 llarcus
248 651 316 714 cap.
335 635 384 699 et.
400 635 516 719 dieunt:
532 639 591 702 itte
613 643 658 700 est
681 638 816 718 saepuls
840 653 931 702 metas
980 637 1184 701 Testamenti.
1197 638 1398 722 Septimoqut
1421 644 1549 704 testetur
1564 687 1587 717 ,,
1600 641 1839 706 instrumentum

18 725 20 752 ³
77 721 148 786 naui
161 716 361 782 Testamenti.
764 725 773 773 2
979 720 1139 798 publicum
1154 722 1289 800 conicit,
1306 722 1388 803 qaod
1405 727 1553 802 perpetuo
1578 724 1636 786 rim
1662 723 1839 804 babeetap·

18 813 20 830 ¹
114 801 229 866 Deinde
242 800 478 866 Patrcsretercs
493 807 598 884 aperta
625 803 739 866 docent
755 847 763 874 ,
780 801 935 866 christum
978 801 1140 880 plicendae
1155 804 1365 869 haereditatis.
1386 803 1421 866 ld
1435 805 1672 868 lustramentum
1700 805 1839 871 christus

18 869 20 900 '
76 889 104 950 ia
125 885 225 947 ultima
242 897 339 946 coena
366 885 544 948 condidisse
559 884 791 949 Testamentum
809 901 933 948 aarum.
975 884 1009 946 in
1025 901 1121 948 coena
1134 887 1265 951 contenit
1285 887 1359 964 dum
1379 893 1605 952 sacramentum
1629 887 1761 952 instituit
1777 907 1786 965 ;
1805 891 1839 952 in

18 1015 20 1072 3
78 965 276 1032 tertullianus
287 965 384 1030 libi.
402 967 432 1029 in
448 966 648 1032 Marcionem:
663 969 705 1031 In
719 968 831 1033 calicis
844 983 932 1030 meu·
978 983 1071 1030 cruce
1087 970 1167 1030 nihil
1184 971 1310 1033 omnine
1325 971 1490 1050 eiusmodi.
1502 971 1620 1034 ιιεεεει
1634 971 1725 1051 igitur
1738 979 1838 1034 ratam

77 1053 169 1119 tiene,
183 1047 297 1128 inquit,
332 1049 565 1114 Testamentmn
587 1052 751 1116 comtituit
771 1051 934 1130 sanquine
979 1053 1140 1113 etcertum
1156 1053 1651 1117 incoenaTestamentumnarum
1666 1053 1836 1128 condilum,

77 1149 131 1198 suo
146 1130 361 1211 obsianatum.
384 1133 468 1195 idem
492 1149 639 1212 expresse
660 1135 773 1198 doeent
801 1132 931 1211 corpo·
978 1133 1150 1209 etpraindc
1165 1135 1292 1215 liguram
1307 1135 1492 1198 Testamenti
1507 1136 1618 1198 veteris
1632 1137 1802 1214 impletam.

18 1227 19 1290 j
78 1225 188 1280 stamus
204 1221 235 1276 et
249 1213 498 1294 Theapbytactus
510 1215 541 1277 ia
554 1217 619 1280 laea
643 1219 770 1295 allegata
786 1215 932 1278 Matthaei
1018 1213 1084 1278 Hoc
1104 1217 1303 1282 laudamento
1317 1215 1472 1296 posituim
1487 1223 1746 1297 argumentamur:
1762 1220 1837 1282 San·

78 1306 106 1362 et
119 1297 214 1360 Tauli:
228 1313 350 1359 necnon
365 1297 546 1361 Ambrosius
561 1299 592 1360 in
607 1300 732 1362 Paulum
749 1306 780 1362 et
796 1298 877 1361 Beda
900 1299 933 1364 in
975 1296 1045 1376 guis
1056 1297 1241 1364 Testamenti
1256 1299 1367 1364 retusis
1377 1300 1459 1380 apud
1470 1299 1616 1380 heysem,
1632 1307 1697 1362 erat
1710 1304 1837 1381 sanguis

77 1383 204 1443 Dareum
220 1381 251 1442 et
265 1379 387 1452 bucam,
404 1380 480 1444 locis
495 1380 605 1444 citatis.
974 1379 1116 1443 victimae
1129 1381 1191 1462 jam
1208 1382 1394 1453 immolatae,
1425 1388 1538 1446 attere
1558 1399 1594 1446 ac
1605 1384 1730 1461 proprie
1745 1386 1837 1447 sacri·

115 1462 271 1524 Praeterea
282 1462 315 1524 id
328 1462 492 1525 Lutberani
508 1479 622 1542 negare
633 1481 696 1528 nun
708 1471 849 1547 possunt,
862 1479 932 1526 eum
977 1459 1097 1536 beatae,
1113 1473 1146 1525 ut
1160 1471 1242 1542 patet
1256 1465 1409 1529 bauddi.
1422 1481 1496 1545 ergo
1510 1467 1636 1544 sanguis
1651 1462 1838 1530 Testamenti

78 1561 176 1608 eorum
192 1545 618 1625 praecipuumsrpomentura
630 1553 734 1610 contra
749 1545 933 1609 sacrltleium
976 1545 1047 1606 nori
1062 1548 1144 1624 apud
1160 1547 1326 1620 Christum,
1347 1555 1395 1612 est
1405 1549 1533 1626 sanguis
1548 1547 1687 1610 uictimae
1699 1549 1837 1612 immola·

79 1628 186 1690 missae
202 1628 261 1690 hnc
277 1629 328 1690 sit:
343 1625 440 1693 Missa
460 1633 507 1690 est
536 1629 770 1694 Testamentum
794 1627 934 1707 Christi3
977 1632 1037 1701 tae,
1053 1634 1083 1690 et
1094 1628 1168 1695 'rere
1179 1648 1215 1694 ac
1228 1631 1353 1710 proprie
1364 1630 1563 1694 sacrificatae.
1579 1629 1634 1692 list
1647 1636 1750 1694 autem
1765 1648 1837 1694 san·

76 1726 141 1774 nan
152 1709 254 1788 tenue
265 1713 311 1772 est
329 1709 542 1787 sacrificium.
558 1711 622 1776 Hac
636 1719 848 1792 argumentum
861 1729 941 1792 pree,
977 1711 1049 1788 guis
1063 1711 1115 1774 ille
1130 1713 1256 1793 sanguis
1269 1711 1394 1782 Christi,
1406 1719 1441 1776 ut
1454 1714 1521 1792 ipse
1531 1713 1617 1776 dicits
1633 1711 1692 1776 Die
1706 1719 1836 1777 mtaan·

78 1794 219 1856 amnibus
235 1798 322 1871 urget
336 1791 489 1856 Lutberus
504 1795 534 1856 in
551 1795 629 1856 libra
641 1795 679 1857 de
694 1795 864 1873 captivitate
879 1795 934 1858 Ba·
977 1793 1051 1869 unu
1065 1811 1168 1872 mauu·
1184 1812 1258 1877 crgo
1272 1797 1340 1876 ipse
1354 1795 1410 1860 tuit
1420 1795 1540 1860 uictima
1564 1795 1597 1858 lu
1617 1810 1715 1860 coena
1729 1797 1838 1860 immo·

76 1874 227 1956 byloniee,
242 1891 310 1954 cap.
334 1875 363 1937 t.
379 1879 410 1938 et
424 1877 455 1938 in
470 1877 525 1940 tib.
541 1875 580 1940 de
595 1877 768 1958 abroganda
784 1879 889 1950 missa,
905 1884 936 1941 ct
975 1875 1037 1938 lata
1054 1882 1085 1940 et
1101 1879 1282 1942 sacrificata.
1778 1919 1782 1926 ι

76 1956 144 2020 alibi
157 1964 246 2036 urget
260 1957 344 2020 idem
358 1961 570 2036 argumentum
586 1957 760 2024 hemnitius
776 1961 807 2023 in
821 1962 853 2023 2.
866 1979 933 2042 par.
1020 1958 1124 2040 Deque
1136 1961 1318 2041 responderi
1334 1966 1446 2041 petest,
1461 1959 1646 2041 sanguinem
1670 1956 1783 2024 Christi
1803 1960 1837 2024 in

76 2041 234 2113 eraminTS,
249 2040 359 2120 pagina
375 2037 447 2104 153.
477 2047 508 2104 ει
530 2041 604 2114 802,
633 2050 743 2122 urgent
770 2043 860 2106 ctiam
883 2043 935 2106 alii
978 2055 1075 2104 coena
1089 2042 1186 2108 luisse
1200 2045 1382 2124 sanguinem
1396 2042 1535 2106 uictimae
1550 2043 1668 2106 laturae
1684 2044 1717 2105 ia
1731 2057 1836 2106 cruee.

76 2123 287 2186 communiter.
304 2121 382 2196 Quid
397 2124 544 2186 momenti
569 2127 629 2188 boe
644 2132 858 2202 argumentum
883 2127 935 2187 ha·
979 2123 1051 2186 Dam
1064 2125 1094 2188 ia
1106 2126 1209 2190 brada
1224 2125 1475 2205 priusimmolata
1498 2131 1546 2188 cst
1572 2124 1705 2200 victima,
1722 2125 1838 2188 deinde

75 2207 153 2280 beat,
170 2211 279 2284 pastea
294 2203 477 2269 ridebimus:
491 2207 613 2270 interim
636 2207 804 2286 accipimus
822 2257 830 2283 ,
853 2209 936 2288 quod
979 2209 1107 2287 sanguis
1121 2226 1266 2289 aspersus
1277 2210 1308 2272 in
1321 2209 1469 2290 populum
1484 2207 1546 2270 illis
1561 2207 1686 2270 serbis:
1709 2206 1768 2270 Hie
1791 2211 1839 2271 est

76 2291 154 2360 dant,
171 2290 300 2350 missam
312 2303 383 2350 esse
398 2288 624 2354 Testamentum
638 2289 837 2369 Christipudo
853 2291 935 2355 enim
979 2293 1114 2370 saupuis
1126 2298 1184 2355 etc.
1201 2309 1274 2372 ergo
1289 2294 1381 2355 ctiam
1406 2289 1546 2354 Christus
1570 2291 1657 2369 prius
1681 2289 1790 2353 debuit
1803 2305 1840 2354 se

18 2391 19 2394 ¹
78 2369 233 2432 manifeste
248 2368 398 2448 sequitur,
416 2369 569 2436 Christum
584 2373 615 2435 in
628 2371 732 2435 ultima
749 2371 934 2439 coena'aan·
979 2372 1048 2452 ipse
1063 2373 1214 2436 victimam
1229 2376 1331 2438 tacere
1358 2380 1390 2438 et
1402 2373 1574 2448 immolare;
1589 2372 1704 2436 deinde
1715 2375 1755 2435 de
1769 2389 1840 2435 san-

77 2454 192 2514 didisse
207 2468 299 2516 suum
313 2451 555 2531 Testamentum,
583 2461 615 2518 et
628 2455 760 2536 proinde
788 2455 937 2538 implesse
980 2455 1074 2534 paine
1089 2457 1204 2521 dicere:
1226 2457 1559 2536 Hicestsonpaisetc.
1574 2455 1744 2527 Praeterea,
1757 2457 1842 2519 nulla

18 2537 19 2542 ’
77 2535 202 2614 figuram
216 2535 401 2598 Testamenti
416 2536 549 2601 veteris.
980 2537 1057 2600 ratio
1069 2541 1192 2617 patitur,
1208 2547 1241 2602 ut
1255 2541 1342 2619 prius
1355 2539 1483 2618 sanguis
1496 2537 1636 2600 uictimae
1657 2538 1814 2601 hauriatur
1830 2585 1840 2611 ,

114 2617 243 2682 accedit
253 2623 420 2699 postremo,
435 2620 518 2698 quod
533 2620 559 2684 si
580 2621 807 2684 Testamentum
824 2619 936 2684 Christi
981 2620 1096 2684 deinde
1110 2622 1231 2684 uictima
1245 2622 1432 2696 immoletur,
1445 2637 1516 2684 cum
1530 2635 1550 2682 e
1564 2621 1765 2684 contrariosa
1786 2621 1842 2683 im·

77 2700 105 2761 in
120 2700 342 2763 coenataetum
363 2717 426 2763 non
450 2701 571 2776 luisset,
587 2710 671 2766 certe
699 2704 811 2766 tactam
827 2703 937 2767 luisset
980 2702 1147 2767 motatione
1161 2707 1289 2785 sanguis
1303 2711 1459 2784 sequatur.
1475 2703 1627 2783 lienique,
1652 2719 1723 2766 aum
1752 2704 1784 2764 in
1805 2701 1840 2764 ti·

56 2815 57 2820 κ
75 2783 106 2844 in
120 2798 228 2856 cruce,
244 2789 278 2845 ut
291 2783 413 2861 quidam
428 2784 577 2864 suspicari
591 2785 746 2848 videntur.
777 2785 812 2847 tt
827 2802 936 2850 omncs
979 2802 1053 2864 pura
1068 2786 1252 2850 Testamenti
1265 2790 1391 2860 ueteris,
1407 2786 1504 2867 Exuet.
1520 2785 1572 2848 et.
1599 2786 1656 2850 tria
1680 2786 1840 2848 inuenian-

76 2865 273 2928 eanditiones
283 2865 467 2930 Testamenti
481 2867 512 2929 in
521 2883 650 2932 caenam
660 2868 820 2947 quadrant,
834 2869 937 2934 nullae
980 2874 1040 2931 tur.
1053 2867 1371 2948 Primopromulgatio
1386 2869 1464 2950 legis
1476 2884 1579 2931 coram
1591 2867 1840 2947 populosum-

75 2947 104 3008 in
126 2961 267 3012 crucem.
282 2946 414 3010 Primum
430 2948 483 3028 qai
506 2951 756 3023 testamentare
779 2949 933 3014 debetus·
979 2949 1215 3024 do,‚immolatia
1231 2949 1575 3023 victimaeloedcretis,
1601 2963 1658 3013 seu
1681 2949 1840 3027 pacificae.

75 3045 134 3108 que
165 3029 204 3092 ad
222 3029 407 3108 completum
430 3031 670 3113 etobsignatum
694 3034 933 3096 Testamentum.
978 3031 1091 3104 Tertio,
1108 3034 1246 3113 aspersio
1260 3031 1419 3114 sanguinis
1444 3035 1475 3095 et
1485 3031 1677 3096 manducatio
1689 3031 1842 3107 uictimam

76 3111 216 3175 Christus
238 3111 268 3175 iu
292 3128 388 3176 coena
402 3129 525 3193 semper
538 3115 621 3192 rixit,
638 3116 671 3179 ia
685 3131 776 3179 eruce
798 3123 937 3180 mortuus
981 3121 1011 3181 et
1027 3116 1165 3180 chrislus
1180 3116 1353 3197 implereris
1368 3115 1498 3198 primum
1517 3160 1525 3186 ,
1549 3130 1621 3178 cum
1647 3115 1700 3177 ait:
1716 3114 1782 3179 Hac
1796 3116 1843 3179 est

76 3202 132 3257 est.
149 3194 253 3269 Quare
266 3201 351 3259 recte
363 3196 396 3258 b.
412 3196 524 3261 Paulus
538 3196 634 3262 Hebr.
646 3198 678 3261 D.
695 3215 758 3262 non
771 3198 811 3261 ait
825 3198 935 3266 Christi
979 3205 1193 3279 praeceptum
1214 3216 1323 3264 nmum
1335 3203 1393 3263 etc.
1409 3193 1447 3261 111
1462 3195 1605 3267 tertium,
1628 3214 1698 3259 cum
1719 3199 1771 3260 ait:
1791 3196 1845 3261 Ga*

76 3276 172 3340 mo'rte
195 3276 425 3343 Testamentum
448 3296 559 3344 norum
587 3282 700 3347 iactum
726 3281 847 3357 tuisse,
878 3282 934 3345 scd
979 3281 1113 3355 medita,
1129 3283 1189 3345 troc
1205 3288 1250 3346 est
1264 3278 1633 3361 ereprameunemeue,
1649 3280 1844 3344 hicestson·

76 3360 302 3423 confirmatum:
325 3377 386 3425 aaa
402 3361 485 3425 enirn
500 3364 714 3427 testamentum
740 3364 820 3427 tolet
835 3411 844 3435 ,
861 3364 935 3427 dum
978 3364 1052 3444 puis
1062 3380 1165 3440 mena·
1178 3364 1252 3444 quis,
1272 3365 1378 3427 credat
1391 3362 1640 3442 praetermissum
1669 3362 1765 3425 tuisse
1793 3379 1841 3425 se·

76 3443 157 3516 sirit,
173 3445 229 3523 qui
245 3448 372 3507 testatus
388 3450 446 3507 est.
462 3444 580 3509 Deinde
592 3446 644 3525 qul
659 3450 787 3509 testatur
803 3490 812 3521 ‚
828 3446 875 3510 sui
887 3445 936 3518 ju·
981 3446 1128 3522 cundum,
1145 3445 1288 3520 nimirum
1303 3444 1443 3508 vtctlmae
1456 3444 1714 3507 immolationem?
1726 3446 1768 3507 hd
1784 3446 1845 3510 baa

77 3525 117 3587 ris
133 3540 206 3589 esse
223 3525 330 3590 debet.
346 3524 484 3590 Christus
509 3528 542 3592 tn
567 3546 663 3592 cocae
679 3528 727 3593 sul
750 3528 831 3609 juris
845 3536 910 3593 erat
926 3547 936 3609 3
981 3534 1194 3607 argumentum
1209 3528 1326 3592 nullam
1340 3528 1415 3608 leui,
1429 3528 1475 3590 rel
1491 3526 1699 3602 Kcmnitli‚rel
1714 3528 1843 3592 aliorum

76 3606 107 3669 in
123 3622 217 3671 cruce
249 3625 311 3671 non
328 3610 419 3673 meaa
441 3616 549 3691 captus
574 3616 605 3674 ει
618 3612 738 3688 rictus,
769 3614 825 3674 scd
847 3611 938 3674 etiam
981 3611 1231 3677 coniurationem.

76 3694 251 3763 damnatus,
269 3690 372 3770 etjam
388 3693 525 3771 patibulo
539 3692 646 3757 affixas
660 3700 735 3757 aral.
757 3693 858 3757 Tertia
883 3694 936 3774 qui
1023 3694 1091 3757 ttue
1104 3693 1208 3757 reterri
1225 3697 1356 3773 possunt
1369 3689 1470 3753 omnia
1485 3689 1537 3753 illa
1565 3689 1741 3769 Scripturas
1758 3692 1845 3764 ¹‹liri-

81 3778 218 3845 testetur,
236 3788 362 3852 semper
376 3775 491 3854 aliquid
504 3775 839 3841 mandathaeredibus.
856 3775 941 3841 Chri·
985 3794 1045 3841 nee
1060 3778 1141 3851 laea,
1154 3776 1210 3856 ubi
1232 3776 1448 3838 describuntur
1460 3774 1539 3835 uaria
1562 3773 1710 3835 sacrificia
1733 3779 1846 3839 veteris

77 3861 141 3918 stus
155 3856 188 3917 ln
204 3857 465 3933 auennensem,
482 3857 803 3939 lnquttpraeeeptum
816 3876 937 3935 meum,
983 3861 1064 3939 legis
1076 3860 1201 3939 proprie
1213 3858 1306 3921 dicta.
1321 3853 1376 3920 Illa
1390 3858 1473 3932 apim
1489 3852 1591 3940 omnia
1620 3856 1744 3919 tuerent
1769 3859 1843 3938 tppi,

76 3944 112 4001 ut
132 3939 284 4018 ditipatis
297 3940 449 4005 inuicem.
472 3940 508 4001 Dr
529 3957 664 4004 rursum:
689 3941 754 4005 Hoc
774 3941 881 4020 tacite.
903 3942 939 4006 ln
984 3960 1020 4005 aa
1036 3941 1151 4021 ilgurac
1167 3941 1308 4004 sacrificii
1320 3938 1543 4015 Eucharistiae3
1565 3954 1602 3999 ex
1617 3956 1678 4017 quo
1706 3943 1846 4018 sequitur

77 4037 168 4083 eruce
184 4022 266 4083 nibil
283 4023 444 4085 mandasse
465 4022 587 4100 legitur.
603 4023 715 4102 Quarta
730 4026 783 4103 qui
798 4030 938 4101 testetur,
983 4032 1017 4088 ut
1032 4026 1123 4089 eliam
1136 4023 1325 4088 Eucharistia
1350 4040 1453 4089 aarum
1478 4014 1662 4083 sacrificium
1684 4037 1763 4110 'esse
1791 4023 1845 4085 de·

77 4104 191 4183 aliquid
208 4104 371 4183 promittit,
388 4122 443 4169 seu
458 4104 625 4185 relinquit,
649 4107 742 4187 idque
762 4107 940 4170 nominatim
982 4108 1066 4173 beat.

78 4186 253 4264 exprimere
269 4188 360 4264 solet,
377 4188 516 4252 atellam
531 4204 693 4267 personas,
717 4189 830 4267 ouibus
845 4190 941 4252 relin-
1025 4188 1204 4268 Respondet
1217 4188 1255 4251 ad
1271 4187 1555 4267 hocargumentum
1571 4184 1745 4249 licmnitius
1768 4185 1801 4248 ta
1812 4184 1844 4247 2.

78 4272 153 4347 quit.
180 4270 217 4331 ln
248 4284 349 4333 caena
370 4270 518 4333 Dominus
547 4266 700 4348 expressit
726 4272 939 4335 remissionem
984 4290 1050 4351 par.
1068 4270 1200 4351 examin.
1218 4269 1520 4351 pag.tll.sacribcia
1537 4270 1649 4333 vetaris
1661 4268 1846 4333 Testamenti

77 4359 371 4432 peccatorumque
386 4361 433 4415 cst
448 4351 610 4433 promissio
622 4353 745 4435 propria
756 4355 941 4419 Testamenti
984 4355 1081 4419 luisse
1097 4354 1224 4434 quidem
1244 4352 1358 4433 ligures
1380 4353 1555 4431 implendas
1581 4352 1611 4413 in
1638 4368 1715 4425 noro
1742 4348 1845 4414 Testa-

77 4434 156 4509 neri‚
172 4434 315 4498 Diercm.
331 4432 382 4497 31.
392 4443 422 4497 ει
436 4438 586 4516 expressit
601 4438 691 4500 etlam
702 4436 939 4509 haeredes,cum
985 4438 1162 4507 mentmsed
1176 4436 1320 4516 impletas
1334 4451 1406 4498 esse
1416 4434 1447 4499 in
1462 4435 1553 4498 unico
1565 4432 1717 4497 sacrificio
1730 4436 1845 4509 crucis,

77 4518 127 4577 ait:
149 4516 212 4581 Pro
233 4515 326 4581 uobis
341 4522 371 4581 ει
382 4534 442 4597 pro
456 4521 579 4583 niudis.
605 4519 640 4582 ln
657 4532 749 4583 cruce
765 4521 839 4582 nihil
857 4521 941 4602 ejas·
987 4526 1017 4583 ct
1032 4520 1217 4582 nuncetiam
1231 4516 1353 4599 impleri
1367 4517 1399 4583 ia
1414 4516 1573 4581 sacrldciis
1587 4515 1799 4595 spiritualibus
1814 4533 1847 4577 a·

79 4596 171 4675 modi,
188 4606 322 4680 excepta
343 4600 549 4680 promissione
561 4603 618 4664 soli
635 4600 742 4665 latroni
759 4601 942 4677 iaetaQuin·
986 4619 1094 4683 perum
1110 4602 1274 4665 bonorum.
1773 4619 1777 4629 ·

77 4685 107 4742 to
121 4682 173 4759 qui
186 4688 330 4755 testatur,
346 4688 442 4747 testes
452 4684 588 4755 adhibet,
605 4691 635 4747 ct
646 4684 725 4747 sicut
736 4683 867 4764 barses,
881 4702 943 4747 aon
1029 4686 1088 4747 Sed
1105 4700 1163 4747 nos
1177 4680 1283 4751 contra
1298 4682 1476 4763 probamus,
1492 4681 1607 4761 figuras
1619 4679 1714 4743 tuisse
1730 4678 1845 4743 sacriti-

78 4770 173 4827 testes
187 4780 405 4845 quoscumque
421 4812 430 4842 ,
447 4766 503 4829 sed
518 4768 620 4848 ipsum
632 4767 781 4848 papalum
796 4784 942 4831 convoca·
989 4767 1034 4829 cie
1048 4768 1097 4829 ille
1116 4784 1176 4831 nan
1188 4768 1288 4829 solaro
1304 4766 1406 4830 erucis
1431 4771 1462 4827 et
1475 4780 1604 4845 operum
1624 4761 1849 4836 bonorum,sed

80 4848 206 4919 rituum
221 4848 452 4911 Testamentum
466 4856 553 4914 vetus
564 4852 688 4914 nominc
705 4849 757 4912 Dei
773 4849 940 4913 sanciebat:
988 4851 1077 4913 etiam
1093 4846 1302 4913 Eucharistiae
1318 4848 1493 4928 dupliciter.
1515 4847 1617 4910 Primo
1642 4863 1681 4910 cx
1693 4840 1847 4910 Patribus.

81 4930 124 4991 sie
139 4930 232 4993 etiam
249 4929 391 4993 Christus
407 4936 514 5013 testes,
537 4938 568 4996 ει
583 4948 643 4997 nan
660 4936 942 5011 quascumqaased
988 4929 1193 4995 Tertullianus
1209 4934 1239 4995 ia
1255 4934 1310 4997 lib.
1327 4935 1431 4994 contra
1445 4925 1591 5000 ludaeos,
1615 4946 1684 5007 cap.
1699 4923 1728 4990 1.
1744 4934 1849 5022 aperte

81 5016 178 5089 ipsam
189 5012 366 5095 Ecclesiam
381 5028 550 5079 conlocare
565 5015 683 5093 debuil3
696 5014 726 5076 id
742 5014 815 5077 tecit
826 5016 857 5079 ln
873 5030 942 5079 coe·
989 5015 1075 5089 dicit,
1088 5015 1277 5085 sacrificium,
1287 5012 1364 5079 Abel
1376 5012 1504 5091 tipasam
1521 5008 1617 5093 luisse
1632 5010 1775 5073 sacrificis
1789 5008 1850 5073 Du·

68 5110 132 5167 na,
148 5096 282 5159 aderant
296 5095 378 5158 enim
393 5111 502 5162 omnes
516 5098 658 5177 apostoli,
675 5096 727 5177 qui
754 5098 943 5177 patriarchae
989 5098 1163 5161 charistiee.
1174 5096 1313 5163 tustinus
1327 5097 1357 5158 in
1374 5095 1540 5241 Tfifflmf
1555 5089 1700 5167 Similae,
1723 5092 1847 5171 inquit,

82 5176 217 5253 luerunt,
233 5184 267 5243 ct
287 5180 349 5241 reri
366 5178 468 5244 Patres
481 5179 572 5241 tatius
586 5178 748 5243 Christiani
765 5181 943 5265 populurld
989 5180 1120 5252 ablatio,
1135 5180 1248 5259 tiprara
1267 5179 1329 5259 tuit
1348 5177 1418 5241 auc
1463 5180 1587 5241 rutena.
1614 5176 1851 5256 chrysostomus

82 5274 203 5324 erucem
221 5262 430 5334 necadarant,
447 5278 505 5325 nec
533 5261 621 5325 Tacite
645 5263 804 5335 consoceri
826 5263 943 5343 potuis·
990 5263 1021 5325 in
1037 5262 1213 5342 psalmil'i.
1238 5258 1851 5355 Omniaueterumeaeritiaianouasu·

86 5348 164 5407 sent.
181 5342 343 5423 Sextoqui
359 5344 943 5425 testatur.soletdisertisrerbisexpli·
985 5344 1178 5424 perveniens
1205 5346 1313 5424 pretio
1336 5359 1404 5407 una
1426 5343 1647 5422 complectitur
1673 5340 1851 5423 sacristana.

18 5444 19 5447 ¹
87 5443 154 5491 care
168 5428 403 5490 Testamentum
432 5424 592 5491 sefacere.
608 5426 643 5489 ln
659 5442 752 5490 eruce
766 5428 942 5492 Testamen·
988 5428 1177 5507 depretiaris
1188 5425 1489 5491 lib.tT.deGirit.Dei
1500 5424 1853 5505 coenomanensem

18 5506 20 5551 l
86 5513 148 5571 tum
164 5508 309 5575 Christus
324 5526 363 5573 ne
378 5509 545 5573 nominarit
565 5510 702 5589 quidem:
732 5514 762 5571 at
788 5511 819 5573 in
848 5524 944 5575 caena
989 5510 1140 5573 eomedas
1153 5511 1232 5585 noui
1248 5508 1437 5573 Testamenti
1451 5506 1591 5581 ambibat,
1608 5507 1649 5569 de
1664 5521 1795 5586 corpore
1810 5521 1851 5567 aa

18 5604 20 5615 ·
89 5593 242 5673 expressit
257 5608 371 5655 nomen
387 5591 582 5671 Testamcpti,
600 5591 769 5671 etquidem
798 5594 860 5657 illis
881 5594 945 5659 tere
990 5594 1225 5672 sanauinceuo
1241 5598 1297 5669 εει·
1318 5584 1853 5670 idestcnimsccriticium,quod

18 5700 20 5715 ι
89 5674 203 5749 serbis,
218 5674 334 5755 quibus
349 5672 423 5737 olim
438 5674 566 5751 hlayses3
583 5681 615 5739 ut
630 5675 712 5738 enim
733 5675 787 5739 illc
804 5676 944 5747 dixerat:
990 5673 1509 5751 suecessitomnibuesacrificiie‚
1531 5688 1618 5753 auae
1637 5671 1853 5760 immolaban·

18 5756 21 5799 l
88 5756 353 5836 llieeatsanpuis
377 5756 577 5836 Testamenti,
607 5759 695 5841 arcad
714 5759 885 5824 mandauit
902 5756 948 5823 od
992 5761 1046 5823 tur
1058 5760 1097 5823 iu
1109 5757 1227 5824 umbra
1239 5758 1355 5838 picturi.
1372 5756 1504 5836 Propter
1517 5756 1608 5837 quod
1632 5756 1731 5819 ctiam
1752 5768 1862 5833 opnor

162 5857 327 5915 basernam
345 5857 404 5915 vat.
423 5858 469 5916 lll.
1605 5857 1641 5911 aa
