4084 6275
950 313 1054 376 lubuit
1801 313 1857 370 063

112 447 214 514 Gratia
228 445 379 527 66666666
395 443 466 508 688.
482 443 600 510 66666.
616 443 803 526 Baptismus,
820 445 874 510 ubi
888 447 927 511 de
942 449 985 514 ct·
1028 443 1147 510 Gratias
1161 458 1255 524 agere
1269 450 1300 508 66
1309 443 1510 519 benedicere
1525 461 1564 508 an
1580 442 1662 508 idern
1677 443 1719 508 sit
1731 442 1805 507 266.

155 530 302 592 lentibus.
1030 527 1146 594 Gratius
1162 541 1253 606 agere
1266 526 1408 595 Christus
1423 542 1485 588 non
1501 534 1726 598 consueuerat,
1742 526 1803 588 nisi
1825 542 1895 588 curn

20 635 21 638 ¹
111 611 211 676 Gratia
227 611 361 690 Spiritus
376 609 486 680 sanati,
503 625 559 686 per
574 625 684 672 manus
695 608 936 686 impositionem,
953 616 984 676 et
1068 609 1184 685 aliquid
1200 623 1344 685 magnum
1359 608 1495 670 tacturus
1510 614 1606 686 csset3
1609 615 1640 669 et
1651 609 1773 686 quanda
1785 608 1898 687 gratius

155 689 525 754 unctionemChnsmatrs
540 689 613 754 266
630 689 703 753 229.
721 692 839 754 66666.
867 690 982 754 Contir·
1071 689 1265 768 agennitio.
1476 735 1479 738 <

20 845 21 854 χ
154 775 247 836 mairo
263 775 308 836 vel
325 787 434 835 manus
449 772 616 847 impositio
1028 770 1072 834 66
1095 772 1249 846 gratiam,
1272 771 1305 832 in
1332 771 1459 834 bomine
1488 776 1537 833 est
1568 770 1722 848 capacitas
1750 769 1900 833 naturalis
1993 799 1996 802 -

20 861 22 882 ³
112 856 215 917 Gratia
229 854 400 926 justificans
415 858 463 914 est
477 852 606 916 allectus
632 853 734 916 curnis
760 852 872 916 Christi
894 853 984 932 spiri·
1071 852 1141 914 606.

20 1005 21 1010 ,
157 937 280 998 tnalitar
295 935 463 998 6666666666
484 933 557 995 282.
1029 935 1074 996 Ad
1087 935 1214 1012 gratiam
1228 937 1329 1010 potest
1342 933 1435 995 bomo
1447 934 1549 996 redire
1561 949 1617 1012 per
1629 934 1900 1011 rcrampoeniten·

20 1021 22 1048 ²
115 1019 216 1078 Gratia
232 1033 331 1093 666
300 1015 490 1092 baptismum
504 1015 675 1094 acquisita,
691 1031 747 1096 per
761 1015 984 1080 Eucharistinm
1072 1020 1142 1076 tiam
1160 1014 1230 1076 626.
1248 1012 1320 1074 606.

20 1171 22 1180 ‚
158 1104 356 1162 conseruntur
370 1095 443 1162 368.
1029 1095 1072 1157 66
1088 1097 1215 1173 gratiam
1232 1094 1286 1154 bet
1312 1095 1435 1172 disponi
1461 1095 1613 1158 dehemus
1638 1111 1694 1173 666
1715 1095 1899 1158 contrariam

20 1187 21 1208 ¹
118 1177 220 1240 Gratia
238 1195 300 1241 non
316 1180 405 1240 datur
419 1177 592 1240 seeundum
609 1184 712 1240 nostra
728 1178 835 1240 merita
851 1178 923 1242 633.
1070 1178 1222 1239 actionem
1238 1174 1402 1239 uoluntatis
1423 1194 1514 1255 quam
1530 1177 1697 1238 habuimus
1718 1177 1748 1238 66
1772 1184 1899 1254 6666666

20 1285 23 1294 ⁴
115 1259 215 1322 Gratia
231 1259 420 1328 dilectionis,
437 1274 492 1336 666
507 1277 598 1335 quom
615 1259 816 1322 humanitate
833 1266 933 1336 666666
953 1273 985 1322 6·
1070 1258 1143 1323 otu.

20 1335 21 1350 ¹
155 1344 237 1403 mnia
254 1347 379 1418 6666666
394 1340 545 1412 mortalia,
561 1339 626 1402 sive
641 1341 742 1402 omnia
765 1342 904 1404 mandata
920 1357 984 1404 sor·
1030 1340 1073 1401 ld
1089 1340 1217 1418 gratiam
1232 1341 1338 1404 ultima
1354 1339 1582 1418 dispositio,est
1596 1338 1721 1400 dilectio
1736 1336 1789 1400 liei
1805 1355 1901 1416 super

154 1439 236 1492 vare,
254 1437 316 1483 non
332 1421 512 1499 praecedit,
529 1421 583 1482 666
606 1421 698 1482 666666
722 1423 892 1484 infunditur
913 1439 984 1486 curn
1071 1421 1172 1483 amnia
1179 1438 1269 1497 ,quae
1285 1429 1389 1486 nutura
1407 1428 1523 1484 tautum
1539 1421 1697 1500 praeeedit
1719 1421 1816 1499 ipsum
1832 1438 1900 1500 gra·

154 1518 342 1566 remissione
357 1509 553 1580 peccatorum
571 1503 643 1568 668
765 1509 769 1516 ’
972 1519 977 1537 ‘
1073 1502 1232 1566 66666636.

113 1587 157 1646 666
173 1584 289 1664 gratioe
314 1583 560 1661 consequutiono
586 1583 761 1646 dubitamus
787 1583 827 1646 ab
849 1591 984 1648 nostrum
1029 1585 1088 1646 Per
1101 1586 1226 1661 gratiam
1242 1584 1326 1647 Deus
1343 1564 1533 1646 inhabitatio
1551 1583 1654 1646 multis
1669 1583 1720 1658 qni
1744 1599 1814 1644 eam
1838 1600 1899 1646 non

20 1675 21 1686 ¹
156 1666 424 1744 indispositionem
437 1666 489 1727 26.
1071 1670 1195 1735 norunt,
1212 1671 1245 1727 ut
1259 1674 1331 1726 sont
1346 1665 1480 1728 intentes
1494 1663 1637 1741 baptizati
1656 1665 1725 1728 666.
1743 1664 1815 1726 668.

115 1747 234 1809 Gratiae
250 1745 439 1840 promissio
431 1761 463 1806 tn
479 1746 680 1808 sacramentis
695 1745 745 1810 30.
1030 1746 1104 1809 8666
1119 1748 1212 1826 gratia
1229 1752 1260 1808 66
1271 1748 1401 1821 66666666
1416 1747 1472 1813 Dei
1487 1746 1612 1819 auritio,
1630 1744 1776 1807 Contritio
1791 1744 1901 1808 baberi

20 1855 21 1866 ¹
111 1827 233 1891 Gratiae
248 1827 488 1906 promissionem
504 1842 565 1887 non
592 1827 735 1905 obsignat
760 1831 984 1894 sacramentum
1071 1844 1132 1890 non
1146 1834 1247 1906 potest
1257 1827 1329 1890 638
1415 1866 1423 1885 ·
1448 1875 1451 1879 >

153 1909 251 1970 instar
265 1909 372 1986 sigilli,
388 1923 491 1984 neque
507 1907 667 1972 oontirmat
681 1909 776 1970 666666
791 1910 930 1972 miraculi
946 1911 984 1972 ad
1028 1909 1162 1988 Agnalia
1178 1910 1321 1972 excidero
1337 1926 1398 1970 nnn
1415 1924 1509 1987 posse
1524 1909 1682 1973 bominem
1706 1907 1803 1970 semel
1826 1925 1898 1971 uere

154 1991 347 2052 excitandam
377 1997 407 2050 66
422 1990 562 2050 alendam
579 1989 671 2050 66666
693 1988 913 2060 justificantem
930 1991 982 2054 60.
1068 1989 1271 2069 iustificatum
1288 1991 1344 2054 6666
1358 1991 1501 2054 haeresis
1515 1990 1630 2053 Caluini
1644 2005 1750 2067 ,quac
1763 1989 1900 2054 66666666

154 2087 254 2149 usque
270 2071 370 2133 adli
375 2069 692 2132 eorrtraliemnrtrum
1071 2072 1217 2133 refutatur
1234 2071 1304 2134 686
1373 2087 1376 2090 ’
1964 2140 1967 2147 ,

112 2153 234 2215 Gratiae
251 2151 538 2246 66666666666666666
554 2151 718 2228 promissio
745 2168 805 2220 non
832 2158 916 2216 reete
932 2170 985 2228 66·
1028 2152 1065 2214 tir
1079 2170 1171 2229 grane
1187 2169 1247 2214 nou
1264 2152 1425 2232 66666666,
1443 2152 1528 2218 lieus
1552 2152 1676 2263 66666666
1702 2157 1804 2230 666666
1826 2153 1898 2214 336.

156 2235 238 2298 66666
250 2235 280 2295 66
294 2233 473 2296 6666666666
489 2233 673 2296 sacramenti
688 2251 703 2296 6
721 2233 845 2296 Calvino
862 2235 914 2296 ll.
930 2234 983 2298 63.
1069 2234 1141 2298 333.

109 2314 230 2377 Gratiae
246 2316 366 2394 signum
383 2320 546 2388 66666666,
563 2322 610 2376 esi
625 2324 851 2382 sacramentum
868 2314 921 2378 68.
1028 2315 1135 2379 Graeci
1152 2316 1234 2377 idem
1249 2331 1374 2392 semper
1389 2322 1554 2378 senserunt
1569 2332 1639 2379 curn
1655 2314 1771 2378 Latinis
1786 2315 1826 2378 de
1841 2332 1897 2377 nu-

20 2403 25 2444 6
110 2396 149 2456 Et
164 2413 375 2473 quaecauasa
391 2397 516 2474 66666666
536 2411 575 2457 66
590 2412 628 2458 66
646 2398 771 2458 moralis
787 2397 859 2459 606.
876 2403 985 2476 etseq.
1074 2412 1158 2460 mero
1174 2407 1435 2460 sacramentorum
1453 2397 1524 2459 633.

20 2485 24 2501 ·
149 2477 332 2540 6666666666
349 2477 401 2540 83
419 2475 529 2540 6086
548 2477 736 2555 ubicumque
759 2479 984 2542 tribuimussa
1029 2478 1570 2557 Craccrreetelueruntoumgracca
1587 2477 1692 2553 lingna
1714 2477 1897 2540 utunturrn

149 2560 315 2622 oramentis
328 2575 428 2623 666666
443 2557 651 2635 allicientium,
667 2559 744 2621 inira
759 2561 812 2624 obi
835 2561 873 2622 66
889 2560 983 2624 cilici·
1070 2560 1269 2621 administrat·
1274 2577 1336 2624 one
1348 2567 1611 2623 sacramentorum
1630 2558 1699 2620 i03.
1723 2559 1798 2621 6666
1820 2559 1893 2621 368.

20 2651 24 2694 t
150 2642 233 2702 entia
247 2647 525 2704 sacramentorum.
1028 2642 1134 2706 Graeci
1151 2658 1316 2718 numquam
1331 2659 1348 2703 a
1364 2642 1480 2704 Latinis
1491 2643 1707 2704 dissenserunt
1719 2642 1758 2702 de
1771 2639 1896 2704 varitate

106 2719 195 2794 Quod
211 2722 371 2783 conterant
387 2724 512 2800 gratiam
531 2737 568 2784 ex
581 2736 677 2799 66666
703 2727 829 2799 6666666
855 2723 908 2786 36.
931 2723 983 2786 02.
1068 2723 1208 2801 corporis
1224 2722 1345 2784 Domini
1361 2724 1393 2785 in
1409 2723 1596 2786 Eucharistia
1610 2723 1682 2784 362.
1701 2722 1773 2784 636.

153 2804 303 2878 usquead
318 2801 393 2864 608.
410 2803 485 2865 6666
499 2817 579 2880 6666
594 2809 752 2880 operaturo
765 2803 817 2866 86.
937 2853 940 2864 ,
1029 2805 1136 2867 Graeci
1151 2805 1339 2868 conveniunt
1353 2811 1424 2868 eoru
1439 2805 1552 2866 Latinis
1567 2805 1740 2870 inveritate
1752 2802 1899 2866 transub-

107 2883 156 2944 An
174 2892 399 2946 sacramentum
417 2883 553 2946 66666666
568 2884 696 2961 primam
713 2886 838 2962 gratiam
854 2883 907 2954 86.
1067 2885 1273 2948 staniintionis
1287 2885 1359 2949 386.
1386 2892 1417 2950 66
1439 2903 1507 2966 seq.
1535 2888 1590 2947 sau
1618 2886 1758 2959 quaestio
1780 2892 1829 2946 est
1847 2885 1891 2962 de

107 2964 210 3025 Gratia
225 2967 283 3026 alia
300 2971 347 3028 est
362 2981 441 3042 quoe
463 2966 551 3026 66666
576 2965 617 3025 ob
643 2965 901 3041 dispositionem,
925 2965 983 3028 alin
1068 2966 1173 3027 verbis
1194 2966 1310 3044 quibus
1330 2966 1383 3030 liat
1404 2969 1457 3033 iliu
1479 2966 1645 3030 ineffabilis
1671 2967 1797 3030 rnutatio
1819 2965 1895 3029 383.

151 3061 232 3140 quae
247 3047 336 3108 datur
351 3061 390 3109 ex
405 3046 432 3109 66
448 3046 634 3108 sacramenti
650 3044 703 3108 88.
720 3046 790 3108 603.
805 3047 876 3109 606.
1069 3047 1142 3110 386.

20 3148 22 3189 i
108 3126 230 3190 Gratiae
242 3128 357 3190 oblatio
373 3145 435 3190 uon
451 3127 507 3190 init
522 3127 654 3190 eadem
647 3144 678 3188 rn
690 3128 844 3205 baptismo
856 3127 983 3193 taannis
1032 3118 1139 3195 Graeci
1155 3129 1346 3192 contendunt
1363 3146 1424 3193 uon
1441 3130 1541 3195 solum
1566 3129 1671 3194 verbis
1696 3126 1898 3191 institutionis

157 3216 188 3271 66
203 3210 314 3273 Christi
332 3209 402 3271 696.
416 3209 490 3271 206.
1070 3214 1102 3272 66
1115 3211 1359 3272 consecrationis
1372 3211 1605 3284 Eucharistiae,
1632 3212 1687 3275 sed
1710 3208 1897 3288 quibusdam

118 3290 237 3359 Gratiae
254 3307 364 3353 caussa
376 3292 505 3352 66666666
520 3301 578 3353 666
592 3288 783 3364 6666666666,
800 3306 862 3353 666
885 3296 986 3367 666666
1071 3291 1140 3353 66666
1158 3291 1302 3370 66666366
1317 3292 1428 3355 cantici
1443 3298 1670 3355 sacramentum
1695 3291 1768 3354 626.
1795 3291 1896 3353 66666·

156 3387 228 3438 6666
243 3372 322 3435 66666
337 3379 452 3443 nostra,
469 3371 609 3433 6666666
634 3371 728 3433 debet
752 3372 907 3435 66666666
929 3386 985 3452 666
1073 3371 1266 3434 1666666622.
1283 3374 1330 3434 od
1343 3372 1415 3434 626
1429 3380 1458 3435 66
1472 3389 1538 3452 seq
1551 3373 1624 3434 626.

157 3454 332 3517 ministrum
348 3452 594 3517 ecclesiasticum
610 3451 684 3515 606.
1029 3454 1113 3528 Quae
1128 3454 1190 3514 6666
1205 3453 1254 3513 6666
1262 3454 1425 3527 vernaret
1441 3454 1512 3516 illae
1527 3470 1637 3533 preces
1653 3453 1726 3515 626.
1738 3452 1813 3515 623.
1817 3452 1890 3515 626.

115 3525 235 3597 Gratiae
251 3535 381 3614 quilibet
394 3534 508 3613 gradus
519 3532 632 3597 sullicit
642 3534 681 3599 ad
693 3532 849 3612 implenda
860 3535 986 3599 manda·
1069 3543 1100 3597 et
1113 3532 1293 3613 6666666666
1305 3533 1378 3597 626.

157 3623 184 3676 66
200 3616 279 3682 666.
289 3616 362 3678 663.
1028 3615 1135 3679 Graeci
1150 3632 1210 3677 una
1226 3616 1364 3679 oratione
1379 3620 1541 3695 utramque
1555 3615 1696 3695 speciem
1711 3620 1897 3684 consecrant

20 3724 21 3735 ¹
113 3688 234 3759 Gratiae
251 3696 417 3792 opponitur
429 3695 572 3759 meritum
588 3710 625 3759 eu
637 3694 755 3790 66666666
770 3695 843 3757 636.
860 3694 932 3761 033.
1068 3697 1142 3759 626.

113 3777 269 3841 Gratiam
262 3795 294 3841 rn
310 3779 512 3841 sacramentis
526 3777 582 3839 66
574 3794 604 3839 66
621 3780 702 3839 66666
717 3778 891 3854 666666666,
908 3794 984 3858 quo-
1028 3779 1136 3843 Graeoi
1150 3771 1281 3840 latentur
1292 3776 1446 3841 Christum
1459 3793 1660 3841 consecrasse
1673 3775 1898 3839 Eucharistiom

158 3846 360 3922 modainielii
364 3860 499 3939 gendum
515 3858 567 3922 23.
583 3858 636 3921 26.
652 3858 704 3921 26.
1069 3860 1132 3923 61666
1146 3860 1262 3922 verbis
1272 3856 1343 3923 Hoc
1365 3866 1411 3923 est
1435 3876 1553 3940 6666666
1577 3874 1709 3933 6666666,
1735 3857 1805 3921 6666
1827 3859 1897 3923 aliis

111 3936 244 4003 Gratiam
260 3940 435 4021 significare
450 3941 519 4003 aliis
545 3940 698 4014 dandam,
725 3956 788 4003 non
814 3944 861 4003 cst
883 3957 983 4005 saara·
1067 3942 1213 4019 precibus
1227 3941 1299 4003 626.

153 4024 249 4085 menti
264 4030 297 4084 ut
310 4028 538 4085 sacramentum
553 4026 612 4098 est,
628 4021 684 4085 sed
698 4026 731 4083 66
746 4024 893 4101 66666666
905 4022 984 4086 6666-
1027 4024 1134 4087 Gracci
1153 4023 1300 4100 reliquias
1315 4023 1525 4087 Eucharistiae
1539 4022 1653 4085 dabant
1673 4020 1894 4085 innocentibus

154 4118 207 4165 rae
223 4104 274 4166 33.
1067 4104 1174 4179 666666
1188 4106 1419 4167 manducandas
1434 4104 1506 4167 606.

21 4250 23 4263 ,
110 4182 245 4248 Gratiam
261 4199 323 4247 non
339 4184 476 4247 efficiunt
490 4183 569 4249 tides
598 4188 629 4247 et
643 4189 744 4248 motus
760 4184 911 4257 66666666,
925 4188 980 4249 666
1027 4186 1134 4250 666666
1150 4202 1250 4263 usque
1265 4185 1399 4249 adhunc
1413 4187 1496 4247 diem
1522 4191 1646 4249 seruant
1669 4181 1895 4247 Eualraristiam

153 4267 255 4343 ipsum
270 4273 495 4329 sacramentum
510 4272 544 4327 ut
558 4267 796 4328 instrumentum
812 4268 885 4341 liei,
908 4268 982 4329 licet
1067 4266 1103 4327 ad
1121 4267 1274 4343 integrum
1290 4283 1404 4329 annum
1420 4268 1493 4331 336.

153 4353 184 4407 66
199 4346 277 4409 tides
293 4353 323 4409 et
337 4352 438 4410 motus
452 4347 592 4409 internus
608 4347 822 4425 requirantur
815 4365 846 4409 rn
868 4349 981 4413 6666666
1026 4347 1131 4412 Graeci
1147 4348 1428 4424 reprehenduntur,
1433 4350 1514 4427 qnod
1530 4346 1716 4409 sacrificium
1730 4346 1843 4408 missae
1857 4363 1894 4409 er

20 4466 24 4511 ¹.
151 4426 205 4489 86.
220 4428 289 4491 663.
1068 4428 1343 4504 6666666666066666
1369 4431 1567 4493 celebrabant
1595 4428 1668 4490 336.
1704 4428 1780 4491 6666
1802 4428 1894 4489 eliam

106 4506 243 4571 Gratiam
259 4508 415 4588 quomodo
429 4508 605 4573 babuerunt
618 4514 739 4571 6666666
754 4509 858 4572 Patres
877 4510 947 4573 608.
1067 4509 1158 4574 608.
1308 4555 1314 4565 ,

20 4628 25 4675 ÷
105 4589 240 4653 Gratiam
255 4590 460 4667 infundenda,
476 4590 561 4653 Deus
576 4590 733 4655 bominem
746 4590 856 4669 diligit,
870 4598 901 4653 66
911 4592 979 4654 6666
1024 4590 1209 4653 Graecorum
1226 4592 1321 4652 666666
1336 4591 1367 4653 66
1384 4591 1539 4671 baptismo
1564 4591 1729 4686 exponitur
1749 4589 1800 4651 66
1817 4588 1890 4653 638.

151 4671 255 4747 gendo
270 4670 343 4734 lacit
355 4673 470 4743 bonurn
485 4672 556 4733 623.
780 4720 785 4725 .
1023 4671 1207 4735 Graecorum
1225 4678 1254 4734 et
1269 4672 1443 4735 Latinorum
1459 4672 1679 4744 controversia,
1684 4672 1764 4733 sitne
1787 4684 1892 4747 angina

105 4751 243 4814 Graiium
260 4752 323 4815 6666
340 4752 512 4815 seeundum
529 4758 630 4815 nostra
638 4750 765 4828 merita,
770 4752 825 4815 luit
837 4752 978 4817 haeresis
1064 4769 1144 4831 pace
1159 4770 1197 4814 un
1222 4753 1403 4815 tormentata
1429 4759 1654 4815 sacramentum
1680 4751 1894 4817 Eucharistiae

150 4833 312 4911 Pelagiana
328 4832 400 4896 638.
1064 4834 1292 4897 666066666666
1308 4833 1504 4914 60866666.

20 4910 21 4923 ’
105 4913 197 4987 Quod
213 4916 338 4993 gratiam
357 4913 489 4992 propriis
501 4914 617 4977 maritis
629 4913 745 4991 acquiri
758 4914 978 4981 dicamussae·
1023 4914 1137 4977 Eorum
1152 4918 1305 4977 sententia
1321 4917 1360 4977 66
1374 4915 1555 4979 fermentato
1567 4917 1699 4979 retertur
1710 4914 1785 4978 608.
1801 4920 1833 4976 66
1845 4928 1894 4977 66·

152 5011 190 5072 66
204 4996 293 5059 nobis
308 4994 474 5063 falsissime
486 4995 650 5074 imponunt
662 4996 808 5059 haeretici
820 4996 891 5069 386.
905 4996 976 5059 388.
1066 4996 1180 5057 66666666
1193 4996 1266 5056 626.

20 5120 27 5147 ,
104 5076 230 5139 Gratiae
245 5078 340 5154 gratis
356 5078 443 5139 datae
459 5078 490 5138 in
506 5077 1205 5155 6666666666666666666666666·8666616666
1221 5077 1411 5155 argumentis
1426 5077 1498 5140 tit.

20 5150 27 5171 '
152 5158 280 5220 uruntur
296 5156 346 5219 66
364 5156 436 5219 263.
1028 5159 1212 5221 Graecorum
1228 5174 1296 5219 mos
1310 5165 1343 5219 ut
1358 5159 1449 5221 uerba
1471 5157 1605 5220 Domini
1631 5160 1696 5221 666
1718 5165 1894 5237 6666666666

104 5238 280 5302 Gratiarum
298 5240 376 5301 actio
392 5238 456 5303 lieo
478 5236 579 5301 dehita
596 5238 635 5301 ob
661 5242 729 5313 ejus
753 5238 904 5303 benelioia
927 5239 977 5301 60.
1065 5255 1189 5313 666666
1206 5246 1247 5311 66,
1260 5239 1523 5318 66666666666666
1537 5256 1640 5311 meus,
1657 5247 1717 5301 666.
1740 5243 1798 5300 alta
1814 5256 1892 5303 6666

156 5319 206 5383 li.
1070 5320 1271 5398 proterantur,
1288 5328 1318 5380 et
1334 5324 1467 5398 populus
1482 5322 1519 5383 ad
1536 5328 1663 5399 utraque
1680 5320 1891 5397 respondeat,

20 5451 27 5487 ,.
106 5402 169 5462 Pro
184 5401 347 5478 gratiarum
362 5400 590 5474 notionc,erant
604 5400 746 5464 hostiae⁸
738 5418 770 5463 m
785 5401 981 5465 'testamento
1067 5405 1178 5464 lmen:
1201 5408 1233 5462 et
1253 5403 1403 5465 diaconus
1428 5404 1620 5465 demonstret
1648 5405 1763 5481 populo
1791 5403 1893 5465 oblata

20 5485 29 5548 ’ζ
154 5483 248 5543 666666
265 5480 337 5551 368.
354 5480 426 5545 330.
443 5488 473 5543 66
489 5498 571 5545 6666
587 5487 634 5545 666
646 5492 783 5545 nostrum
797 5483 980 5548 sacrificiunt
1069 5483 1142 5544 623.
1157 5483 1229 5545 626.
1243 5483 1316 5544 363.

22 5559 30 5663 j
150 5562 264 5627 missae
282 5562 355 5625 288.
371 5562 447 5627 6666
463 5565 553 5628 otium
570 5564 641 5627 330.
658 5564 732 5627 333.
748 5562 821 5628 336.
838 5564 910 5630 338.
1029 5565 1072 5626 66
1086 5564 1137 5627 his
1150 5561 1261 5629 ritibus
1275 5565 1447 5629 declaratur
1461 5566 1541 5645 apud
1567 5566 1700 5630 Graecos
1713 5562 1889 5631 consecrari
