4084 6275
800 341 904 403 tthnn
916 339 1091 405 secudans
1714 344 1768 401 ³25

118 477 301 561 Respondet
319 477 428 543 Petrus
440 481 561 551 martyr:
584 476 744 559 Iluplieem
764 478 937 543 esseorum
983 477 1135 541 christum
1147 476 1338 555 babeamus,
1354 477 1410 545 sed
1424 484 1459 543 ut
1474 477 1652 551 rideamus,
1678 475 1756 541 nibil
1770 494 1842 541 esse

77 562 304 632 nemiidolium
318 578 391 627 uum
410 562 557 639 christo;
579 577 670 625 unam
694 577 751 640 per
775 561 869 625 iidem
906 566 939 625 et
983 561 1015 623 in
1031 562 1118 624 eaelo
1133 562 1336 640 praestantius
1350 562 1482 636 cbristo,
1505 568 1535 625 et
1559 561 1630 623 ideo
1650 567 1760 623 terram
1787 577 1843 639 per

77 648 272 721 etruritatem3
288 646 425 719 alteram,
449 662 529 725 quaa
556 659 593 707 ex
607 646 677 707 ista
705 646 856 723 seqnitur.
876 660 936 723 qna
983 643 1044 705 hoe
1058 648 1280 707 sacramentum
1292 645 1357 708 lieri
1373 644 1505 713 coelum.
1520 646 1591 724 quia
1606 658 1676 707 rere
1691 644 1841 707 habemus

73 746 189 793 suanos
208 729 346 793 membro
360 726 485 801 christi,
500 732 531 789 et
551 726 620 805 ipse
631 732 722 804 caput
740 734 893 805 nostrum:
906 732 938 789 et
981 726 1013 786 in
1031 726 1119 789 terris
1133 726 1184 798 td.
1201 727 1283 805 quod
1312 735 1359 791 est
1372 728 1404 791 in
1419 730 1506 791 coelo
1534 726 1840 806 praestantissimum.

72 815 116 875 rte
129 814 368 890 bacposteriare
382 810 466 887 loqui
480 807 748 879 chrysostomum.
763 826 834 873 oum
848 810 935 882 dicit,
982 806 1082 871 Verba
1097 808 1166 887 eius
1181 808 1256 871 haec
1269 818 1339 873 sunt
1356 811 1438 873 horn.
1454 810 1506 871 et.
1536 810 1567 872 in
1582 808 1716 888 priorem
1730 810 1767 871 ad
1785 806 1840 871 cn·

73 912 136 957 nos
151 894 254 974 reipsa
269 892 351 955 uniri
362 892 494 968 christo,
506 896 538 953 et
552 907 614 955 uon
627 890 694 953 sola
714 890 776 955 lide
800 897 852 955 out
864 892 936 955 cha·
981 889 1076 953 rintb.
1093 893 1122 951 in
1139 891 1211 953 line:
1228 888 1312 955 Dum
1323 895 1362 957 in
1383 892 1444 955 hac
1463 894 1531 955 uite
1554 908 1678 967 sumtu,
1703 898 1740 955 ut
1754 899 1841 955 ternu

74 980 181 1040 ritate.
297 968 300 983 '
640 1012 643 1019 -
980 971 1073 1035 nohis
1088 974 1213 1037 eoelum
1222 976 1274 1046 sit,
1288 974 1367 1051 lacit
1376 975 1435 1037 hoe
1449 977 1648 1057 mysterium.
1663 976 1804 1039 Ascende
1813 976 1840 1036 i·

88 1060 98 1079 ‘
115 1061 179 1124 sed
192 1056 464 1121 contracambio
477 1054 552 1119 uolo
566 1053 865 1125 membrorum-cum
886 1073 936 1119 aa·
979 1055 1068 1133 auur
1081 1056 1347 1134 adeoeliportas,
1360 1064 1390 1119 et
1403 1058 1575 1135 diligenter
1589 1059 1727 1133 attende,
1739 1059 1839 1121 immo

70 1143 151 1220 pite,
164 1161 226 1222 qua
240 1140 390 1203 allicimur
403 1154 499 1201 unum
511 1153 624 1216 mrpus
640 1141 796 1218 mysticum
811 1138 935 1215 christi,
979 1152 1050 1199 own
1064 1138 1145 1199 coeti
1159 1140 1333 1214 cortonam,
1349 1144 1379 1201 et
1392 1144 1469 1203 tunc
1483 1141 1571 1217 quod
1580 1141 1720 1203 :liumus
1733 1140 1840 1205 iratae·

72 1229 202 1303 proprie
224 1224 380 1287 obtinetur
394 1238 451 1301 per
464 1221 677 1299 Baptismum‚
707 1226 738 1283 et
758 1223 935 1285 necessario
981 1218 1077 1282 beria
1092 1220 1318 1302 etenimquod
1330 1238 1455 1285 summo
1477 1222 1598 1285 honore
1620 1224 1758 1301 dignum
1771 1230 1839 1293 est.

73 1307 265 1386 praecedere
280 1305 375 1367 debet
385 1305 592 1382 sumptionem
600 1302 821 1381 Eucharistiae:
836 1306 889 1384 qui
904 1320 936 1365 e·
981 1302 1020 1363 id
1030 1302 1089 1363 tibi
1101 1304 1140 1365 in
1154 1310 1241 1367 rena
1255 1305 1435 1381 ostendam
1459 1320 1540 1367 nam
1564 1306 1841 1383 quemadmodum

73 1393 140 1453 nim
156 1394 283 1452 nonest
295 1386 467 1449 membrum
488 1385 614 1460 christi,
637 1400 698 1447 non
720 1386 780 1448 nisi
808 1387 935 1468 indigne
979 1384 1018 1446 t'n
1032 1386 1130 1462 regiis
1140 1403 1209 1449 nou
1222 1388 1373 1465 parietes,
1389 1392 1586 1451 contectum
1606 1404 1766 1465 aureum,
1782 1390 1841 1453 seri

71 1473 112 1533 ad
130 1474 192 1535 hoo
208 1477 433 1535 sacramentum
449 1466 582 1532 accedit.
609 1466 646 1529 tlt
659 1466 813 1544 chrysost.
836 1469 933 1544 dicit,
978 1469 1106 1546 regium
1121 1484 1237 1547 empus
1250 1470 1289 1533 in
1302 1472 1555 1542 thronoeedens.
1578 1472 1726 1532 omniurn
1746 1487 1841 1548 prae·

70 1572 131 1634 per
141 1553 367 1617 cucharistiam
381 1568 440 1614 nus
448 1551 594 1631 eony‘uagi
610 1549 731 1615 cbristo
758 1566 835 1615 nora
860 1569 935 1630 qua·
977 1551 1213 1613 :malerinum
1226 1554 1516 1633 usquequaquam
1530 1552 1840 1629 raatnraqimaeor·

72 1640 146 1699 dam
177 1645 210 1700 et
223 1652 292 1699 uera
307 1636 433 1697 unione.
449 1635 620 1708 Praeterea,
636 1633 719 1712 quod
744 1633 786 1695 ait
806 1633 935 1715 chryso·
977 1648 1052 1709 nto.
1068 1636 1157 1712 quau
1170 1650 1259 1701 nune
1273 1638 1311 1699 in
1326 1646 1412 1699 terna
1421 1636 1601 1699 uidendum
1615 1634 1673 1697 tihi
1685 1638 1841 1713 proponi·

71 1729 207 1795 stomus‚
219 1720 322 1797 reipsa
337 1716 428 1780 nobis
448 1715 596 1797 conjungi
611 1731 723 1793 eorpus
734 1715 856 1779 christi:
873 1730 935 1782 non
979 1720 1045 1777 tur:
1058 1731 1164 1796 neque
1177 1719 1265 1781 enim
1279 1718 1530 1799 angotos‚neque
1545 1716 1839 1795 archangelosmun

69 1808 179 1865 mtaus
197 1799 363 1881 opponitur
373 1798 588 1879 coniunctioni
609 1797 755 1877 mysticae
782 1800 934 1865 membro·
979 1799 1095 1875 coelos,
1109 1814 1179 1863 nou
1189 1802 1292 1865 coelos
1306 1802 1538 1873 coelorum‚sed
1551 1802 1660 1879 ipsum
1674 1800 1790 1863 horum
1804 1819 1838 1863 o·

71 1902 142 1947 rum
155 1883 341 1962 cumcupite
359 1898 474 1960 ‚quom
489 1879 701 1961 conjunctioni
717 1896 772 1960 per
784 1881 889 1953 iidem,
905 1892 936 1947 et
977 1882 1107 1945 mnium
1121 1884 1293 1947 numinum
1306 1884 1364 1947 tibi
1375 1882 1588 1955 ostendo.Quo
1602 1884 1671 1945 loco
1687 1881 1839 1953 chrysost.

68 1970 388 2042 dilectionemzueque
402 1967 485 2026 enim
498 1966 550 2025 itta
566 1965 663 2044 magis
676 1962 768 2025 realis
782 1972 934 2044 est,qoam
978 1965 1121 2029 sisoium
1136 1965 1167 2027 in
1183 1966 1277 2047 signo
1294 1966 1446 2030 christum
1475 1968 1507 2027 in
1523 1973 1600 2027 terra
1630 1980 1701 2027 esse
1725 1968 1815 2027 veltet
1831 2014 1839 2033 .

72 2052 145 2113 ista.
161 2050 306 2127 benique
327 2048 528 2124 ittaerempla
545 2047 773 2119 incarnationis,
790 2056 934 2113 etuman·
980 2050 1072 2129 plane
1087 2050 1244 2127 deciperet
1257 2050 1425 2125 auditores
1455 2064 1514 2110 nee
1542 2054 1743 2123 anteponeret
1770 2065 1841 2113 cum

73 2135 163 2205 curu,
180 2133 257 2194 satis
270 2129 417 2192 relcliuot
430 2128 573 2208 figmenta
587 2130 645 2191 ista
659 2130 913 2196 aduersariorum.
928 2154 932 2167 ·
978 2132 1098 2210 angelis
1113 2137 1144 2193 ot
1154 2133 1358 2211 archangelis.
1375 2131 1449 2204 Quis
1465 2130 1547 2191 enim
1577 2146 1638 2191 non
1653 2131 1736 2191 malit
1751 2148 1840 2195 veros

114 2216 263 2285 Quartum
284 2213 494 2275 testimonium
506 2212 595 2275 estin
612 2212 660 2273 his
672 2210 761 2284 iocis,
778 2214 829 2275 nbi
845 2218 935 2279 mira·
978 2216 1107 2293 angelos
1119 2212 1232 2285 ridere,
1249 2231 1339 2292 quam
1354 2215 1451 2277 solam
1465 2211 1573 2275 Christi
1587 2211 1770 2291 imaginem?
1784 2214 1842 2275 ld-

67 2298 142 2359 euio
158 2297 265 2359 tribuit
277 2294 525 2374 chrysostomus,
542 2296 625 2374 quod
640 2294 750 2357 christi
766 2312 879 2374 eorpus
892 2302 932 2362 si·
978 2300 1019 2359 de
1034 2298 1115 2375 quod
1128 2296 1241 2359 ibidem
1254 2312 1361 2359 rursus
1376 2297 1418 2358 ait
1432 2296 1625 2374 chrysostb‘i
1639 2298 1840 2375 puerrcgius

70 2381 135 2441 mut
149 2382 192 2441 sit
206 2383 247 2440 in
258 2377 359 2445 coela
375 2385 406 2440 et
416 2380 448 2439 in
463 2379 546 2440 attari
564 2378 618 2439 lib.
634 2377 666 2440 3.
695 2378 734 2439 de
749 2384 932 2444 sacerdotio:
976 2394 1140 2459 purpura,
1157 2386 1186 2443 et
1200 2380 1385 2443 diademate
1396 2385 1530 2443 ornatus
1542 2377 1598 2439 tibi
1608 2378 1761 2453 senardus
1776 2386 1841 2443 tru-

71 2459 670 2539 oneraratamctrcibeupauaten.
683 2460 829 2541 quicum
839 2465 934 2529 Patre
979 2465 1120 2537 deretun
1133 2461 1507 2526 nonncomnibusrehua
1521 2459 1843 2537 hunriaby‘ectiseum

68 2560 203 2609 morsum
215 2546 305 2607 sedet
319 2542 427 2605 inille
448 2545 601 2621 temporis
628 2542 765 2607 urticrtlo
787 2549 936 2611 emnium
978 2545 1167 2625 exciperes?
1182 2546 1293 2608 Verum
1303 2559 1393 2609 nune
1405 2560 1479 2608 eum
1487 2542 1703 2606 nonbominis
1715 2546 1845 2621 regium

69 2628 226 2691 aramius
234 2630 505 2705 pertractatores
514 2641 549 2687 se
561 2626 630 2703 ipse
644 2628 744 2689 tradit
756 2627 933 2694 acuatum
975 2642 1130 2707 pirorum,
1146 2629 1425 2707 seduniqenitum
1444 2627 1503 2689 Dei
1525 2625 1648 2688 Filium
1672 2627 1842 2705 accipias,

69 2711 169 2773 mum
182 2712 345 2788 campere,
361 2714 391 2771 et
402 2708 646 2787 conterritum
661 2709 769 2773 homil.
780 2709 812 2773 2.
827 2713 866 2774 ad
878 2730 933 2791 pa·
977 2728 1047 2775 non
1059 2711 1226 2783 tanneris,
1241 2716 1270 2773 u
1284 2724 1412 2773 omnem
1436 2709 1659 2773 saecularium
1678 2724 1790 2771 :emm
1810 2727 1845 2773 a·

69 2794 181 2871 pulum
195 2791 421 2855 Antiochenam
436 2792 468 2852 in
483 2790 557 2853 cae:
572 2791 663 2855 litias
676 2791 826 2856 melotem
838 2796 935 2859 disei-
979 2810 1104 2859 morem
1115 2792 1248 2875 abjice?
1262 2793 1344 2855 ilaec
1359 2793 1423 2855 ille.
1436 2790 1496 2856 libi
1520 2790 1547 2853 si
1561 2792 1600 2853 de
1615 2790 1725 2853 christi
1741 2792 1843 2872 signo,

64 2876 306 2955 pateraeque·
318 2872 425 2937 unam
444 2872 625 2937 outemllm
638 2876 817 2939 cromdona
837 2893 935 2941 suam
979 2894 1041 2942 noa
1058 2877 1097 2939 de
1113 2878 1182 2955 ipso
1197 2874 1315 2939 christo
1331 2876 1524 2953 loqueretur,
1542 2874 1626 2945 nullo
1656 2874 1746 2937 modo
1771 2892 1844 2939 eum

66 2958 404 3021 comendismiused
413 2956 503 3020 Elias
513 2958 648 3037 quidem
658 2957 934 3033 enutus‚christus
978 2976 1049 3025 oum
1071 2958 1156 3037 regio
1171 2974 1289 3037 puero,
1312 2957 1368 3020 sed
1391 2974 1466 3021 cum
1491 2956 1625 3035 imagine
1654 2957 1741 3035 pueri
1767 2958 1845 3038 regii

69 3046 195 3113 autem,
209 3038 498 3121 comburetque,
515 3042 666 3120 elipeum
685 3039 808 3107 babens
822 3059 934 3107 ascen
978 3042 1143 3118 conterret3
1159 3047 1210 3103 aut
1224 3044 1307 3103 certe
1323 3039 1533 3121 ineptissimus
1549 3043 1643 3101 esset.
1663 3070 1668 3081 ·

66 3125 130 3186 du.
417 3165 421 3170 -
1021 3124 1165 3200 Quintum
1181 3120 1400 3194 testimonium.
1417 3121 1510 3186 estin
1526 3117 1577 3184 his
1590 3119 1736 3192 loeisnhi
1751 3118 1844 3199 chry·

109 3206 155 3268 hd
170 3204 255 3268 huno
270 3205 372 3268 locum
386 3205 554 3284 respondet
566 3206 644 3270 ltere
655 3205 687 3268 in
700 3206 933 3288 cyclopectrrt·
979 3214 1056 3270 sost.
1074 3207 1157 3280 dicit,
1175 3205 1374 3269 christumin
1386 3205 1588 3277 Eucharistin
1613 3220 1675 3266 non
1701 3207 1793 3266 moda
1805 3207 1843 3268 ab

66 3292 107 3349 sti
123 3305 250 3351 earnem
267 3288 298 3349 in
312 3286 400 3350 coelo
415 3303 486 3351 esse
508 3291 642 3367 propria,
672 3288 704 3352 ia
719 3297 796 3353 terra
811 3293 933 3371 symbo·
978 3290 1168 3362 bominibus,
1186 3290 1241 3352 sed
1257 3291 1348 3350 etiam
1364 3289 1402 3350 ab
1417 3287 1535 3366 angelis
1550 3285 1775 3348 adorariilom.
1788 3288 1841 3351 il.

65 3372 140 3434 lice.
156 3371 194 3431 ct
208 3371 327 3449 probat.
343 3369 414 3448 quia
427 3370 544 3436 ibidem
560 3368 717 3451 chrysost.
734 3373 819 3439 dicit.
836 3374 934 3437 titiam
975 3373 1011 3434 in
1027 3375 1159 3452 priorem
1185 3374 1222 3433 ad
1238 3369 1376 3434 corinth.
1406 3369 1477 3433 lion
1499 3369 1625 3447 fnestra
1650 3371 1843 3434 memmium

66 3454 162 3518 simul
177 3453 276 3516 luisse
289 3468 415 3515 sursum
426 3458 457 3516 et
467 3453 696 3532 deorsunuquia
709 3456 852 3518 nimirum
867 3473 935 3520 sur·
978 3460 1180 3518 mortanum
1192 3456 1390 3518 intersacro
1402 3453 1558 3534 mysteria
1571 3451 1841 3526 celebramusaut

65 3553 137 3598 sum
154 3543 222 3598 erat
232 3536 263 3598 in
277 3549 333 3598 sua
346 3549 491 3613 persona,
507 3541 538 3598 et
551 3535 697 3598 deorsum
712 3543 787 3610 erat,
801 3539 871 3617 quia
886 3556 935 3603 re·
978 3539 1175 3610 accedimus,
1189 3552 1249 3615 pro
1259 3537 1329 3600 istis
1343 3550 1468 3614 agnum
1486 3535 1582 3598 ilium
1599 3534 1763 3611 jacentem
1778 3582 1787 3600 .
1812 3543 1841 3600 et

64 3621 225 3696 quieverat
238 3617 365 3696 spiritus
379 3618 448 3696 ejus
462 3620 493 3678 in
502 3619 632 3680 tiltsueo:
649 3625 681 3682 et
694 3620 740 3683 sic
752 3621 784 3683 in
797 3621 858 3684 alio
871 3629 936 3685 erat
978 3627 1116 3699 peccota
1129 3621 1249 3682 mundi
1262 3619 1425 3682 tollentem
1438 3619 1658 3695 deprecantes.
1675 3617 1757 3680 liaeo
1773 3619 1837 3681 ille.

69 3703 230 3774 «laureum,
253 3700 359 3762 aonia
375 3717 423 3762 se.
437 3701 567 3762 tddueit
581 3702 673 3762 etiarn
697 3702 774 3766 Bere
801 3705 936 3768 eundem
979 3703 1037 3766 Ubi
1051 3701 1243 3782 apertissime
1258 3703 1332 3764 dicit
1361 3700 1494 3763 invocari
1520 3699 1613 3779 (quae
1642 3701 1763 3775 speeies
1792 3708 1841 3764 est

66 3785 321 3862 chrysostomum
346 3782 431 3845 bum.
453 3784 506 3844 et.
522 3785 555 3845 ia
569 3785 702 3862 priorem
731 3786 769 3848 ad
795 3782 933 3850 corinth.
979 3800 1119 3849 summae
1134 3783 1334 3862 adorationis)
1355 3799 1468 3863 agnum
1498 3781 1528 3843 in
1544 3781 1629 3845 altari
1657 3781 1838 3862 jacentem3

65 3866 119 3927 ubi
139 3865 225 3940 dicit,
240 3882 298 3943 per
311 3864 371 3926 boc
385 3867 564 3946 mysterium
577 3865 656 3938 steri.
687 3873 720 3930 ut
744 3876 822 3930 terra
838 3869 928 3932 nobis
973 3874 1005 3930 et
1018 3867 1095 3930 larte
1110 3865 1218 3930 alludit
1233 3867 1270 3930 ad
1286 3867 1336 3928 illa
1348 3866 1452 3928 rerba:
1470 3865 1577 3944 ipanus
1598 3865 1666 3935 Ilei,
1683 3867 1742 3945 qui
1755 3867 1839 3930 tollis

64 3949 105 4008 sit
119 3947 254 4020 eoelum,
270 3953 302 4009 et
316 3946 463 4018 hortatur.
479 3955 512 4010 ut
521 3956 626 4012 mente
636 3950 882 4014 conscendamus
896 3953 928 4015 in
970 3955 1106 4030 pecata
1115 3950 1246 4024 mundi,
1259 3950 1349 4012 dona
1363 3950 1409 4011 eis
1421 3947 1579 4027 requiem.

64 4030 202 4102 coelum,
216 4030 269 4093 ubi
281 4029 434 4092 christum
448 4031 627 4094 habeamus.
1012 4031 1099 4096 ldem
1111 4034 1142 4094 in
1158 4038 1233 4094 orat.
1249 4032 1289 4094 de
1302 4048 1330 4094 s.
1344 4029 1524 4110 Philogonio
1542 4076 1551 4103 ‚
1567 4030 1699 4109 loquens
1722 4031 1761 4094 de
1777 4049 1837 4093 mn-

106 4114 170 4174 Scd
186 4113 264 4174 nibil
280 4112 354 4174 tieaa
369 4112 455 4174 dicit.
470 4113 544 4177 Nam
559 4115 679 4178 etiamsi
694 4115 775 4178 Elias
788 4132 849 4179 non
865 4122 930 4180 erat
971 4115 1033 4196 gis,
1054 4116 1106 4195 qui
1119 4114 1156 4177 ad
1172 4113 1324 4178 christum
1339 4111 1525 4179 adorandum
1541 4125 1578 4174 er
1593 4112 1717 4176 Perside
1746 4131 1838 4176 renu-

65 4197 191 4273 praprie
213 4211 337 4258 sursum
352 4203 384 4256 et
404 4197 562 4265 deorsum.
580 4205 682 4261 tamen
706 4199 765 4260 alia
790 4201 929 4263 retinest
971 4204 1054 4270 runt,
1070 4197 1178 4260 sioalt:
1203 4196 1327 4260 Sinum
1353 4194 1430 4274 lide.
1444 4195 1683 4266 accemerimus.
1708 4199 1836 4274 procul·

64 4283 104 4338 de
120 4279 231 4340 christi
247 4294 351 4342 earne.
366 4294 457 4355 quam
472 4277 705 4349 chrysostomus
726 4298 787 4344 nun
809 4281 928 4346 cenlert
972 4281 1072 4343 dubio
1086 4279 1266 4344 uidebimus
1281 4295 1355 4344 cum
1367 4279 1405 4340 in
1415 4279 1567 4356 praesepi
1575 4277 1837 4358 jacentemllem

64 4377 135 4420 cura
151 4360 229 4432 Elia,
245 4361 300 4422 sed
313 4377 382 4422 cura
401 4362 470 4438 ejus
483 4362 606 4425 melote.
823 4363 826 4371 '
971 4362 1051 4426 baec
1065 4379 1179 4426 mensa
1192 4365 1294 4426 uicem
1309 4362 1416 4440 cupiet
1428 4357 1607 4440 preesapi's:
1621 4361 1785 4440 siquidem
1806 4369 1836 4424 ct

106 4444 194 4518 Quod
210 4447 310 4504 autem
325 4447 447 4521 proprie
459 4444 709 4507 caraembomini
723 4443 926 4525 chrysostin·
971 4445 1025 4508 bic
1037 4447 1172 4524 panum
1186 4457 1303 4524 eorpus
1326 4443 1541 4516 comininum,
1558 4459 1627 4506 non
1638 4445 1804 4522 quideml
1821 4479 1834 4490 ·

65 4525 218 4588 tollererit
232 4526 264 4584 in
280 4532 356 4586 terra
371 4524 463 4587 uobis
478 4526 661 4597 relictam‚et
673 4528 766 4589 simul
779 4531 811 4589 in
826 4529 925 4605 coeio,
970 4529 1046 4592 scriis
1059 4527 1252 4603 inuolutum,
1267 4530 1349 4591 sieut
1364 4528 1519 4600 tunnscd
1531 4527 1752 4606 undequaque
1764 4527 1833 4605 Spi-

65 4614 159 4685 pntet,
179 4615 243 4669 tum
258 4624 297 4669 ex
310 4607 379 4670 loeo
393 4607 485 4670 citato
500 4624 538 4670 ex
560 4609 614 4672 lib.
630 4609 661 4671 3.
678 4611 718 4672 de
732 4610 925 4680 sacerdotio.
969 4612 1039 4673 ritu
1051 4616 1163 4674 senato
1178 4613 1397 4674 convestitam.
1419 4612 1460 4672 Aa
1486 4610 1577 4684 magi
1603 4609 1736 4688 quidem
1748 4611 1833 4674 nibil

64 4691 118 4752 ubi
133 4690 315 4752 miraculum
330 4690 361 4751 in
382 4691 440 4752 bae
451 4707 486 4752 re
499 4693 638 4771 agnoscit
652 4691 806 4772 chrysost.
823 4709 926 4771 neque
969 4693 1066 4756 aliud
1079 4694 1161 4773 quid
1171 4695 1366 4758 adorarunt:
1381 4693 1440 4756 libi
1462 4709 1536 4756 uero
1548 4693 1577 4754 si
1591 4706 1665 4756 cum
1677 4707 1765 4770 pura
1778 4709 1832 4756 aa·

65 4775 149 4834 enim
165 4771 347 4834 miraculum
360 4780 456 4846 esset,
486 4774 644 4836 situatum
659 4775 692 4837 in
707 4774 846 4854 symbolo
861 4792 926 4838 car·
969 4777 1101 4840 cesseris
1116 4777 1324 4850 emendantia,
1352 4777 1572 4855 permittentes
1598 4781 1634 4838 ut
1660 4790 1781 4848 sumas,
1798 4779 1830 4838 et

65 4871 140 4916 nem
154 4855 276 4916 llomiai
292 4855 489 4919 haberemus:
505 4861 569 4918 tum
583 4872 620 4920 ex
631 4858 691 4920 boc
705 4857 774 4936 ipso
789 4858 870 4931 loeo,
886 4860 926 4922 de
968 4863 1096 4938 sumpto
1110 4860 1243 4922 dmnum
1253 4857 1422 4920 abeaschi
1436 4857 1551 4920 indicat
1565 4871 1622 4920 nos
1638 4871 1700 4918 nun
1714 4862 1829 4922 tautum

65 4951 126 5015 quo
136 4937 270 5014 agimus.
285 4936 364 4999 llicit
377 4940 460 4999 euim
476 4937 632 5019 chrysost.
647 4956 713 5002 rem
728 4941 818 5004 nobis
832 4941 924 5019 longe
969 4942 1096 5004 adorare
1110 4956 1215 5022 posse,
1232 4942 1314 5024 quod
1329 4941 1409 5021 magi
1423 4939 1573 5014 lecerunt,
1595 4939 1651 5002 sed
1674 4939 1764 5000 etiam
1778 4955 1830 5004 su·

60 5019 210 5098 majorem
225 5037 242 5082 a
257 5018 376 5082 cbristo
387 5020 534 5089 relictum.
557 5038 649 5100 quam
664 5038 699 5084 ea
709 5022 817 5087 luerat.
833 5041 924 5102 quam
968 5039 1066 5086 mere.
1303 5041 1307 5048 ·

62 5101 610 5181 cirasctisaeoreliquilzquiaElias
635 5111 762 5175 restem.
785 5104 924 5170 cbristus
1009 5106 1096 5169 Idem
1126 5106 1232 5170 homil.
1258 5106 1311 5169 60.
1334 5104 1372 5168 ad
1400 5104 1544 5184 populum
1574 5103 1826 5168 Antiochenam:

60 5200 186 5248 earnem
201 5184 338 5260 reliquit.
353 5185 391 5247 ht
403 5195 488 5248 certe
510 5201 571 5248 non
587 5192 635 5250 est
649 5202 700 5248 res
726 5187 826 5267 major
852 5205 923 5252 earo
970 5186 1115 5267 cogitata
1130 5191 1223 5270 quali
1242 5191 1287 5253 sis
1297 5189 1473 5268 insignitus
1488 5187 1621 5256 honoro.
1636 5203 1829 5268 quomensa

60 5270 92 5328 in
104 5267 259 5344 symbolo,
275 5285 365 5344 quara
381 5268 475 5332 restis
489 5269 612 5348 proprie
628 5269 718 5330 dieta.
967 5270 1103 5346 fruaris.
1122 5271 1212 5348 Quen
1225 5273 1336 5352 angeli
1348 5273 1491 5336 uidentes
1506 5269 1703 5341 humescunt,
1719 5287 1827 5351 neque

100 5351 242 5426 benique
257 5351 345 5413 lucus
371 5350 572 5414 aliusaBeaa
597 5351 764 5428 productus
785 5367 822 5414 ex
836 5352 920 5416 bom.
967 5353 1066 5416 iibere
1081 5355 1349 5428 audentintueri,
1374 5358 1506 5432 propter
1533 5353 1723 5422 emicantem
1746 5355 1826 5418 inde

61 5431 109 5492 ci.
128 5435 158 5492 in
176 5433 311 5511 priorem
327 5435 363 5495 ad
381 5431 517 5494 Corinth.
530 5434 578 5496 rel
593 5434 679 5496 solus
705 5433 859 5498 sullieeret
880 5437 918 5498 ad
965 5436 1243 5512 splendoremhoc
1256 5455 1315 5502 nas
1329 5436 1590 5517 poscinummia
1603 5452 1661 5498 nos
1676 5436 1824 5499 uninrur.

62 5531 128 5576 auru
144 5517 385 5578 eurnerteudum
400 5515 437 5576 arl
460 5513 684 5592 serenandam,
717 5517 775 5579 nisi
804 5519 835 5578 in
862 5533 918 5581 sua
965 5517 1003 5579 ln
1018 5519 1124 5582 homil.
1147 5521 1198 5582 ct.
1215 5521 1296 5584 Huic
1312 5530 1341 5583 ct
1360 5534 1522 5599 supernae
1548 5523 1716 5596 potestates
1745 5523 1824 5582 assi-

1 5660 2 5667 g
61 5599 181 5659 haeresi
198 5598 288 5675 plano
299 5599 584 5661 obduruissctnam
600 5615 660 5661 non
676 5599 915 5679 dicitcbrysast.
961 5608 1061 5670 stunt.
1079 5605 1236 5683 quoniam
1248 5612 1277 5668 et
1289 5606 1344 5666 ilic
1358 5604 1450 5668 nobis
1463 5602 1666 5678 manifestius
1680 5605 1824 5679 preposi-

61 5687 93 5741 ut
113 5689 218 5762 mente
233 5683 263 5743 iu
279 5682 401 5744 coelum
415 5683 642 5758 ascendamus,
670 5691 703 5746 ut
729 5682 771 5745 ibi
801 5690 916 5746 taottrm
960 5688 1227 5752 lorumuiriutem
1238 5689 1462 5768 speculamur,
1480 5695 1508 5750 et
1517 5685 1751 5750 inaccessibiles
1767 5687 1825 5748 erl·
