4084 6275
286 316 321 373 ec
848 311 892 371 ou
911 312 1141 375 sacrosacris
1162 314 1196 372 tn
1215 312 1348 372 coneris
1723 156 1980 325 χ·
2032 277 2034 308 ¹

220 449 331 513 trudas
346 448 377 511 in
391 446 568 513 acriminis
582 447 694 511 dicbus
709 447 747 509 nlo
776 446 973 511 Antichristo.
989 446 1035 509 lta
1049 464 1080 512 o·
1125 447 1163 510 ad
1175 445 1352 511 Caecilium:
1371 444 1437 525 ero
1451 444 1892 526 etipaolnooitcoercmemo
1908 447 1990 528 (Ere

182 537 186 549 “
217 534 281 595 uim
297 536 538 609 expunonleum
568 531 669 593 locum
700 528 948 610 chrysostomus,
980 530 1079 603 Tiroc-
1121 530 1311 608 ermrisrtoc)
1321 530 1581 609 populnaoooer
1594 532 1775 595 ostenditur
1802 534 1988 604 adunatos.

216 616 391 696 phylaclus,
409 612 600 687 Ambrosius,
617 613 713 675 etalii
731 614 793 675 tere
809 628 929 675 omnes.
1124 612 1162 674 Ει
1173 615 1227 675 lib.
1239 614 1270 674 l.
1287 615 1378 689 episi.
1401 612 1431 674 i.
1444 614 1481 673 ad
1496 614 1650 688 ilagnunr:
1663 614 1769 693 Neque
1780 617 1867 679 enim
1888 616 1938 679 sic
1951 620 1990 680 in

256 698 397 774 [lenique
412 697 494 757 idem
509 698 655 774 probatur
683 694 897 759 efficacissimo
919 712 954 755 ox
971 695 1024 755 illo
1041 695 1079 757 tt-
1123 695 1480 758 aocrnmeolosolutori
1490 696 1855 775 delictommeontapio,
1883 704 1922 759 ui
1942 702 1982 763 in

216 780 343 857 plrcsios
358 778 388 839 o’.
406 777 653 841 Sacramentum
668 780 727 841 loce
738 796 896 858 mopumo
910 784 967 839 esi.
993 778 1078 839 Tum·
1124 778 1254 839 lotrocro
1269 778 1410 844 corneli.
1426 782 1456 839 et
1468 776 1634 841 soeculari
1646 782 1756 842 cordes
1782 783 1864 843 eutis
1876 788 1906 843 et
1917 800 1989 844 eor·

216 864 274 925 elsi
303 862 386 923 enim
402 860 557 931 Erasmus,
588 867 618 923 el
646 860 788 925 Calvinus
802 862 978 941 mysterium
994 876 1009 919 a
1025 859 1079 922 Pa·
1122 861 1211 937 poris
1226 859 1416 923 abluuntur.
1432 860 1546 923 Eadem
1561 866 1686 924 uiuntur
1714 877 1789 925 voce
1810 862 1988 927 Laclantius

215 947 268 1007 uio
283 945 343 1007 dici
360 945 625 1015 contenduntmcu
640 945 886 1023 conjunctionem
902 940 956 1004 viri
972 951 1002 1004 ct
1016 943 1078 1021 loc·
1125 943 1179 1003 tio.
1195 943 1225 1004 i.
1239 960 1307 1018 cap.
1325 943 1375 1003 li.
1389 942 1522 1005 Hilarius
1538 944 1567 1004 in
1584 943 1659 1005 illud
1688 946 1764 1021 psal.
1780 946 1850 1007 l2l.
1878 948 1920 1009 El
1948 968 1987 1007 o·

215 1031 329 1091 ruinae.
346 1030 400 1088 sed
418 1025 527 1089 Christi
544 1033 574 1095 et
590 1026 759 1097 Ecclesiae,
777 1043 815 1089 eo
829 1026 909 1105 quod
938 1024 1030 1086 addat
1041 1026 1077 1087 d·
1123 1023 1309 1100 borrdunlio
1322 1025 1530 1103 diligentibus
1540 1025 1785 1105 teiiieronymus
1799 1028 1830 1093 in
1846 1046 1916 1107 cap.
1930 1030 1986 1093 id.

215 1112 367 1189 pusiolus:
385 1110 452 1188 Epo
475 1114 585 1171 aulem
597 1108 669 1172 dieo
683 1112 722 1173 in
738 1110 858 1172 ctrroto
874 1114 904 1171 ei
916 1108 955 1169 in
969 1106 1077 1171 Eccle-
1123 1107 1234 1169 Erech.
1251 1116 1283 1169 et
1294 1113 1325 1169 in
1340 1125 1408 1186 cap.
1426 1110 1455 1169 l.
1472 1108 1600 1170 llalaelr.
1625 1107 1815 1188 Augustinus
1840 1111 1871 1173 in
1887 1116 1985 1189 epist.

214 1194 277 1265 sio,
296 1199 394 1253 tamen
411 1193 606 1269 apertissime
621 1191 776 1255 laltuntur.
793 1191 879 1265 Quod
905 1191 986 1251 enim
1002 1190 1078 1252 Pau·
1123 1189 1194 1251 trs.
1210 1197 1242 1251 et
1254 1190 1310 1252 lib.
1326 1190 1357 1250 2.
1373 1192 1471 1253 doctr.
1485 1190 1590 1253 otrrist.
1620 1208 1689 1271 cap.
1712 1192 1744 1255 3.
1770 1196 1939 1257 etdemum
1954 1214 1988 1258 o

215 1277 266 1337 lus
277 1274 459 1337 sacramenti
477 1290 588 1337 nomen
605 1292 666 1337 non
682 1274 794 1339 tribuat
808 1274 949 1344 Christo,
966 1277 996 1335 et
1020 1272 1076 1335 Ee·
1122 1287 1211 1334 mnes
1227 1275 1424 1350 posteriores.

218 1360 345 1423 elesino.
360 1358 416 1417 sed
439 1356 652 1437 conjunctioni
675 1358 730 1419 riri
753 1365 783 1419 ct
810 1357 961 1419 foeminae
995 1360 1079 1434 patet
1162 1354 1206 1416 lix
1220 1355 1463 1431 quibosPalrum
1479 1355 1643 1418 sententiis
1665 1357 1850 1436 colligimus
1868 1376 1987 1421 nomen

217 1450 280 1503 tum
297 1456 334 1503 ex
349 1440 475 1501 relativo
491 1440 684 1517 pronomine,
701 1440 771 1502 troc.
791 1438 894 1501 Relert
919 1437 1001 1499 enim
1017 1439 1048 1500 id
1065 1482 1074 1513 ,
1121 1436 1182 1498 hoc
1196 1452 1267 1499 esse
1282 1437 1541 1517 antiquissimum,
1555 1445 1585 1501 cl
1613 1439 1743 1518 proinde
1772 1443 1986 1512 retinendum,

215 1524 297 1602 quod
311 1522 427 1585 dietum
439 1523 549 1595 luerat,
566 1522 832 1585 nimimm2Eruni
846 1522 911 1585 duc
922 1521 962 1583 io
977 1538 1077 1585 corate
1122 1522 1211 1580 eliam
1226 1519 1252 1581 si
1268 1522 1298 1581 in
1314 1520 1479 1599 Scripturis
1495 1538 1555 1583 non
1572 1522 1755 1584 haberetur:
1767 1524 1923 1601 quomodo
1940 1542 1992 1587 re·

214 1612 364 1669 mnodum
378 1604 469 1665 eliam
482 1606 552 1683 quia
569 1605 682 1681 periret
695 1612 754 1667 luta
767 1606 842 1669 ralio
858 1604 1078 1681 Apostolilluli
1121 1602 1256 1665 tiucmus
1270 1604 1362 1663 multa
1379 1604 1435 1663 alia
1450 1605 1587 1679 nomino,
1603 1619 1682 1681 quac
1697 1620 1757 1667 non
1771 1607 1886 1669 suntin
1902 1608 1989 1669 Seri·

215 1691 297 1752 euim
320 1688 465 1767 probare,
482 1688 595 1749 debere
612 1688 692 1749 rircs
708 1688 836 1765 diligere
851 1702 922 1749 suas
938 1702 1049 1772 uxores
1065 1704 1075 1747 z
1121 1686 1232 1763 picris,
1248 1691 1280 1745 ut
1291 1684 1480 1760 Trinitatem,
1494 1687 1803 1761 consubstantialem,
1820 1706 1990 1768 personam

215 1773 246 1835 id
262 1787 333 1834 vero
349 1769 469 1846 probat,
486 1771 556 1847 quia
573 1771 648 1833 illud
667 1788 675 1829 :
705 1769 810 1833 Erunl
834 1770 900 1832 duc
924 1769 1078 1833 incarne
1121 1768 1446 1831 etc.Tericoiosissirna
1460 1769 1543 1831 enim
1555 1776 1603 1830 est
1614 1784 1721 1832 uocum
1735 1786 1880 1834 norarum
1891 1773 1991 1835 iiber-

215 1871 298 1930 uoo,
316 1862 361 1916 est
375 1868 520 1931 maguum
550 1858 775 1915 sacramentum
792 1853 822 1912 in
840 1851 958 1914 Christo
994 1857 1025 1915 et
1047 1852 1078 1915 iu
1121 1855 1173 1911 lus
1191 1852 1222 1911 in
1237 1852 1458 1920 liculcsiacum
1475 1852 1619 1929 paulatim
1635 1854 1917 1919 exnotisrocibos.
1933 1872 1990 1917 no-

213 1935 364 2001 Eeoiesia.
376 1935 462 2009 Quod
478 1936 504 1997 si
521 1941 616 1997 tolum
631 1936 691 1997 lrcc
707 1935 884 2015 mysterium
897 1942 945 1995 ost
958 1932 989 1995 in
1003 1952 1078 1997 eon·
1130 1947 1186 1993 rue
1202 1934 1291 1993 eiiam
1307 1948 1358 1995 res
1370 1934 1505 1996 oriantur
1520 1952 1589 1997 cum
1615 1934 1782 2011 uuicuique
1797 1936 1869 1999 licet
1891 1937 1924 1998 iu
1941 1954 1997 1999 re·

211 2018 373 2099 junctione
389 2017 500 2081 Christi
525 2025 556 2079 ei
584 2017 753 2091 Ecclesiae,
782 2024 813 2079 ct
833 2018 870 2079 ad
901 2017 1077 2095 coniugium
1124 2012 1183 2075 hus
1196 2014 1307 2076 divinis
1323 2016 1446 2077 nomina
1464 2017 1591 2095 lrugere.
1604 2015 1691 2077 Unde
1703 2023 1734 2079 et
1749 2018 1779 2079 ι).
1793 2018 1905 2080 Paulus
1918 2038 1993 2094 pro-

215 2101 293 2164 uilril
309 2099 453 2180 pertinet,
469 2100 554 2179 quid.
571 2116 698 2178 quaeso.
725 2100 837 2163 Paulus
862 2101 984 2179 probati
1001 2102 1076 2165 Vide
1126 2097 1212 2159 uiuet
1226 2098 1402 2177 prophanas
1417 2114 1525 2159 vonum
1542 2099 1689 2161 novitates
1706 2100 1738 2160 l.
1761 2100 1892 2163 Timoth.
1908 2103 1942 2163 (i.
1959 2111 1992 2162 et

215 2183 466 2247 commentarium
482 2181 669 2262 Hieronymi,
687 2181 909 2263 chrysostomi.
926 2182 1076 2247 Occume·
1121 2195 1148 2239 s.
1166 2179 1353 2257 drrgostinns
1369 2181 1519 2243 iib.lil.dc
1534 2180 1992 2261 civireapaetiocrieioouit

214 2266 270 2339 nii,
286 2268 458 2329 elationum
476 2265 594 2327 Petrum
612 2268 640 2326 in
659 2268 740 2327 huuc
758 2268 870 2327 locrun.
894 2263 1076 2346 conjunctio
1122 2261 1253 2323 docibile
1269 2262 1447 2341 metiuntur
1473 2264 1668 2342 philosophi.
1684 2281 1745 2325 neo
1759 2266 1798 2329 in
1821 2266 1918 2329 rebus
1941 2270 1991 2330 ud

214 2348 307 2427 igilur
322 2348 492 2418 sensibilis,
505 2355 667 2411 etenterna
684 2349 739 2411 riri
755 2355 785 2411 et
798 2346 960 2415 foeminae.
978 2366 1078 2411 sacm-
1121 2344 1370 2423 intelligendum
1396 2345 1594 2426 difficillimis
1623 2344 1832 2425 offensionem
1855 2351 1992 2428 religio·

214 2438 352 2495 mentum
375 2438 432 2493 est.
450 2430 541 2501 idest,
565 2432 689 2507 siguum
704 2432 747 2495 rei
778 2447 884 2493 sacrae
913 2432 1079 2510 spiritualis
1121 2442 1237 2489 comem
1251 2428 1991 2507 coriumpertimescunlzllotruootemaecer·

214 2522 245 2577 et
267 2514 402 2585 latentis,
421 2512 512 2582 idest.
536 2514 763 2593 conjunctionis
792 2512 902 2575 Christi
929 2520 959 2575 et
975 2516 1079 2578 Ecole·
1123 2511 1348 2588 lamrepuiant
1364 2512 1514 2592 leprosos
1529 2520 1584 2582 esi,
1597 2529 1640 2575 oe
1653 2511 1825 2575 ceruorum
1840 2516 1989 2582 licentio.

220 2598 296 2659 siae.
314 2596 462 2673 Quocirca
478 2595 651 2658 liemnitius
668 2594 716 2657 lris
746 2596 928 2659 testimoniis
954 2615 1079 2677 persna-
1123 2593 1223 2653 elium
1238 2594 1399 2668 derebus,
1416 2611 1502 2673 quoe
1516 2595 1565 2658 nis
1576 2594 1817 2675 significaretur,
1844 2600 1992 2676 inopiam

214 2696 280 2751 suS,
295 2679 403 2741 latetur
419 2695 530 2740 nomen
557 2679 738 2741 sacramenti
767 2684 800 2741 ut
825 2678 1001 2758 genericum
1018 2688 1076 2754 est,
1121 2674 1235 2753 cinnor
1250 2678 1450 2755 opinionem.

218 2764 366 2841 scriptum
394 2776 479 2835 esse,
503 2762 619 2823 lieetut
631 2760 836 2839 specificam,
866 2778 935 2823 uon.
954 2764 1079 2826 sitseri·
1164 2758 1278 2820 Rursus
1294 2761 1567 2841 colligimus-tam
1589 2777 1627 2822 ex
1655 2758 1832 2833 Setiolutis.
1857 2768 1921 2825 lum
1950 2780 1992 2825 ex

218 2852 317 2923 ptum.
1121 2836 1264 2901 Patribus
1280 2841 1391 2914 ollulis,
1409 2844 1594 2904 ilemnilium
1612 2843 1687 2903 laisa
1715 2851 1745 2905 ct
1759 2847 1923 2922 pugnantia
1948 2847 1990 2907 de

255 2926 378 2989 Falsum
393 2924 485 3003 igitur
499 2924 641 3003 estquod
654 2924 807 2987 Lutherus
822 2924 954 2988 dicebat:
973 2926 1077 2991 Sacra·
1122 2922 1181 2982 1¹00
1197 2925 1320 2987 nominc
1338 2927 1431 3005 tarqui.
1448 2928 1519 2987 llam
1535 2944 1604 3005 pag.
1621 2924 1673 2988 28.
1691 2927 1736 2987 sie
1756 2926 1811 2987 aii:
1840 2928 1993 3005 domesti-

213 3016 349 3073 mentum
358 3010 386 3070 in
395 3010 535 3070 urrirersa
544 3008 696 3086 Scriptura
706 3007 950 3085 siguificarerem
960 3026 1078 3073 sacram
1112 3018 1185 3065 litis
1199 3007 1326 3081 primm
1339 3010 1440 3085 ferme
1453 3007 1762 3086 eoepiloocobuluno
1771 3014 1989 3085 sacrementi,

218 3098 379 3159 secretam.
396 3107 546 3169 nusquam
563 3097 662 3154 autem
678 3090 799 3170 signum
824 3091 869 3153 rei
898 3106 1013 3165 sacrae,
1031 3108 1079 3156 sc·
1120 3085 1159 3148 t'rt
1173 3086 1232 3150 hoo
1243 3091 1377 3169 quidem
1388 3094 1528 3154 materie
1542 3091 1767 3164 emendarem
1778 3092 1876 3154 tulius
1891 3109 1992 3158 uerer-

217 3181 331 3240 eretae.
348 3175 408 3236 lice
421 3174 522 3236 minus
537 3174 645 3234 laisum
662 3179 720 3237 est.
737 3173 820 3249 cuod
832 3173 946 3238 ibidem
962 3175 1079 3238 addidit
1120 3185 1212 3246 pore.
1228 3187 1329 3251 quum
1342 3175 1521 3255 antiquitus
1535 3175 1667 3253 feceret.
1684 3175 1724 3236 in
1746 3176 1883 3252 epistole
1898 3179 1992 3240 enim

221 3258 390 3321 catholicos
406 3256 594 3333 ubicumque
607 3255 637 3316 in
651 3254 805 3334 Scriptura
821 3254 1007 3320 inuenerunt
1023 3274 1078 3321 oo·
1122 3252 1238 3329 quinte
1252 3257 1297 3317 od
1308 3255 1532 3320 Marcellinum
1543 3259 1582 3319 oie
1596 3257 1699 3334 signis
1713 3257 1850 3336 loqueos
1863 3260 1989 3338 innecii:

217 3357 291 3403 men
302 3339 497 3410 sacramenti,
512 3355 548 3400 ex
563 3353 600 3400 eo
617 3339 729 3400 iecisse
745 3337 879 3416 signumz
907 3357 967 3402 non
994 3342 1077 3402 enim
1126 3331 1213 3408 Qtltle
1228 3352 1301 3400 eum
1315 3341 1421 3410 adres
1442 3340 1572 3402 dicineo
1593 3338 1767 3417 pertinent,
1798 3357 1992 3405 caeromen-

220 3423 335 3502 uhique
347 3421 491 3491 dicimus,
507 3421 687 3482 sacramenti
704 3421 829 3482 rromina
844 3421 1009 3502 significari
1037 3424 1078 3485 si·
1122 3422 1156 3478 io
1185 3420 1404 3496 appellantur.
1424 3422 1457 3484 Ul
1470 3425 1573 3500 igitur·
1593 3421 1773 3499 Augrrale'no
1797 3423 1933 3501 aliquid
1947 3427 1993 3487 sil

217 3521 323 3585 gnum,
338 3503 392 3566 scd
409 3503 509 3566 scium
525 3503 707 3581 quibusdam
723 3503 754 3564 in
777 3503 864 3577 locis,
883 3505 953 3566 aiibi
976 3511 1077 3568 autem
1119 3508 1372 3578 sacramentam,
1387 3507 1466 3567 cotis
1482 3513 1538 3567 esi·
1555 3507 1585 3566 si
1596 3506 1647 3567 rae·
1661 3504 1809 3584 alicujus
1839 3507 1991 3575 diuinae.

219 3588 393 3667 significare
409 3602 472 3647 rem
489 3593 651 3659 secretam,
667 3592 700 3647 ut
714 3583 790 3648 Tob.
811 3586 860 3650 12.
885 3586 1078 3651 Sacramen-
1122 3582 1498 3666 oelsoeroesipnumait.
1521 3588 1605 3649 Ilaec
1634 3588 1698 3648 ille.
1726 3587 1885 3649 disaisum
1915 3606 1993 3653 esse

219 3675 289 3734 lum
302 3671 387 3748 repis
400 3667 597 3732 abscondere
609 3667 730 3730 bonum
751 3673 806 3732 esi.
822 3667 860 3730 Ει
873 3669 988 3748 Ephes,
1012 3671 1081 3734 im
1122 3665 1253 3741 primum
1269 3668 1471 3748 dogustluum
1489 3672 1596 3742 luisse,
1610 3671 1660 3746 qui
1674 3670 1844 3732 extenderit
1857 3671 1918 3731 hoe
1931 3689 1991 3734 no·

218 3760 334 3816 mptum
362 3753 482 3829 [anerei
509 3750 602 3813 mobis
636 3755 879 3814 sacramentum,
905 3753 1080 3816 uoluntario
1126 3763 1194 3807 men
1209 3751 1246 3808 ad
1263 3751 1319 3811 alia
1335 3767 1420 3813 suern
1435 3753 1536 3830 sigum
1565 3769 1656 3830 quottt
1678 3753 1716 3813 itti
1744 3751 1936 3831 Baplismum
1961 3764 1998 3816 et

218 3835 352 3900 struesst
367 3834 566 3896 l.Tiuroth.3.
581 3840 666 3894 vocat
679 3832 1081 3909 incarnationeurmagnum
1125 3827 1356 3908 Eucharistiam,
1375 3841 1455 3912 patet
1470 3851 1507 3895 on
1519 3834 1662 3896 omnibus
1678 3833 1843 3910 scripturis
1871 3836 1995 3913 citatis,

219 3919 341 3998 pictatis
353 3925 590 3978 sacrarrrentum.
604 3915 710 3992 Neque
723 3915 752 3976 id
767 3917 945 3994 ignorarunt
956 3917 1080 3980 Schola·
1126 3919 1158 3971 et
1172 3927 1209 3972 0¹
1221 3912 1419 3991 Tellullttltw,
1437 3916 1586 3996 οιιιιῑθῐιι)
1614 3934 1649 3978 ⁰0
1671 3917 1824 3979 Βθθῑθῦῑῐῡ
1839 3918 1917 3979 Ιῡθίὃ
1933 3937 1994 3981 n⁰·

220 3999 379 4078 stioi,quin
398 3999 497 4075 polius
513 4014 621 4061 omnes
637 4012 707 4059 uum
722 3998 863 4075 Magistro
876 3999 1011 4062 indicaui
1026 4001 1080 4065 has
1127 3995 1208 4054 iliis:
1226 4002 1256 4056 ei
1268 4007 1425 4075 praetcrea
1440 4007 1524 4077 patet
1538 4017 1574 4060 ex
1591 3999 1659 4078 ipso
1672 3999 1895 4077 nemrriticnut
1912 4019 1993 4079 9³¹1·

220 4081 417 4159 acceptiones
439 4082 535 4144 varias
550 4079 732 4142 sacramenti
748 4081 919 4142 secundum
945 4081 1080 4162 Seriptu·
1125 4074 1155 4134 l0
1167 4083 1249 4151 lille,
1265 4080 1357 4155 idest,
1373 4083 1483 4160 pagini
1498 4082 1550 4144 22·
1567 4084 1614 4143 8¹⁰
1628 4082 1680 4142 ³5¹2
1712 4082 1900 4163 G⁰tljtlntli⁰
1921 4087 1995 4147 viri

221 4181 282 4229 ras.
300 4164 376 4226 ilidc
393 4163 424 4224 in
440 4164 469 4224 i.
487 4164 603 4226 disti.
620 4169 692 4224 ets.
716 4161 824 4226 Thcm.
846 4163 877 4226 3.
904 4181 936 4244 p.
966 4183 997 4243 q.
1027 4164 1079 4228 60.
1125 4162 1281 4223 eiumon's
1294 4165 1332 4226 in
1346 4165 1508 4243 conjugio,
1525 4169 1571 4228 eal
1584 4172 1826 4228 accrementum
1849 4166 1994 4245 conjun-

221 4255 277 4310 arl.
302 4248 331 4307 l.
1123 4241 1239 4304 ettonis
1252 4245 1367 4310 Christi
1381 4256 1410 4310 ei
1424 4249 1587 4311 Ecclesiae
1612 4250 1648 4308 ad
1672 4248 1787 4323 Ephes.
1801 4248 1831 4308 5.
1841 4247 1878 4309 Et
1892 4248 1989 4311 inira:

264 4328 387 4406 Quodsi
404 4333 626 4390 sacramentum
637 4325 754 4389 dicatur
768 4345 784 4388 a
799 4329 960 4394 sacrando.
978 4335 1008 4391 et
1023 4329 1080 4392 ini·
1125 4321 1238 4387 Omnes
1250 4325 1372 4405 figures
1398 4341 1428 4392 et
1442 4332 1614 4409 ollegarius
1624 4328 1843 4409 significantes
1856 4330 1993 4408 aliquid

223 4413 339 4485 iiando,
353 4410 434 4489 quod
450 4412 549 4489 placet
565 4409 722 4488 Zwlnglio:
746 4415 779 4470 ut
794 4417 898 4487 poslea
929 4411 1079 4482 dicemus,
1124 4403 1235 4468 Patres
1262 4420 1379 4474 cocunt
1398 4419 1616 4476 caeremonia.
1647 4413 1853 4474 Tertullianus
1881 4413 1937 4473 tio.
1955 4415 1990 4475 5.

223 4495 353 4556 habetur
381 4492 412 4554 in
430 4493 584 4566 Scriptura
610 4491 797 4554 Testamenti
818 4492 930 4556 veleris
946 4511 1002 4558 tux
1027 4496 1081 4557 lte·
1123 4497 1228 4550 cottila
1243 4491 1426 4557 Marcionem
1437 4505 1523 4558 vocal
1536 4495 1748 4558 sacramenia
1760 4494 1994 4574 figurormmt

224 4577 327 4646 uraca,
345 4582 465 4637 nostrae
492 4577 604 4638 latinae
632 4573 700 4636 roci
724 4576 906 4654 respondes,
937 4576 1081 4640 nimirum
1123 4569 1668 4649 olleoorimsoeromeotomm.ooi
1683 4577 1860 4641 dedendus
1882 4576 1987 4640 dioro·

223 4659 321 4732 μνη-,ι
347 4675 403 4720 seu
418 4657 549 4742 ¹rairy‘rio
564 4704 572 4729 ,
601 4656 694 4730 idest,
720 4657 797 4720 ritus
825 4660 1079 4735 consecrationis,
1124 4651 1187 4715 hoe
1200 4653 1262 4731 filii
1275 4659 1430 4738 loquitor.
1444 4663 1600 4724 Aduersus
1611 4660 1753 4723 ludaeos
1767 4667 1861 4722 cocat
1873 4677 1989 4724 socru·

226 4741 322 4801 Exod.
337 4739 389 4802 28.
404 4741 499 4802 Lorii.
514 4738 546 4801 8.
563 4746 594 4802 et
608 4739 693 4802 alibi.
1124 4743 1272 4802 mentum
1283 4743 1375 4822 ligni,
1392 4745 1565 4824 disputans
1576 4746 1616 4807 de
1630 4744 1738 4806 securi
1748 4743 1880 4817 illisoei,
1898 4749 1928 4805 ei
1949 4747 1993 4807 de

267 4823 407 4884 Secunda
422 4825 497 4885 ratio
512 4823 642 4886 sumitur
657 4837 693 4884 ex
707 4821 855 4886 Patribus.
870 4824 1082 4904 Antiquissimi
1126 4818 1214 4896 ligno
1226 4824 1327 4889 Adue.
1345 4827 1426 4887 ilaec
1439 4829 1504 4889 ille.
1521 4824 1579 4904 Qui
1595 4826 1703 4888 ridcrii
1717 4842 1808 4902 uuam
1825 4829 1906 4888 bene
1938 4843 1996 4889 eo·

226 4905 1082 4984 enimPatresilccuouriueusisonladsignillcandum
1125 4901 1275 4977 hiereli.
1298 4909 1501 4986 Augustinutn
1529 4915 1685 4971 euclolem
1718 4908 1800 4970 illius
1826 4907 1871 4970 rei
1908 4909 1992 4970 face·

226 4988 425 5068 Baplismum.
442 4987 674 5062 Eucharistiam,
692 4989 794 5058 etalio
819 4987 850 5049 id
873 5003 971 5067 genus
996 5005 1082 5054 seem
1127 4999 1171 5057 te,
1197 5004 1276 5067 quae
1305 4995 1384 5070 opud
1414 4992 1653 5058 Tertullianum.
1685 4990 1826 5068 aliosque
1853 4997 1995 5054 vetustos

227 5071 377 5149 symbola.
406 5069 611 5134 Tertullianus
640 5071 865 5133 vetustissimus
894 5071 1081 5148 Latinomm,
1125 5066 1240 5142 Palles,
1258 5079 1289 5134 et
1309 5076 1388 5152 apud
1419 5077 1519 5154 ipsum
1548 5075 1719 5152 apostolum
1750 5074 1874 5135 Tauium
1904 5074 1993 5137 iure-

227 5153 283 5215 iil).
299 5153 338 5215 de
354 5153 533 5231 praescript.
550 5171 617 5233 cap.
636 5152 685 5215 to.
701 5153 792 5232 Ipsus
815 5167 954 5233 quoque,
971 5155 1081 5232 innuit,
1126 5150 1241 5214 uiator.
1704 5169 1707 5172 ’

226 5251 277 5299 ree
287 5239 566 5298 sacramentorum
580 5237 777 5308 diuinorum,
790 5237 827 5298 io
840 5236 1003 5300 idolorum
1013 5255 1084 5319 my·
1172 5235 1257 5297 adae
1269 5244 1434 5317 postremo,
1448 5240 1529 5319 quod
1544 5255 1652 5301 omues
1663 5239 1788 5318 liuguae
1800 5239 1941 5317 vulgares
1958 5241 1993 5301 in

226 5318 331 5382 aleriis
347 5316 496 5382 diodolus
512 5320 709 5394 comatulos,
738 5318 831 5396 lingit
845 5325 874 5380 et
899 5321 969 5398 ipse
990 5337 1084 5400 quos·
1127 5322 1219 5383 latina
1234 5318 1372 5382 Ecclesia
1389 5324 1447 5384 lroc
1461 5339 1573 5384 nomen
1591 5323 1796 5393 retinuerunt,
1823 5328 1856 5385 ut
1870 5319 1991 5387 Italica.

228 5402 318 5474 dom,
348 5402 505 5480 sipontin
519 5401 677 5476 frontibus
691 5401 807 5464 milites
822 5417 896 5463 suos
918 5407 976 5464 etc.
1008 5403 1083 5465 Vide
1128 5399 1253 5474 Gallica,
1270 5403 1445 5481 llispanica,
1464 5405 1654 5477 Germanica,
1670 5410 1701 5466 et
1715 5404 1806 5479 aliac3
1836 5407 1918 5482 qood
1943 5415 1995 5468 cst

229 5483 319 5545 etiarn
336 5484 389 5545 lib.
408 5485 437 5545 i.
454 5483 586 5546 Marcion
609 5491 678 5544 ante
695 5484 828 5545 medium
857 5500 883 5546 s.
914 5482 1084 5564 Cyprianus
1128 5491 1341 5564 argumentum
1355 5501 1479 5566 semper
1492 5489 1587 5550 luisse
1602 5489 1661 5551 hcc
1676 5503 1790 5548 nomen
1812 5503 1994 5549 sacramen·

230 5566 436 5645 truamur.
455 5567 525 5628 i.dc
539 5567 692 5644 Baptismo
704 5571 734 5627 ct
749 5564 982 5630 confirmatione
998 5568 1082 5629 dicit:
1129 5575 1204 5637 tum,
1221 5566 1251 5625 in
1266 5565 1416 5643 Ecclesia,
1449 5571 1635 5635 venerabile.
1653 5570 1711 5632 Sed
1735 5569 1774 5632 de
1802 5569 1869 5652 trac,
1891 5578 1991 5650 prima

231 5647 266 5712 Si
276 5655 478 5714 sacramento
492 5653 630 5729 neroque
643 5654 832 5712 noscantur.
844 5649 909 5714 Lib.
919 5649 1083 5731 2.epist.3.
1129 5648 1314 5724 Quaestione
1328 5653 1413 5715 satis.
