4084 6275
822 336 918 401 tibhlt
934 337 1076 402 TERTIUS
1703 340 1760 399 det

71 494 180 558 aurem
192 472 356 556 moremur
368 472 477 553 sutorii,
492 477 523 538 et
534 473 702 558 reliquerit
725 491 776 550 eo,
802 477 927 541 miseri·
972 477 1100 553 neratim
1115 480 1230 539 tontum
1244 490 1279 541 se
1293 479 1485 557 peccatorem
1499 472 1700 556 agnoscitaut
1710 473 1742 536 in
1757 490 1829 555 spe·

18 599 19 602 ¹
70 572 219 639 cordiam
233 566 458 639 comepnetor.
474 559 579 639 deque
592 561 675 625 enim
699 561 783 623 otius
798 568 856 634 est,
873 560 927 657 qui
971 562 1020 623 oie
1034 576 1129 623 unum
1144 561 1268 655 aliquod
1285 565 1443 657 peccatum
1469 560 1565 653 magis
1585 574 1714 655 grumos
1737 556 1828 619 mini·

18 729 21 804 t
69 642 928 804 iiiii,ittitidisicitdissicit,tit
971 645 1259 807 citissimi
1273 648 1825 804 itii.cottistis...titii

69 822 126 882 otio
138 816 179 878 de
192 824 316 882 caussa,
329 808 416 871 motti
431 814 556 888 peccota
581 824 636 873 sus
661 808 842 873 abscondita
856 822 929 871 csse
972 824 1048 871 nero
1061 810 1126 871 ruit
1140 811 1233 873 muita
1250 808 1422 871 testimonia
1446 807 1618 886 scripturae
1639 812 1670 870 et
1693 806 1827 869 Patrum.

68 899 209 979 sopiunt.
225 891 284 965 Qut
299 896 401 953 eutem
415 890 568 972 ejusmodi
580 897 664 962 sunt,
676 890 767 971 dirigi
782 904 842 954 noo
859 906 929 971 pos·
971 892 1032 955 Sed
1049 892 1171 955 interim
1187 907 1247 954 non
1264 891 1375 969 aliegat
1389 905 1427 953 ex
1441 889 1653 962 Patribusnisi
1669 888 1826 961 Basiliam,

68 975 227 1059 suottquis
241 973 325 1036 enim
340 974 449 1055 dirigat
461 978 636 1050 eumenius
649 975 826 1053 pravitatem
841 975 928 1054 ipon-
971 973 1003 1037 in
1018 975 1253 1052 quaestionibus
1268 972 1472 1049 brevioribus,
1489 978 1607 1051 quaest.
1623 970 1695 1034 288.
1709 972 1748 1033 de
1765 988 1827 1051 quo

69 1064 131 1129 rati
143 1077 181 1123 so
194 1057 392 1137 potissimum
406 1056 557 1119 sententio
573 1055 630 1119 istu
646 1058 770 1119 moratis
789 1057 861 1119 iiios
874 1055 931 1119 ob·
972 1056 1147 1119 testimonio
1162 1057 1367 1121 disseruimus
1381 1071 1449 1135 cap.
1465 1052 1498 1117 8.
1513 1052 1565 1116 uhi
1587 1054 1678 1119 etiam
1700 1055 1827 1117 solutio·

65 1148 181 1229 jurgas,
195 1138 249 1218 uui
263 1139 410 1201 admoniti
431 1138 584 1201 scelerum
598 1154 747 1217 suorum,
769 1140 879 1203 notunt
891 1155 928 1203 οι
972 1154 1042 1203 uem
1058 1140 1202 1202 itemnitii
1214 1138 1422 1202 refutavimus.
1452 1136 1496 1199 iix
1524 1134 1689 1216 scripturis
1718 1136 1829 1216 aliegat

68 1235 252 1309 agnoscere,
267 1222 325 1283 sed
340 1218 536 1284 abscondunt
548 1227 579 1284 et
592 1224 716 1301 uomet.
971 1222 1064 1285 mutto
1078 1222 1265 1285 testimonia:
1282 1222 1338 1283 sed
1353 1235 1431 1299 quae
1446 1218 1522 1282 nihii
1537 1220 1574 1281 ad
1603 1235 1667 1282 rem
1683 1219 1822 1294 iaciunt,

110 1309 185 1370 'isia
199 1309 249 1365 est
262 1303 354 1366 etiarn
370 1304 578 1366 testimouium
603 1303 681 1366 iliud
708 1303 929 1385 chrysostomi,
970 1320 1041 1367 oum
1056 1303 1156 1367 omnia
1172 1306 1248 1385 (uno
1262 1304 1405 1384 excepto)
1421 1302 1460 1365 de
1475 1301 1672 1365 confessione
1700 1302 1753 1365 iiia
1770 1309 1826 1365 tra·

68 1409 106 1457 ex
119 1393 206 1453 hom.
222 1384 254 1448 3.
271 1385 303 1448 in
317 1385 422 1449 itottn.
439 1384 598 1463 Confessio
611 1391 831 1464 peccatoram,
845 1388 929 1452 testi·
971 1394 1066 1462 cient,
1082 1402 1160 1467 quae
1175 1394 1241 1451 erat
1255 1386 1287 1448 iu
1302 1392 1538 1465 usuanteouarn
1553 1384 1710 1447 contessio
1725 1400 1825 1447 sacra·

65 1473 216 1538 monium
229 1473 279 1531 cst
291 1468 507 1531 comeierttios
521 1469 660 1533 timentis
674 1467 787 1533 Deam
817 1467 879 1546 Qui
898 1486 930 1533 e·
971 1470 1113 1535 mentaiis
1127 1470 1348 1543 institueretur,
1365 1468 1404 1531 de
1419 1485 1477 1549 quo
1492 1466 1555 1529 soto
1581 1482 1639 1529 nos
1660 1467 1826 1546 loquimur.

64 1559 136 1621 ssim
148 1554 239 1617 riam
252 1550 418 1626 iudicium
429 1550 498 1625 Dei,
507 1558 642 1630 peccota
653 1567 717 1616 soto
736 1567 804 1615 non
818 1552 928 1615 eratho·
970 1553 1190 1617 Testimonium
1206 1553 1332 1615 unicum
1350 1567 1387 1614 ex
1401 1552 1466 1613 det.
1484 1548 1533 1611 ic.
1549 1548 1586 1611 ad
1603 1564 1666 1611 rem
1679 1548 1828 1621 iacit,sed

64 1633 300 1712 scitcortit'tcri:
314 1634 374 1714 otti
395 1640 506 1697 omem
528 1634 707 1709 erubescit,
732 1650 802 1699 non
827 1636 927 1699 timet.
970 1637 1011 1699 de
1025 1652 1064 1699 co
1078 1634 1281 1699 disseruimus
1306 1651 1399 1715 supra
1414 1648 1483 1711 cap.
1499 1631 1530 1695 i.
1547 1632 1599 1695 ubi
1615 1634 1706 1695 etium
1722 1631 1827 1712 dispu-

65 1722 139 1785 dam
154 1716 388 1790 erubescentia,
403 1717 444 1780 de
458 1732 518 1793 oue
539 1715 777 1798 chrysostomus
792 1719 927 1798 toquitm
971 1716 1116 1782 tationem
1131 1717 1277 1783 liemnitii
1294 1717 1498 1781 excussimus.

68 1803 150 1885 apud
165 1798 314 1863 homines
326 1799 429 1862 iocum
444 1799 548 1877 babet,
563 1816 626 1863 uon
640 1800 721 1878 opud
742 1799 851 1863 heum:
865 1800 929 1864 iliis
1000 1802 1155 1879 Quartum
1169 1816 1269 1882 genos
1293 1798 1498 1865 contessioats
1523 1805 1590 1870 est,
1616 1813 1686 1861 eum
1715 1797 1829 1876 aliquis

67 1888 150 1951 enim
164 1880 309 1947 contineri
324 1882 540 1946 erubescimus
556 1928 565 1958 ,
580 1882 694 1961 quibus
707 1882 890 1946 arbitramur
904 1883 928 1947 i·
969 1885 1107 1965 pubiica,
1124 1900 1225 1948 coram
1240 1889 1330 1948 coetu
1345 1878 1636 1945 ccclesiaecrimina
1650 1878 1825 1943 confltetur:

68 1974 160 2049 pnota
172 1978 248 2029 esse
262 1965 342 2027 moia
353 1971 470 2041 nostem
496 1966 527 2029 id
554 1966 638 2044 ouod
666 1965 881 2046 unusquisque
894 1967 928 2029 in
969 1968 1008 2031 ad
1019 1968 1101 2046 quod
1117 1982 1216 2049 genus
1231 1968 1385 2046 pertinent
1399 1962 1490 2028 etiam
1503 1965 1536 2025 V.
1553 1962 1604 2025 vt.
1621 1962 1687 2025 vlt.
1703 1970 1734 2025 et
1745 1962 1824 2025 tttt.

68 2068 104 2115 sc
118 2048 291 2128 experitur.
307 2046 406 2124 Adde,
418 2046 550 2127 quodsi
565 2046 802 2129 chrysostomus
822 2047 928 2125 ioooe·
969 2049 1014 2113 he
1029 2051 1143 2130 quibus
1158 2051 1234 2114 nihii
1249 2050 1309 2114 hoc
1323 2050 1392 2112 ioco
1406 2046 1571 2111 dicendum
1588 2044 1657 2109 erit:
1674 2062 1743 2109 num
1759 2046 1826 2109 loca

68 2141 151 2196 retur
164 2133 205 2193 de
219 2130 435 2193 erubescentia
450 2145 551 2192 corum
563 2130 639 2202 beo,
652 2146 714 2193 non
726 2130 853 2193 diceret:
868 2128 929 2207 Qui
968 2133 1101 2201 irenaei.
1116 2133 1306 2209 Tertulliani,
1322 2129 1466 2211 origenis
1494 2135 1525 2192 et
1552 2127 1693 2208 cypriani
1709 2174 1718 2204 ,
1748 2145 1827 2207 quae

68 2213 334 2291 timetjrtds'cirtm
347 2212 414 2288 cei,
428 2218 564 2292 peccem
587 2229 652 2276 soto
676 2212 931 2291 noneruheseit
969 2216 1142 2280 liemnitius
1156 2216 1195 2281 da
1210 2214 1407 2280 confossione
1423 2210 1545 2293 pubtico
1560 2212 1707 2290 exponit,
1731 2228 1824 2289 supra

68 2296 226 2375 corpere
241 2297 301 2376 qui
313 2301 422 2359 comm
434 2295 602 2372 emhescit,
617 2310 687 2359 non
700 2298 812 2370 timet,
839 2297 895 2359 sed
909 2313 928 2361 ο
969 2318 987 2361 ι
1002 2300 1094 2363 nobis
1108 2306 1181 2364 sunt
1195 2299 1356 2379 explicata,
1374 2314 1443 2375 cop.
1470 2294 1501 2356 h.
1528 2300 1558 2359 et
1573 2294 1604 2357 t.
1633 2295 1676 2356 ite
1702 2294 1828 2357 historia

68 2379 223 2443 contrario
238 2380 366 2441 diceret:
383 2377 441 2452 Qui
456 2378 542 2441 timet
551 2378 703 2456 judicium
718 2377 785 2452 hei,
815 2380 925 2443 erube·
969 2387 1070 2446 autern
1085 2382 1226 2458 Nectarii,
1241 2388 1272 2446 et
1285 2379 1470 2445 testimoniis
1485 2373 1692 2455 chrysostomi
1709 2384 1738 2439 et
1754 2376 1828 2441 Leo·

18 2493 19 2526 r
67 2464 138 2535 scit,
155 2459 307 2537 condieri3
323 2459 374 2540 oui
391 2466 493 2523 autem
507 2477 569 2523 nou
581 2461 813 2533 erubescit,non
829 2463 926 2525 timet:
970 2464 1031 2535 uis,
1048 2480 1086 2529 ex
1099 2466 1212 2545 utribus
1240 2465 1450 2527 demonstrare
1474 2466 1601 2523 conatur
1627 2459 1800 2523 Remuitius
1818 2506 1827 2535 ‚

67 2545 223 2621 siquidem
237 2542 328 2607 timor
338 2542 421 2618 iacit,
436 2549 470 2605 ut
483 2542 733 2620 magnifaciomus
748 2560 927 2622 eum‚quem
968 2547 1196 2612 confessionem
1212 2547 1364 2627 pubiicum
1381 2547 1524 2608 mutatum
1545 2540 1642 2608 tuisse
1669 2540 1701 2603 in
1728 2540 1828 2621 priva·

67 2626 224 2699 timemus,
239 2633 272 2689 et
284 2626 415 2705 proinde
429 2626 519 2688 etium
534 2626 617 2695 iacit,
644 2630 678 2688 ut
704 2627 927 2691 erubescemus
969 2637 1042 2703 tam,
1065 2636 1096 2695 et
1110 2638 1248 2695 neutram
1273 2645 1345 2693 esse
1369 2625 1578 2693 necessariam
1604 2626 1675 2705 jure
1700 2622 1827 2699 diuino,

18 2741 19 2780 ς
64 2726 169 2771 coram
186 2708 240 2769 iiio
256 2714 362 2787 turpes
376 2706 548 2771 rideri.Sed
563 2709 633 2785 ouia
647 2708 746 2787 maior
758 2708 850 2771 timor
863 2709 926 2771 rin·
969 2713 1061 2792 pauio
1072 2721 1143 2795 post
1156 2714 1359 2777 disseremus.
1384 2709 1445 2773 Ista
1471 2706 1553 2769 enim
1582 2708 1620 2769 ad
1649 2714 1830 2787 argumenta

18 2825 19 2834 .
65 2792 110 2853 eit
124 2792 290 2861 minorem,
304 2791 376 2853 ideo
389 2790 563 2853 rectissime
575 2790 811 2871 chrysostomus
825 2791 924 2868 dicit,
970 2796 1134 2872 pertinent,
1151 2796 1264 2875 quihus
1281 2794 1390 2857 veritas
1406 2795 1443 2855 ab
1459 2790 1643 2855 adversariis
1668 2804 1829 2870 oppugna·

18 2909 19 2912 =
66 2872 486 2952 aas,quittxnentjadioium
502 2874 926 2953 hei,uooerubescerepec·
968 2884 1028 2953 tur,
1045 2881 1159 2942 noned
1180 2877 1361 2959 explicanda
1391 2872 1564 2938 testimonia
1591 2872 1724 2943 Petrum,
1749 2890 1830 2952 quae

18 2991 19 3026 r
65 2961 131 3017 outa
146 2972 203 3017 sus
218 2954 399 3019 hominihus
422 2953 582 3028 condieri,
599 2956 669 3034 ouis
683 2955 826 3019 rideiicet
841 2958 930 3021 timor
970 2976 1028 3023 uos
1042 2978 1097 3041 pro
1112 2962 1238 3025 raritate
1249 2958 1497 3023 adduximusthio
1508 2970 1579 3018 roro
1591 2970 1653 3017 non
1665 2970 1828 3035 argumen-

18 3075 19 3078 =
70 3037 126 3099 Dei
141 3036 238 3100 vincit
251 3038 392 3100 timorem
405 3037 578 3111 hominum
600 3044 631 3101 et
644 3044 775 3109 contra,
805 3040 927 3119 eosqui
968 3048 998 3105 ta
1013 3044 1253 3108 adversariorum
1269 3040 1476 3111 dissolvenda,
1493 3036 1548 3103 sed
1570 3044 1686 3110 nostra,
1702 3054 1782 3117 uuae
1810 3055 1827 3101 a

69 3119 210 3184 confiteri
225 3120 405 3184 bominibus
420 3120 618 3196 erubescunt,
635 3139 696 3184 uon
719 3123 827 3184 timere
844 3120 928 3202 judi·
968 3127 1154 3191 testimoniis
1169 3124 1397 3206 Patrum'petita
1412 3131 1495 3199 sunt,
1511 3136 1527 3181 a
1542 3120 1686 3184 hemnitii
1713 3121 1828 3185 ouium·

69 3203 153 3266 cium
166 3203 237 3278 liei,
253 3203 325 3284 quia
341 3204 369 3266 si
384 3203 459 3267 illud
476 3203 629 3275 timerent,
646 3220 707 3267 noo
728 3203 867 3267 sinerent
891 3221 927 3269 se
969 3211 1030 3272 uiis
1044 3211 1211 3273 asserendo
1227 3209 1435 3287 suscepimus.

68 3285 108 3348 ab
122 3286 260 3349 bumauo
271 3287 381 3350 timore
394 3285 435 3348 ita
450 3286 601 3364 superari,
617 3292 650 3349 ui
664 3287 846 3350 medicinam
862 3290 927 3351 rui·
1011 3292 1065 3354 list
1078 3293 1171 3372 igitur
1198 3293 1314 3356 donum
1337 3307 1373 3352 ao
1388 3293 1574 3368 postremum
1591 3301 1690 3367 genus
1704 3286 1825 3350 nonies·

66 3385 175 3431 nerum
189 3370 312 3433 animae
326 3385 413 3445 susc,
428 3369 657 3433 contessionem
682 3371 820 3445 scilicet,
837 3387 925 3434 recu·
968 3374 1068 3438 sionis
1082 3375 1162 3453 apud
1177 3374 1447 3444 liemnitinm,cum
1463 3369 1574 3453 aliquis
1589 3369 1751 3433 confltetur
1766 3371 1826 3448 pri·

19 3484 20 3529 o
66 3457 182 3515 sireni.
967 3457 1059 3520 ratim
1074 3457 1224 3520 sacerdoti
1239 3461 1361 3537 paccata
1378 3471 1444 3529 sua,
1461 3470 1522 3518 non
1537 3451 1609 3530 quia
1623 3454 1664 3514 sit
1678 3467 1824 3515 necessa·

107 3535 231 3609 Quasi&
248 3533 365 3598 801ΰὶίο
379 3533 571 3596 Kemnffitni
586 3533 662 3597 nihi!
676 3533 780 3605 offleii.
797 3534 866 3611 (tilii
881 3541 926 3598 ei·
965 3542 1045 3604 rium
1059 3539 1129 3622 jure
1147 3539 1251 3604 diuino
1266 3537 1405 3602 contineri
1422 3537 1521 3600 omnio
1552 3539 1677 3612 peccata
1706 3534 1737 3596 in
1753 3551 1822 3615 spo·
1845 3559 1848 3564 λ

19 3656 21 3695 ,
68 3614 155 3678 iamsi
170 3618 236 3679 iona
252 3615 396 3696 (trigenis
411 3623 440 3679 et
455 3616 675 3697 chrysostomi,
698 3632 777 3697 quae
792 3617 860 3696 ipse
875 3618 927 3681 ud·
965 3624 1028 3698 cie,
1044 3624 1081 3685 ad
1096 3622 1310 3686 remissionem
1326 3618 1444 3701 peccati
1458 3616 1668 3688 obtinendam,
1682 3616 1737 3678 sed
1753 3618 1824 3697 quio

66 3697 344 3778 ducit‚accipieudo
356 3704 464 3764 essent
475 3700 577 3762 omnio
588 3700 628 3762 de
639 3699 836 3764 confessione
847 3717 927 3781 quae
967 3711 1016 3770 est
1029 3706 1113 3768 utitis
1123 3705 1284 3784 disciplina
1300 3705 1455 3768 confessio
1470 3702 1520 3764 iiia
1550 3700 1661 3777 privata
1676 3743 1685 3774 ,
1702 3715 1760 3779 qua
1776 3716 1823 3761 sa·

67 3779 129 3843 lieo
142 3780 292 3856 sst,tnmen
307 3783 401 3846 muita
416 3786 489 3845 saut
500 3783 635 3857 aiio,tum
647 3784 755 3844 horum
770 3782 923 3861 duorum,
966 3789 1082 3852 cerdati
1098 3795 1221 3868 peccem
1234 3789 1334 3868 aliqua
1350 3787 1544 3865 deteguntur.
1573 3781 1671 3843 Primo
1687 3825 1695 3854 ,
1722 3782 1760 3844 ad
1776 3781 1822 3844 in·

66 3868 128 3924 tum
143 3864 272 3927 aliorum
288 3865 420 3935 Petrum,
435 3879 516 3944 quae
530 3863 599 3944 ipse
613 3865 727 3939 omisit,
743 3881 823 3943 quae
838 3867 922 3930 nullo
962 3873 1162 3935 structionem
1177 3872 1345 3933 radiorum.
1362 3867 1516 3940 Secundo,
1534 3863 1571 3926 ad
1597 3863 1731 3926 remedia
1746 3881 1820 3926 oon·

68 3944 184 4009 ratione
197 3948 375 4026 detorqueri
390 3951 521 4026 possunt
534 3947 572 4009 ad
597 3948 825 4011 contessionem
841 3965 921 4027 oure
964 3963 1007 4016 tra
1023 3959 1147 4034 peccata
1163 3953 1272 4016 tuturo.
1285 3951 1440 4026 i'ortiopd
1457 3946 1619 4013 consitium
1636 3946 1820 4025 capiendum

66 4025 99 4087 m
110 4028 168 4091 soii
182 4029 248 4094 heo
261 4049 271 4106 3
286 4036 319 4092 ut
333 4046 372 4094 ex
386 4031 463 4094 iocis
477 4047 493 4090 a
509 4031 600 4094 nohis
617 4028 737 4104 citatis,
753 4030 854 4107 oniris
868 4048 919 4095 eo·
960 4037 992 4099 in
1008 4038 1102 4100 rebus
1116 4036 1232 4100 dubiis.
1249 4036 1372 4115 Quarto,
1404 4033 1441 4095 ad
1469 4023 1710 4095 consolationem
1740 4032 1818 4092 roei·

66 4125 213 4186 gnoscere
230 4119 342 4191 potest.
354 4114 459 4186 Porro,
473 4113 539 4175 ioca
551 4113 700 4190 quaedum
712 4111 920 4192 chrysostomi
961 4119 1104 4198 piendam
1119 4135 1157 4182 ex
1174 4120 1285 4198 privata
1301 4113 1634 4194 absolutionecointo,
1649 4111 1687 4174 ad
1702 4112 1818 4176 discer-

66 4191 152 4265 punio
167 4195 360 4270 obscuriora,
374 4212 444 4259 cum
459 4195 497 4258 ud
512 4194 627 4259 catrioi
651 4202 829 4276 argomento
850 4212 920 4260 ren·
963 4201 1114 4276 nendum,
1129 4218 1166 4264 an
1182 4203 1234 4281 qui
1247 4201 1472 4264 absolutionem
1496 4198 1581 4278 petit,
1605 4195 1646 4256 sit
1659 4209 1731 4258 rere
1747 4210 1820 4273 poc·

68 4275 128 4336 tum
139 4274 244 4351 in'erit,
260 4279 433 4357 exptteabo.
898 4334 901 4341 .
964 4285 1078 4354 nitens,
1096 4286 1211 4347 neone?
1226 4285 1324 4364 traua
1338 4284 1399 4346 buc
1414 4279 1505 4344 reiart
1525 4278 1700 4346 Kemnitius
1727 4277 1821 4339 multa

101 4356 278 4424 Secundum
293 4376 393 4441 genus
405 4358 663 4434 contessinuis,ex
676 4375 738 4440 ouo
752 4361 920 4424 secundam
963 4367 1030 4430 loca
1045 4367 1175 4437 Petrum,
1193 4366 1414 4446 chrysostomi,
1429 4363 1582 4443 origenis,
1596 4359 1749 4440 cypriani,
1766 4359 1822 4421 Ba·

65 4439 250 4505 solutionem
264 4443 435 4507 hemnitius
449 4441 536 4521 petit,
551 4448 620 4517 est,
635 4459 706 4506 oum
719 4443 834 4518 ationis
848 4460 916 4523 pro·
961 4451 1036 4518 sitii,
1052 4448 1241 4529 hieronymi,
1257 4447 1428 4530 Augustini,
1446 4443 1597 4508 Ambrosii
1619 4450 1650 4504 et
1671 4440 1821 4506 cassiani.

21 4582 22 4593 ,
64 4521 172 4586 simum
187 4526 292 4598 iussit,
308 4531 339 4588 et
352 4525 540 4588 roeatronna
551 4527 683 4598 ductus,
705 4525 921 4588 condieturei·
1003 4531 1089 4595 circa
1105 4533 1183 4596 banc
1197 4533 1394 4605 solutionem,
1412 4545 1489 4606 quae
1506 4525 1663 4608 potissimo
1688 4531 1747 4599 cst,
1765 4525 1821 4586 tria

21 4644 22 4689 ,
64 4603 132 4668 dem
148 4610 288 4685 proximo
302 4626 338 4672 se
352 4625 512 4689 peccasse,
529 4614 620 4686 atone
634 4613 667 4671 ut
689 4610 749 4671 sibi
777 4611 917 4688 iponsoa·
963 4614 1097 4678 breviter
1112 4615 1301 4678 observanda
1317 4619 1400 4678 sunt.
1417 4610 1562 4682 Primum,
1575 4614 1623 4674 est
1636 4607 1823 4672 liemnitium

22 4732 23 4763 ,
65 4690 121 4760 tur,
135 4699 237 4771 myst.
252 4692 312 4755 Sed
328 4691 532 4756 baecsotutio
547 4691 624 4754 nihii
647 4692 774 4755 omnino
798 4691 917 4754 adrem
963 4698 1057 4777 piane
1072 4697 1197 4760 inritum
1225 4698 1262 4760 ad
1287 4700 1364 4760 hono
1394 4694 1579 4758 solutionem
1609 4690 1823 4754 descendisse.

22 4816 23 4853 ,
66 4776 192 4836 nostram
209 4775 293 4852 iacit,
305 4789 376 4838 eom
390 4775 563 4837 adnutium
574 4772 782 4838 testimouium
796 4781 917 4838 sancto·
963 4779 1036 4842 Nam
1052 4795 1121 4843 cum
1137 4795 1231 4862 saepe
1246 4787 1333 4843 antea
1350 4778 1500 4850 dixisset,
1518 4773 1745 4839 contessionem
1761 4773 1823 4851 pri·

21 4888 24 4939 ,
66 4865 128 4914 ron
142 4855 263 4919 sarran
279 4874 316 4920 ox
330 4859 391 4928 uis.
407 4872 487 4936 quaa
501 4857 769 4930 ransaoouxtnus,
795 4873 916 4920 aaoom-
962 4869 1061 4925 aarum
1074 4869 1173 4926 aaran
1189 4879 1260 4927 ossa
1274 4881 1312 4926 ox
1326 4861 1522 4925 contessiona
1537 4857 1706 4938 ponticam
1721 4861 1823 4918 notas·

68 4936 177 5000 modori
193 4940 305 5020 possit,
321 4946 354 5001 ut
368 4940 566 5018 perspicuum
579 4946 639 5011 est,
652 4945 715 5002 tum
731 4956 769 5002 ex
783 4940 861 5019 ipsis
875 4945 919 5001 te·
963 4945 1118 5009 caiatiam
1134 4951 1272 5026 tempus,
1289 4961 1350 5022 ooo
1365 4943 1523 5010 confessio
1539 4942 1661 5021 publica
1678 4939 1709 5001 in
1726 4938 1822 5017 prina-

21 5053 25 5107 Ι
65 5016 225 5096 stimoniis,
239 5029 302 5085 turn
317 5023 408 5085 etiam
419 5023 489 5101 qaia
504 5022 791 5101 nequeKemnitius
805 5022 843 5085 ad
859 5023 919 5086 huc
961 5032 1021 5091 tom
1037 5027 1127 5090 tuerit
1137 5033 1331 5106 commutato,
1347 5043 1461 5090 annum
1474 5025 1616 5088 videlicet
1627 5020 1698 5085 ihc.
1716 5020 1756 5082 ab
1769 5020 1821 5081 ad-

21 5146 26 5191 ,
67 5105 379 5176 penosconiossionis
395 5152 403 5180 ,
420 5105 516 5168 ulium
539 5120 647 5169 eorum
675 5105 917 5169 testimoniorum
960 5110 1201 5184 tentabamini,
1219 5117 1249 5174 ei
1274 5110 1409 5189 denique
1433 5107 1623 5181 addidisset,
1650 5101 1820 5168 contessio-

21 5218 27 5271 ,
68 5182 174 5250 ιοῐοιιο
187 5195 316 5252 conotus
329 5195 389 5251 est:
405 5188 505 5250 sotum
519 5189 602 5251 enim
617 5187 741 5267 protulit
755 5190 816 5251 duo
833 5188 916 5250 testi·
961 5209 1032 5256 nem
1047 5194 1247 5258 auricularem
1262 5190 1483 5272 posterioribus
1498 5189 1735 5270 temporibus,ut
1749 5187 1817 5266 ipse

22 5302 27 5354 t
67 5267 281 5345 monia‚nnum
297 5271 395 5334 saneti
410 5271 583 5350 Augustini,
600 5272 728 5333 aiterum
753 5271 914 5350 rueopby·
959 5275 1105 5354 loquitur,
1122 5284 1308 5356 generatam:
1334 5276 1410 5339 nihii
1440 5271 1684 5354 consequentius
1712 5269 1817 5332 dicere

23 5397 27 5439 ,
67 5344 287 5433 tertianorum
304 5360 445 5417 neutrum
460 5367 496 5415 es
511 5354 561 5415 his
576 5360 634 5428 est,
653 5369 731 5432 quoe
747 5367 805 5417 nos
818 5353 915 5416 addu·
960 5360 1124 5438 potuisset.
1141 5375 1230 5437 quarn
1247 5365 1365 5422 ueteres
1382 5359 1508 5430 Patres,
1541 5356 1594 5436 oui
1619 5361 1690 5417 anto
1704 5367 1818 5414 aunum

23 5478 27 5487 .
69 5429 172 5496 ximus.
960 5441 1080 5504 bomini
1105 5441 1177 5504 tto.
1207 5441 1421 5519 scripserunt,
1452 5439 1585 5518 priuatae
1614 5436 1820 5502 confessionis

103 5513 233 5582 'certium
247 5517 562 5599 yenuscouiessionis
575 5524 707 5593 osteum
718 5519 831 5595 ationis
842 5533 915 5580 coo·
959 5539 1124 5601 numquam
1141 5523 1330 5589 meminisse.
1346 5525 1406 5588 Sed
1422 5539 1484 5586 non
1510 5521 1650 5601 permisit
1673 5533 1743 5582 eum
1759 5519 1821 5580 cti·

22 5642 28 5687 ,
71 5591 348 5666 dietornonsotum
373 5601 453 5673 lieo,
473 5601 675 5681 estproximo
698 5617 790 5680 quern
817 5603 915 5664 toese·
959 5605 1062 5670 dentin
1075 5607 1119 5668 rei
1136 5612 1194 5670 tom
1210 5614 1314 5687 aperte
1328 5605 1462 5670 mentiri:
1479 5611 1509 5667 ct
1523 5605 1677 5668 identicet
1692 5601 1816 5674 inritus,

22 5728 27 5766 r
68 5682 119 5754 'ih
134 5686 188 5760 scd
201 5685 291 5750 ctiam
305 5685 453 5750 ministris
464 5684 626 5766 erauyoiii,
640 5689 846 5749 verumtamen
861 5701 915 5766 gc·
959 5688 1091 5766 admisit,
1109 5684 1815 5756 muttasexstaresententiusrctarumi’atrum
