4084 6275
829 405 923 461 tlttlltt
944 400 1067 463 Plrtttlls
1714 402 1767 461 ὅθι

115 536 271 599 secunao:
287 537 373 600 Idem
388 538 563 602 liemaitius
577 556 649 619 pap.
666 538 739 601 902.
756 556 783 601 s.
808 540 933 602 bmhro·
980 538 1151 607 dictorem,
1167 542 1294 615 partam
1309 538 1527 601 conversionis
1541 537 1773 601 necessariam.
1798 538 1843 600 acl

77 620 113 681 sil
127 621 218 679 rerba
236 622 391 698 depravat,
409 628 440 683 ut
456 639 489 686 eo
504 625 543 683 ad
559 624 744 683 scatentium
770 640 858 685 saum
885 643 934 684 aa·
981 624 1243 700 cotascqucnituan
1257 622 1480 682 rcnrissiunorn
1493 622 1741 700 praedicarant.
1765 622 1841 683 Pro-

77 704 257 763 commodet:
275 704 468 775 Ambrosias,
486 706 596 784 inquit,
620 705 877 767 Nouationornm
899 722 929 767 o·
979 712 1052 782 pter
1066 704 1125 765 ltus
1140 719 1270 765 caussas
1283 706 1356 765 talia
1367 704 1572 767 Paenitentia
1584 705 1761 781 l’ontil'iciis
1772 720 1841 766 nan

74 788 303 865 pinianemito
318 788 480 850 describit:
505 789 745 867 poenitentibns
771 794 843 867 post
865 789 934 867 top·
982 794 1027 847 est
1041 793 1292 849 sacramentam:
1307 790 1344 849 ht
1365 790 1452 867 qaeu
1478 789 1648 867 utitipcntcr
1673 789 1840 864 caparron-

75 884 225 932 snmnon
237 871 427 948 simpliciter
439 886 519 934 sona
537 873 796 949 praecidendam
822 888 887 933 esse
902 889 934 933 o·
982 879 1047 931 tnr.
1064 870 1144 931 liaeo
1160 872 1225 931 ille:
1242 872 1264 932 o
1282 873 1412 931 miseros
1436 870 1639 943 lutheranus,
1663 888 1792 947 quorum
1817 871 1840 927 i·

73 968 179 1014 mnam
191 967 282 1030 spem
293 955 422 1024 ueniae,
438 956 687 1017 seusaccraotes
702 971 761 1018 nco
772 970 936 1033 possenea
983 954 1141 1031 guarantia
1168 952 1211 1013 sic
1239 954 1371 1014 abutitur
1395 954 1590 1021 heniriitius,
1618 959 1649 1014 ut
1675 954 1840 1031 palpabilia

78 1035 190 1098 arbem
216 1036 293 1105 ntis,
322 1037 503 1099 ministerio
528 1038 688 1114 ooonpelii
713 1040 938 1101 remissionem
983 1036 1144 1095 mendacia
1162 1052 1223 1095 raon
1239 1032 1339 1097 sulum
1356 1036 1403 1097 cis
1420 1037 1614 1113 impudenter
1629 1036 1841 1106 obtrudat‚seu

73 1124 278 1198 peccatoram
290 1120 561 1193 annunciarent
575 1120 938 1199 absolutionomimpcr·
984 1120 1074 1179 etiam
1087 1116 1194 1195 jubeat
1207 1125 1360 1197 tamquam
1375 1134 1484 1197 magna
1508 1120 1650 1199 mysteria
1676 1117 1843 1197 uitiqenmr

75 1203 137 1263 tiri:
153 1216 196 1262 ne
211 1200 726 1280 Poitsicntsimntabanttportos
747 1205 871 1265 andaci
895 1212 936 1272 te·
984 1200 1130 1279 expendi.
1159 1200 1271 1262 Scribit
1298 1200 1421 1279 quictem
1449 1203 1614 1263 concillum
1642 1203 1842 1263 tridentinum

73 1284 217 1346 noentatc
231 1283 514 1363 sibiusnrporent.
532 1284 614 1345 llaec
629 1286 694 1348 illo.
725 1286 760 1347 tt
783 1302 934 1362 nusquam
983 1300 1065 1345 sess.
1084 1283 1133 1343 tt.
1152 1299 1221 1359 cap.
1240 1284 1268 1343 l.
1286 1282 1514 1345 Sacramentum
1532 1285 1741 1346 Paenitentiae
1757 1283 1843 1345 insti·

73 1369 103 1429 in
118 1366 279 1427 Ambrosio
295 1367 448 1429 inuenitur
464 1368 573 1429 modus
591 1369 641 1427 illc
657 1368 934 1445 loquendihathe·
987 1372 1084 1427 tulum
1100 1365 1196 1426 luisse
1214 1373 1281 1444 post
1297 1364 1409 1427 Christi
1425 1370 1696 1441 resurrectionem.
1714 1372 1744 1427 cl
1759 1384 1793 1428 eu
1806 1369 1846 1428 de

74 1464 215 1510 ramnum
231 1452 384 1527 proprius:
402 1451 577 1512 ministerio
594 1453 754 1530 eoanpctii
776 1454 938 1514 remhsio·
984 1464 1093 1511 caussa
1110 1450 1361 1509 sacramentalem
1378 1449 1599 1511 Paenitentiam
1614 1466 1673 1510 non
1688 1450 1783 1513 tuisse
1795 1466 1846 1510 ca·

73 1539 367 1608 nempeocotornnt
395 1534 617 1595 annunciare·
642 1534 728 1607 Quod
756 1534 936 1597 Ambrosius
984 1532 1090 1593 lholicl
1108 1532 1220 1593 docent
1236 1532 1456 1593 Paenitentiam
1474 1535 1569 1606 illaria,
1596 1548 1686 1611 quum
1711 1532 1847 1608 Baptista

74 1620 172 1687 aocet,
187 1622 222 1674 ut
236 1630 273 1675 ex
289 1616 344 1676 lib.
362 1617 392 1678 l.
408 1618 447 1677 de
463 1615 580 1678 Poenit.
608 1632 677 1693 carp.
705 1616 736 1677 2.
764 1618 935 1692 colligitur,
986 1619 1018 1675 el
1035 1614 1173 1682 Christus
1190 1615 1424 1690 praedicabant..
1446 1618 1481 1677 at
1507 1632 1632 1677 caussas
1657 1632 1733 1693 quus
1760 1613 1848 1693 lingit

74 1700 162 1769 mest,
180 1714 314 1777 negasse
329 1697 521 1766 horatianos..
550 1706 731 1776 potestatem
758 1700 936 1761 remittendi
984 1696 1172 1771 Remaitius,
1190 1714 1252 1758 non
1270 1701 1360 1759 niodo
1377 1699 1481 1759 nullas
1497 1700 1636 1778 agnoscit
1662 1698 1846 1768 catholiam,

74 1788 196 1854 peccata
213 1781 427 1842 sacerdotibus
443 1798 513 1843 esse
530 1798 723 1844 eoncessum:
742 1782 806 1845 Seu
827 1783 936 1862 optant,
984 1781 1040 1841 sed
1057 1781 1149 1858 plane
1166 1794 1275 1841 omnes
1302 1795 1356 1857 pro
1383 1778 1547 1843 haereticis
1570 1778 1769 1849 traheremus,
1793 1778 1848 1854 <lui

73 1865 232 1941 inquitas
257 1860 392 1926 Ιιιιιιιιιιο
414 1866 540 1941 deterre
559 1868 786 1930 reuerentiam.
813 1868 868 1928 cni
888 1881 939 1927 so·
984 1863 1048 1924 illis
1066 1867 1104 1923 ile
1131 1864 1250 1923 caussis
1275 1859 1495 1925 Paenitentiam
1522 1872 1748 1926 sacramentum
1775 1875 1848 1923 osse

73 1948 97 2007 ti
122 1946 393 2009 remittendorum
419 1949 595 2013 ‹snmiaum
618 1947 813 2027 'potestatem
838 1964 939 2011 reser-
978 1952 1145 2023 nequent.
1164 1944 1291 2019 Tacitum
1309 1947 1389 2007 enim
1407 1946 1505 2021 abest,
1534 1955 1565 2008 at
1590 1947 1661 2008 iaco
1685 1944 1848 2023 Paenitem

74 2034 146 2090 rent
158 2034 219 2090 eto.
983 2029 1056 2090 tiam
1070 2030 1202 2107 aliquam
1220 2044 1274 2105 pro
1290 2038 1483 2091 sacramento
1500 2047 1560 2091 noa
1578 2030 1758 2097 habeamus,
1776 2026 1847 2103 qaia

117 2113 219 2172 Tertio
234 2127 305 2190 pag.
321 2110 393 2173 905.
406 2112 628 2178 Peccatornm.
644 2114 741 2190 inquit
753 2113 939 2187 Komaitius,
985 2112 1016 2172 in
1034 2128 1068 2172 ou
1086 2113 1190 2187 pratis,
1208 2113 1276 2173 sine
1292 2110 1453 2189 operibus,
1469 2113 1530 2175 hile
1547 2119 1671 2191 propter
1693 2111 1847 2174 christum

77 2202 149 2272 post
164 2195 368 2271 lioptisnanm
383 2196 524 2274 lapsum,
541 2200 676 2277 quanio
692 2197 820 2276 qaaerit
830 2202 860 2257 et
874 2212 941 2256 am·
985 2194 1179 2255 remittuntur
1202 2202 1339 2271 peecata3
1361 2196 1408 2255 rel
1435 2197 1506 2274 quia
1532 2196 1610 2257 noes
1637 2197 1666 2255 in
1694 2192 1850 2256 Christum

78 2278 120 2337 bit
139 2278 443 2340 reconciliationem
468 2296 540 2342 oum
566 2279 640 2340 Deo.
669 2288 698 2339 ot
718 2281 943 2342 remissionom
986 2294 1057 2355 pars
1073 2278 1294 2347 conversionis,
1313 2280 1482 2355 etquidem
1499 2275 1849 2341 neccssariaadremls·

75 2363 297 2438 pecccatorum,
314 2360 478 2438 Pontificii
500 2371 560 2441 pet·
579 2367 821 2434 sacramentnm
845 2377 942 2422 snum
987 2362 1107 2421 sionem
1124 2360 1322 2421 obtinendam
1340 2362 1546 2439 praedicetur,
1565 2366 1717 2422 utcontra
1747 2360 1852 2437 polius

78 2443 304 2505 Paenitentiae
319 2445 485 2505 deducant
500 2448 545 2507 art
560 2445 720 2507 latumano.
734 2460 793 2505 son
805 2444 943 2521 propria
985 2443 1039 2504 ubi
1055 2444 1111 2503 ista
1124 2442 1236 2515 absint,
1254 2451 1478 2505 sacramentum
1496 2445 1703 2507 Paenitentiac
1716 2448 1768 2503 aut
1784 2441 1850 2501 nul·

77 2542 191 2603 opera,
203 2532 241 2586 ιιι
254 2526 324 2593 illo.
347 2523 519 2589 accedente
542 2528 637 2590 oerba
662 2527 885 2595 absolutionis,
907 2526 943 2601 ii·
985 2526 1048 2588 lum
1066 2540 1148 2597 esse,
1165 2532 1216 2585 aul
1231 2528 1378 2589 inutiliter
1394 2527 1597 2589 administrari
1611 2527 1763 2593 dieamus.

79 2618 137 2669 ont
153 2615 184 2669 rt
196 2611 263 2669 sint
276 2616 527 2682 sacromentum,
545 2611 605 2672 lios
621 2616 678 2683 ost,
704 2626 823 2671 caussa
846 2608 942 2688 elfici-
1029 2607 1153 2680 Quinto.
1170 2609 1242 2688 Pag.
1260 2608 1397 2671 illinon
1416 2611 1525 2670 minori
1541 2610 1666 2671 audaoiu
1678 2604 1852 2669 llemnilius

75 2693 164 2753 ciens
180 2696 212 2752 et
227 2692 396 2768 conferens
406 2696 551 2771 praliam
570 2690 845 2755 reconciliationis
867 2707 943 2751 cnm
987 2691 1153 2753 tridentino
1169 2691 1302 2753 concilio
1318 2692 1448 2770 imponit
1464 2710 1511 2759 ea.
1526 2708 1604 2771 quoe
1618 2706 1783 2768 numquam
1796 2690 1850 2749 Pa·

73 2774 138 2835 Peo
153 2781 185 2835 et
199 2776 402 2836 remissionis
416 2784 635 2853 peccatorum.
653 2775 734 2837 llaec
746 2774 866 2836 illezubi
879 2773 943 2834 Pri·
986 2780 1050 2835 tres
1065 2773 1134 2853 aJus
1150 2774 1273 2835 aoncilii
1291 2778 1474 2851 cogitarunt:
1492 2773 1780 2850 saatuqmtotmrt
1793 2776 1850 2845 ast,

72 2873 158 2917 inum
175 2858 209 2917 in
226 2872 265 2917 eo
280 2863 370 2929 errat,
388 2863 419 2918 et
432 2874 539 2920 seeum
555 2862 623 2937 ipse
636 2864 762 2937 papan,
776 2860 857 2935 quoa
870 2871 943 2917 con·
987 2858 1077 2937 quart
1092 2858 1309 2919 tridentinam
1324 2858 1499 2920 consitium
1510 2859 1649 2937 qaaerit,
1666 2858 1704 2918 in
1729 2856 1854 2937 Baptis-

68 2941 235 3000 trilionem
249 2945 279 2999 et
294 2940 522 3003 contessionem
539 2950 623 3003 vocat
641 2958 734 3019 opera
762 2943 893 3002 hamaran
911 2945 944 2999 ct
987 2955 1039 3001 mo
1053 2940 1173 3000 scilicet
1189 2940 1413 3006 reinissioarm
1426 2948 1633 3018 peccatoram
1647 2941 1758 3017 protis,
1780 2939 1854 2999 sine

67 3022 211 3100 propria.
234 3037 304 3082 cum
320 3025 423 3100 potius
439 3023 519 3086 dona
536 3025 597 3085 sint
614 3022 682 3095 Ilei,
710 3030 744 3085 ut
768 3025 837 3102 ipse
861 3023 944 3083 mern
987 3025 1106 3084 nostris
1123 3024 1285 3101 operibns.
1301 3031 1434 3101 propter
1447 3026 1602 3085 meritum
1619 3022 1734 3084 Christi
1748 3020 1852 3083 donu-

67 3106 255 3167 llemnitius
269 3102 431 3168 confitetor
446 3123 517 3188 pag.
532 3106 663 3169 tribuat
679 3106 725 3168 sla
741 3105 945 3181 loquitarztist
986 3107 1018 3168 ri
1030 3112 1058 3168 ct
1070 3106 1135 3181 fido
1151 3106 1258 3184 accipi
1274 3124 1284 3166 :
1299 3107 1334 3168 in
1350 3106 1450 3184 lapsis
1464 3122 1538 3169 ocra
1552 3112 1624 3184 post
1648 3106 1853 3182 baptismam

73 3197 187 3249 antem
202 3203 283 3249 uera
298 3189 447 3250 contritio
462 3205 530 3252 non
544 3207 625 3268 opus
641 3189 735 3251 libem
746 3189 947 3262 arbitrii,sen
988 3189 1226 3252 Paenitentiam
1236 3190 1413 3268 impetrare
1427 3193 1569 3253 ueniant.
1587 3205 1657 3251 nan
1669 3190 1737 3264 fide
1752 3189 1857 3264 protis

72 3273 203 3332 uirium
229 3270 467 3332 humanorum:
493 3275 550 3334 sect
576 3273 715 3351 Spiritus
736 3280 869 3334 sanctus
886 3288 947 3348 per
989 3279 1018 3333 et
1033 3275 1102 3334 sina
1118 3271 1280 3350 operibus,
1295 3274 1353 3333 sert
1366 3289 1424 3350 por
1440 3280 1468 3335 et
1478 3279 1725 3350 proptaroparo
1738 3271 1854 3331 Poeni-

72 3354 213 3415 oerbnm
226 3354 468 3430 praedicatum,
486 3357 637 3418 anditum
652 3364 680 3416 ct
695 3354 945 3431 aequissumum
989 3356 1121 3418 tentiae.
1139 3355 1176 3414 lit
1191 3371 1261 3432 paq.
1279 3356 1435 3430 sequenti:
1452 3357 1543 3417 litem
1558 3361 1613 3425 cst,
1630 3356 1741 3432 inquit,
1763 3355 1856 3431 qnoa

72 3441 110 3498 in
124 3435 225 3498 nobis
241 3438 373 3506 excitat,
389 3437 535 3504 inchoat.
550 3448 703 3516 operatur
718 3445 748 3499 ct
762 3436 944 3516 amcitiam
990 3437 1076 3500 alibi
1091 3437 1217 3508 dicunt,
1234 3437 1399 3513 oaptteom
1413 3453 1479 3500 esse
1487 3436 1856 3518 justificationemque·

74 3521 170 3598 igitur
187 3519 335 3580 contritio
351 3527 381 3579 et
406 3529 636 3598 consequenter
660 3523 749 3582 etiam
778 3520 944 3588 reoalessio,
988 3519 1342 3597 rnnapriorsitpratis‚
1355 3519 1434 3595 fitia,
1450 3520 1521 3581 sine
1545 3519 1697 3598 operibns
1720 3525 1855 3596 propter

73 3619 134 3663 non
152 3602 193 3663 sit
211 3607 351 3663 nostrum
368 3609 483 3663 tantum
500 3619 590 3682 opus,
608 3605 663 3664 secl
692 3604 782 3663 etiam
808 3601 862 3662 Dei
890 3601 943 3680 qui
992 3603 1166 3666 Christum:
1179 3603 1363 3663 alteranon
1378 3603 1492 3678 protis,
1520 3603 1650 3680 scalper
1672 3609 1702 3663 et
1719 3609 1856 3679 propter

72 3686 155 3746 illam
174 3685 272 3745 nohis
287 3684 430 3761 inspirat.
453 3686 530 3746 lnlso
556 3684 731 3746 Kenrnillus
757 3686 848 3762 paulo
874 3692 945 3745 ante
990 3684 1176 3765 operosiot:
1193 3684 1274 3745 llaec
1294 3685 1357 3745 ille.
1375 3683 1480 3754 Porro,
1498 3686 1522 3744 si
1542 3687 1598 3746 ista
1616 3684 1774 3744 mendacia
1792 3697 1854 3743 noa

73 3768 196 3838 scribit,
214 3767 397 3829 Pontificius
412 3767 569 3831 deducere
587 3777 767 3846 peccatores
788 3768 826 3830 ab
851 3782 945 3844 opera
991 3776 1074 3841 suat,
1092 3770 1265 3847 proteratur
1280 3769 1309 3826 iu
1327 3770 1462 3828 medium
1481 3767 1526 3826 sal
1544 3783 1624 3826 araus
1643 3767 1758 3844 aliquis
1771 3767 1855 3827 ‘sori-

71 3852 209 3912 bamana
227 3857 260 3912 el
276 3851 410 3928 propria.
989 3859 1060 3931 plor
1075 3851 1256 3926 ‹iatlrallcus3
1275 3850 1424 3911 pedicam
1441 3850 1563 3912 oonoilli
1581 3849 1786 3922 oeciimenlci,
1804 3855 1856 3909 aut

109 3933 249 3995 Deinde:
267 3931 412 3995 Catholici
428 3932 548 3994 etiamsi
564 3932 794 4002 contritionem,
821 3931 945 3993 conles·
991 3935 1084 3996 etiam
1102 3933 1306 4011 particularis,
1328 3933 1500 4004 decretura,
1518 3935 1548 3992 ia
1566 3949 1628 4011 quo
1644 3931 1858 4009 habeaturqu-

70 4016 193 4076 sionem
210 4023 242 4077 et
254 4016 496 4077 satisfactionem
513 4017 550 4077 ad
564 4023 680 4094 partem
694 4014 882 4076 materialem
895 4031 946 4076 sa·
990 4017 1204 4079 stihcationem
1223 4017 1253 4076 ln
1271 4023 1462 4077 sacramento
1480 4015 1688 4077 Paenitentlae
1715 4031 1776 4076 tion
1800 4016 1854 4074 do·

70 4099 221 4159 crementi
232 4098 444 4160 Paenitentiam
456 4101 609 4178 pertinere
621 4098 727 4159 vellat:
741 4105 841 4158 tanuen
856 4114 945 4158 cane
991 4101 1054 4161 nari
1069 4096 1174 4178 gratis,
1191 4115 1248 4178 par
1264 4098 1353 4160 llrlom
1370 4100 1438 4159 sine
1450 4115 1578 4176 operum
1592 4097 1756 4167 maritmob
1769 4097 1857 4159 Chri-

70 4199 134 4242 sam
151 4180 345 4243 efficientem
361 4182 555 4244 remissionis
570 4187 766 4262 peccatorum
783 4186 815 4240 ut
829 4181 944 4242 instro·
989 4185 1028 4242 sti
1045 4183 1180 4258 deniquo
1210 4181 1386 4264 passionem
1413 4187 1443 4242 et
1468 4183 1614 4244 mortem?
1639 4179 1744 4258 Neque
1770 4181 1855 4242 enim

70 4271 211 4326 mentam
228 4264 302 4332 Dei,
318 4265 365 4326 rel
382 4265 479 4326 solam
495 4265 721 4326 absolutionem
749 4262 876 4328 iaciant.
893 4262 941 4324 rel
990 4265 1061 4342 qaia
1078 4265 1266 4343 requirimus
1282 4266 1497 4326 contritionem
1514 4270 1543 4326 ct
1558 4263 1799 4334 troalessionam
1816 4281 1854 4325 aa

71 4349 214 4410 actiones
227 4348 419 4425 poenitentis
432 4363 500 4408 cam
530 4347 726 4408 absolutione
748 4347 941 4423 conjunctus,
990 4348 1105 4410 deinde
1120 4349 1209 4410 etlam
1225 4347 1554 4421 salisiaotlonem„ideo
1570 4365 1630 4408 noti
1648 4348 1741 4424 pratis
1756 4354 1786 4407 et
1799 4361 1856 4424 por

70 4447 132 4491 aon
150 4439 184 4492 ut
200 4432 348 4491 actiones
364 4431 516 4491 humanae
532 4437 616 4496 sunl,
632 4434 686 4491 sort
702 4437 733 4488 ut
745 4430 944 4489 instrumenta
990 4430 1157 4503 Christum,
1175 4431 1230 4492 sed
1245 4447 1282 4492 ex
1307 4431 1455 4508 operibus
1481 4433 1613 4509 propriis
1637 4429 1854 4508 justlhuamur3

68 4513 138 4589 llai3
154 4515 278 4592 alioqui
297 4515 379 4574 enim
397 4515 463 4591 ipsa
480 4513 570 4574 ctiam
587 4513 739 4574 absolutio
765 4519 796 4572 et
811 4511 941 4584 ablutio,
990 4516 1041 4574 illa
1057 4513 1140 4575 enim
1156 4529 1248 4591 opera
1265 4529 1326 4574 non
1344 4516 1448 4576 merita
1462 4521 1533 4575 suat
1543 4512 1782 4593 justificationis,
1798 4515 1854 4573 sea

69 4603 99 4656 at
114 4601 264 4670 corporis
284 4597 404 4657 homini
421 4596 617 4656 consecratio
648 4611 684 4656 aa
710 4593 898 4667 distributio,
915 4611 946 4654 a·
991 4597 1212 4674 dispositiones
1225 4595 1427 4674 justificandi:
1445 4598 1558 4673 alioqui
1575 4599 1664 4658 ctiam
1676 4595 1855 4675 justllleatio

70 4679 191 4742 stiones
206 4679 367 4741 humanae
383 4679 443 4740 dici
459 4683 598 4754 possent,
615 4693 684 4739 cum
707 4692 769 4738 non
783 4676 885 4738 minus
906 4676 945 4738 ab
990 4695 1070 4755 qaae
1085 4677 1118 4740 tlt
1133 4679 1162 4741 in
1180 4679 1346 4757 Baptismo,
1364 4681 1547 4759 plangentis,
1565 4681 1620 4742 sed
1643 4695 1679 4741 ex
1705 4679 1855 4756 operibus

70 4765 257 4825 hominibus
273 4763 361 4831 llant,
379 4779 468 4838 quam
485 4761 551 4840 ipsa
567 4766 762 4838 peccalorum
785 4774 946 4821 enumera·
989 4762 1092 4832 lieret,
1109 4761 1178 4837 quia
1195 4761 1384 4824 Paenitentia
1412 4765 1562 4840 quaedam
1589 4763 1757 4840 requiritur
1782 4769 1871 4822 anto*

71 4847 125 4907 tio.
142 4847 227 4908 Nihil
245 4845 344 4914 initur
358 4850 407 4905 est
431 4861 486 4904 cur
512 4843 687 4905 hemnitius
713 4843 859 4912 clamitet,
887 4858 945 4904 nos
989 4845 1191 4921 baptismum,
1208 4844 1332 4908 dicente
1348 4846 1490 4923 apostolo
1506 4845 1594 4907 Petro
1610 4848 1711 4906 Actor.
1728 4847 1759 4907 2.
1776 4845 1854 4907 Poc-

70 4927 414 4990 caussamelllcienlem
428 4927 622 4988 remissionis
635 4932 830 5005 peccalorum
844 4928 873 4986 in
888 4927 943 4987 hu·
986 4929 1161 4990 nitentium
1176 4929 1261 5005 opita
1283 4934 1312 4990 ot
1338 4927 1520 5005 boptizctnr
1544 4931 1772 5009 unusquisque
1797 4943 1847 4989 ue·

70 5029 160 5074 muna
190 5013 382 5088 appropria
407 5024 501 5088 opero
528 5009 713 5086 poenitentis
739 5009 939 5080 constituere,
986 5003 1143 5076 hrnmin
1153 5010 1847 5091 nominetesnChristiinrcmissionempea·

71 5112 140 5156 oum
156 5096 188 5154 ia
206 5097 280 5174 ipso
298 5096 403 5167 aerbo,
431 5109 486 5171 per
511 5092 703 5154 sacerdotem
729 5092 856 5153 naariae
880 5091 937 5153 llei
987 5099 1335 5156 coloramueslrorum.
1815 5101 1840 5120 ²

73 5181 297 5256 pronunciata,
315 5177 551 5237 constituamus.
1032 5177 1123 5252 Quia,
1142 5178 1223 5252 quod
1240 5177 1321 5239 idem
1337 5175 1512 5238 Kemnitius
1528 5183 1598 5238 anto
1615 5175 1778 5238 contessus
1791 5177 1855 5238 lue-

114 5261 244 5335 Quarto.
264 5261 339 5339 Peg.
366 5258 438 5320 titt.
464 5251 677 5319 demonstrare
698 5256 872 5318 Kcmnitius
893 5272 944 5324 ro·
991 5265 1037 5321 rat
1051 5261 1220 5321 euthollaos
1235 5275 1416 5338 agnoscere.
1434 5275 1489 5336 per
1504 5261 1645 5321 meritum
1662 5258 1786 5328 Christi.
1799 5261 1856 5321 tlo-

76 5344 155 5418 leaS,
174 5361 233 5408 our
247 5341 455 5410 Paenitentia,
472 5357 561 5417 qoam
579 5339 763 5417 praedicarit
776 5338 867 5401 ioan.
887 5337 944 5399 lta·
990 5343 1017 5403 ri
1032 5341 1247 5404 remissionem
1264 5342 1294 5404 ln
1311 5348 1504 5404 sacramanto
1519 5342 1746 5404 Paenitentiaot
1761 5343 1806 5404 sia
1821 5359 1855 5405 e·-

21 5446 24 5473 ι
78 5430 181 5504 prisia,
200 5433 234 5488 et
251 5432 326 5505 post
341 5440 411 5486 eum
427 5423 576 5494 Christus,
593 5439 655 5483 non
671 5422 711 5484 sil
724 5422 804 5500 apud
820 5422 946 5483 sarbota
991 5426 1054 5486 nim
1071 5425 1196 5502 scripsit
1210 5442 1281 5504 pag.
1297 5425 1370 5487 aba.
1386 5422 1547 5502 Pontificii
1563 5429 1748 5488 asseooront
1771 5425 1849 5488 Poo-

22 5528 24 5569 t
76 5527 128 5572 eos
144 5514 380 5574 sacramentum
397 5503 617 5574 Paenitentiac,
634 5506 674 5565 ita
689 5505 835 5584 loquitur:
864 5501 947 5582 Quia
990 5508 1174 5578 nitentium,
1197 5524 1265 5586 qno
1289 5507 1376 5587 lapsi
1399 5509 1462 5570 Deo
1488 5508 1757 5579 reconciliantur,
1785 5525 1852 5572 esso

22 5616 24 5653 t
76 5596 112 5654 in
124 5595 187 5656 itta
202 5590 416 5655 Paenitentia
429 5590 531 5667 prone
543 5591 615 5651 sine
629 5588 861 5667 oenomaus
871 5603 946 5666 pro·
990 5591 1420 5666 peculiaresooromentum
1437 5605 1502 5670 qno
1517 5589 1616 5668 lapsis
1629 5595 1701 5670 post
1725 5589 1852 5670 Baptis-

22 5712 24 5738 ι
74 5683 146 5756 pter
163 5671 834 5751 Glcrislnmremittebantnrpeccata.qnia
849 5673 948 5734 etiarn
991 5689 1083 5736 mam
1097 5671 1286 5751 beneficiam
1299 5673 1411 5738 mortis
1425 5673 1749 5753 Christiopplioatnr.
1765 5675 1847 5736 llaec

76 5768 140 5824 tam
155 5761 428 5847 Baptista‚qaom
444 5755 700 5834 insinuandam
713 5754 871 5832 insiliam
881 5770 944 5818 me·
992 5755 1057 5822 ille:
1075 5756 1165 5839 cujus
1179 5759 1385 5823 testimonium
1403 5760 1459 5822 hoa
1475 5757 1543 5820 loco
1558 5758 1720 5838 prolatum,
1744 5773 1849 5822 rerum
