4084 6275
294 351 347 411 iii
935 342 982 401 ht:
999 342 1223 407 Pocntttstt'tta

219 490 336 549 rantur.
352 484 445 561 scum
461 488 559 546 autem
577 485 645 557 nost
659 481 891 542 conversionem
915 494 1032 557 poenas
1047 496 1078 541 a·
1162 476 1253 538 ffiror
1266 480 1366 539 cutem
1383 471 1559 537 calviciaci
1576 471 1808 552 impudentiam,
1826 454 1876 534 r'ct
1903 472 1990 533 mati·
2032 448 2033 517 i

219 572 320 650 tiques
334 565 528 644 temperatos,
544 564 590 624 vet
607 564 637 625 in
650 563 792 638 hanofra,
808 563 855 625 rei
873 562 903 623 in
915 564 1077 625 futura:sa·
1123 560 1206 632 tiam,
1223 558 1273 635 gut
1291 567 1342 619 aut
1356 556 1505 619 Ambrosii
1522 555 1730 619 testimonium
1747 571 1809 617 non
1832 554 1923 634 legit,
1940 560 1992 617 aut

222 655 260 714 tis
274 669 365 729 supra
380 649 540 728 probatum
555 663 625 708 esse
639 647 806 710 credimus.
1122 660 1160 705 co
1174 643 1212 705 ad
1229 641 1394 705 irritandum
1411 640 1492 701 abuti
1509 638 1748 705 votuit.Sanctus
1763 637 1850 701 enim
1861 636 1991 700 Ambra·

260 734 365 812 Neque
382 730 587 794 testimonium
603 746 630 791 s.
644 729 772 791 tocnriis
791 728 992 807 chrysostomi
1009 744 1077 789 cum
1123 726 1188 787 sius
1205 724 1329 785 nornine
1344 722 1565 785 satisfactionis
1581 737 1618 785 eo
1644 724 1712 785 foco
1739 722 1989 794 excusationem,

223 824 324 879 nostra
340 815 490 878 senmntia
506 819 631 892 pugnat:
648 819 710 873 tum
725 812 795 891 quia
810 811 944 887 loquitar
959 813 1026 887 ipsc
1041 812 1080 871 de
1122 808 1187 871 sire
1203 805 1415 881 defensionem
1431 803 1569 871 criminis
1584 803 1778 883 apertissima
1801 805 1989 881 designarit:

223 899 344 978 poenis,
360 913 438 978 quac
454 896 684 957 conversionem
711 894 908 972 praecedunt,
936 908 1013 971 quas
1028 908 1079 954 se·
1124 892 1226 951 faedat
1241 891 1322 951 enim
1339 890 1470 959 Petrum,
1494 887 1577 966 qoud
1601 889 1743 951 maluerit
1767 887 1992 967 lachrymando

222 999 317 1062 quum
332 988 380 1051 est
394 994 528 1047 cessare,
541 994 610 1038 eum
626 979 659 1050 ii,
674 977 725 1055 gui
742 976 984 1054 bagctlahantur,
998 976 1079 1047 serio
1122 971 1274 1043 confiteri,
1291 988 1381 1049 qoam
1403 970 1558 1048 loquendo
1583 986 1731 1035 excusare
1753 971 1916 1033 defictum.
1942 970 1994 1031 Sic

223 1066 420 1142 resipiscunt:
437 1061 605 1123 tumetium
629 1060 698 1139 quia
713 1077 745 1121 ε.
768 1058 1004 1137 chrysostomus
1026 1072 1081 1135 per
1124 1058 1206 1118 enim
1222 1055 1353 1135 legimus
1369 1054 1424 1116 fib.
1453 1052 1503 1115 te.
1526 1054 1557 1115 in
1582 1053 1694 1115 Lucam
1711 1068 1780 1132 cap.
1807 1052 1862 1113 en.
1878 1052 1995 1116 Metuit

224 1146 442 1225 poeaitentiam
458 1160 518 1204 nou
534 1141 686 1221 significat
700 1142 796 1203 satam
822 1139 1079 1219 resipiscentiam,
1122 1140 1190 1216 ipse
1203 1152 1299 1201 suum
1313 1151 1468 1200 accusare
1489 1142 1669 1215 peccatum.
1694 1142 1732 1198 ut
1749 1135 1995 1217 justificaretur

223 1231 279 1291 sed
293 1231 441 1307 integram
454 1226 685 1294 Paenitentiam,
702 1240 781 1305 quaa
795 1230 915 1302 praeter
929 1224 1080 1287 internam
1122 1216 1266 1298 fatendo,
1282 1237 1380 1301 guam
1394 1224 1587 1296 grasaretur
1599 1219 1765 1297 negando:
1781 1218 1817 1279 fit
1828 1219 1994 1280 intrazb'on

224 1312 453 1373 conversionem
479 1316 510 1369 et
524 1310 682 1387 gemitum,
698 1316 841 1369 externos
855 1306 1081 1367 ctiamtabores
1123 1304 1252 1367 inuenio
1269 1303 1350 1383 quid
1364 1302 1497 1371 dicerit,
1519 1301 1651 1365 inuenio
1676 1302 1764 1381 qood
1784 1300 1922 1381 tteecmt:
1945 1302 1992 1363 tc-

224 1403 314 1469 ataue
328 1410 419 1473 opera
435 1389 633 1452 satisfactoria
660 1390 904 1467 comprehendit:
930 1388 1080 1463 aequissi·
1126 1387 1275 1466 eitryymas
1291 1386 1361 1465 cy'us
1376 1386 1456 1463 tego,
1472 1383 1726 1460 satifactionem
1739 1400 1808 1448 non
1830 1385 1916 1463 tego:
1935 1386 1993 1447 sed

225 1494 306 1538 mum
322 1484 422 1537 autem
437 1482 495 1544 est,
513 1481 544 1535 ut
559 1479 681 1535 ostensa
696 1472 898 1540 Paenitentia,
915 1474 1081 1543 idest,eum
1125 1470 1212 1547 quood
1229 1468 1360 1546 defendi
1372 1483 1442 1530 non
1453 1466 1660 1545 potuuabtui·
1672 1474 1785 1545 petest.
1802 1468 1839 1529 m
1852 1468 1882 1527 in
1898 1484 1991 1529 serm.

223 1566 363 1637 peccator
377 1574 409 1619 se
432 1557 498 1636 ipse
520 1554 625 1634 affligit
650 1561 680 1617 et
705 1558 816 1634 punit,
844 1555 1016 1633 dignosque
1040 1556 1081 1613 tn·
1125 1552 1175 1613 fb.
1189 1550 1240 1613 ubi
1256 1554 1384 1613 eandem
1400 1550 1481 1611 ittam
1498 1550 1681 1613 sententium
1695 1550 1992 1630 posueratzbartrry·

223 1644 264 1703 cit
284 1641 491 1703 Paenitentiac
515 1638 649 1701 fruetus:
673 1655 771 1715 poena
797 1638 942 1700 divinitus
967 1634 1081 1697 inflicta
1126 1652 1195 1696 mas
1213 1635 1293 1712 tego.
1308 1633 1559 1710 satisfactionem
1573 1648 1642 1697 non
1657 1633 1737 1711 tego:
1761 1631 1912 1711 subjecit:
1937 1634 1991 1695 Re·

222 1729 336 1786 cesset.
1126 1724 1172 1779 cte
1187 1716 1298 1779 Peiros
1312 1716 1399 1795 {teuit
1414 1717 1568 1786 attonuit,
1585 1716 1666 1793 quia
1678 1717 1766 1795 quod
1777 1716 1896 1795 defieri
1905 1716 1990 1785 sotei.

264 1806 349 1879 Quod
364 1811 463 1867 autem
489 1803 572 1865 Deus
587 1808 741 1878 aucramr,
766 1802 876 1864 durum
892 1807 923 1863 et
946 1800 1081 1862 obstina·
1125 1816 1193 1862 non
1207 1800 1285 1861 sotei
1299 1799 1462 1861 anemuri.
1479 1796 1584 1877 Itaque
1600 1798 1772 1861 satisfactio
1789 1814 1827 1861 eo
1857 1800 1928 1859 ioco
1943 1800 1987 1859 dc·

224 1895 285 1949 tum
302 1888 460 1968 poputum,
477 1888 529 1966 qui
546 1904 561 1945 a
577 1885 728 1949 Hieremia
744 1894 774 1945 et
788 1886 866 1947 Osca
882 1884 941 1947 suh
957 1876 1082 1945 nomine
1125 1882 1224 1943 fensio
1241 1888 1271 1943 et
1286 1882 1440 1941 excusatio
1456 1887 1515 1956 est3
1531 1898 1591 1958 quo
1608 1896 1702 1942 sensu
1724 1882 1840 1943 dicitur
1858 1884 1889 1941 ι.
1913 1881 1988 1941 Patr.

223 1972 367 2050 Ephraim
381 1969 625 2048 reprehenditur,
642 1969 693 2031 diu
710 1984 905 2045 percussum,
918 1983 978 2028 non
991 1965 1083 2028 fecis·
1126 1965 1273 2027 3.Parati
1285 1980 1412 2043 semper
1427 1964 1472 2025 cd
1482 1962 1737 2039 satisfactionem
1748 1966 1841 2027 anani
1849 1967 1989 2043 poscenti

224 2070 259 2115 se
275 2054 420 2130 peccandi
437 2052 541 2114 tinem:
558 2051 710 2131 significat
730 2052 867 2128 guidem,
892 2050 930 2111 iis
943 2048 1082 2127 ‚hagettis
1124 2065 1179 2109 nos
1193 2049 1364 2113 rationem,
1381 2048 1421 2109 dc
1436 2061 1487 2117 ea,
1500 2061 1584 2125 quae
1598 2046 1636 2108 in
1648 2046 1736 2109 uobis
1751 2052 1798 2109 est
1817 2063 1891 2126 spes·
1908 2054 1938 2107 ει
1958 2050 1987 2107 A·

224 2138 369 2213 populum
386 2152 577 2213 percussum,
593 2140 626 2196 ut
640 2134 761 2195 tandem
785 2135 949 2211 atiquando
972 2131 1082 2209 resipi·
1126 2137 1202 2193 ator.
1219 2130 1270 2191 at.
1288 2130 1385 2207 inquit
1401 2127 1618 2191 Paulustffono
1634 2130 1746 2193 animo
1759 2146 1822 2209 pro
1837 2146 1892 2192 nic
1905 2132 1988 2191 sotis·

224 2230 336 2292 sceret,
352 2221 406 2279 sed
423 2233 482 2278 non
499 2218 570 2279 inde
585 2219 799 2293 sequiturnau
815 2214 989 2293 oportuisse
1011 2230 1081 2275 cum
1124 2214 1257 2291 faciam.

225 2304 372 2380 poputum
390 2305 458 2377 pust
473 2296 706 2361 conversionem
724 2297 754 2359 in
782 2300 887 2360 cinere
913 2304 943 2359 ct
969 2298 1083 2369 cilicio,
1167 2298 1384 2373 Argumentum
1401 2294 1590 2355 Postremum
1608 2291 1752 2355 Calvinus
1768 2292 1850 2371 petit
1870 2308 1904 2355 en
1919 2311 1991 2371 qua·

225 2387 254 2444 in
268 2383 401 2462 jejunio,
430 2382 502 2444 fletu
530 2388 559 2442 et
585 2381 706 2459 planetu
733 2380 951 2442 Paenitentiam
978 2396 1080 2458 agero,
1128 2384 1195 2439 tuor
1210 2378 1418 2457 chrysostomi
1435 2381 1465 2436 et
1480 2376 1641 2453 Augustini
1658 2376 1848 2439 testimoniis
1864 2394 1940 2453 quac
1953 2384 1993 2437 ta·

222 2482 319 2544 caque
334 2466 451 2526 satione
467 2481 521 2543 pru
539 2466 639 2543 cuipis
655 2465 826 2541 praeteritis
841 2463 971 2526 Domino
993 2464 1079 2527 satis·
1128 2477 1199 2523 men
1216 2462 1301 2523 nrrtto
1314 2460 1435 2539 negotio
1452 2465 1596 2537 poterunt
1621 2459 1777 2537 explicari.
1802 2458 1938 2520 Primum
1954 2466 1992 2519 ta·

227 2551 339 2609 facere.
1126 2544 1303 2605 stimonium
1321 2542 1528 2621 chrysostomi
1546 2549 1593 2602 est
1609 2541 1717 2603 homit.
1733 2542 1764 2603 2.
1782 2542 1813 2603 in
1826 2542 1990 2621 psalmia.

263 2630 351 2691 Atiud
367 2637 577 2706 argumentum
594 2628 623 2688 in
640 2625 779 2707 cedomi
800 2627 851 2689 35.
877 2627 961 2691 ducit
986 2628 1079 2691 catvi·
1128 2627 1179 2687 uhi
1195 2628 1241 2689 sic
1258 2626 1401 2705 tegimus:
1420 2622 1475 2687 ilbi
1498 2625 1724 2687 misericordie
1746 2624 1932 2705 daguotur,
1947 2630 1991 2687 in·

224 2728 281 2773 nus
296 2713 333 2772 ab
345 2712 499 2790 ⁴carernptis
511 2712 683 2786 corumaui
696 2711 765 2771 sine
778 2712 837 2771 uttc
850 2711 992 2788 imposita
1005 2710 1083 2771 rnut·
1126 2710 1296 2789 terrogatio
1312 2707 1482 2771 cassaeubi
1492 2708 1718 2771 misericordia
1728 2710 1931 2785 postuletur.
1942 2707 1990 2783 ιε·
2032 2718 2033 2737 ³

223 2800 269 2853 cta
282 2793 440 2872 justificati
457 2791 1080 2871 tegunturrhepitur,inquitpubticanus,
1128 2793 1251 2853 dicirrm
1265 2808 1334 2853 neu
1347 2793 1460 2852 saeuit:
1476 2790 1533 2851 nbi
1545 2791 1772 2854 misericordie
1784 2792 1991 2869 petanense·

221 2877 453 2937 descendisses
468 2876 583 2949 teranto
591 2876 799 2951 justificatus:
815 2891 923 2954 poena
932 2876 1027 2937 uratia
1037 2892 1083 2937 se·
1125 2890 1191 2935 nea
1204 2876 1290 2936 tuens
1305 2891 1373 2937 nun
1388 2885 1442 2936 est:
1456 2873 1513 2935 ubi
1523 2873 1914 2953 nauemoraiaguccstto
1925 2874 1991 2935 nut-

221 2960 342 3035 auitur.
360 2960 469 3019 t’etncs
484 2958 592 3018 dctiati
603 2960 732 3019 ueniam
748 2957 1082 3038 obtinuitztacbrymas
1128 2957 1173 3018 tc:
1188 2958 1245 3019 ubi
1255 2957 1489 3029 misericordie,
1503 2958 1689 3019 condonate
1699 2958 1872 3035 responsio
1885 2958 1992 3019 estse

222 3044 292 3115 ajars
306 3042 427 3119 (inquit
442 3040 638 3116 Ambrosius)
664 3041 810 3117 tegimus,
832 3041 1085 3118 satisfactionem
1128 3041 1261 3102 cundum
1280 3040 1484 3101 testimonium
1502 3039 1641 3115 ejusdem
1658 3039 1805 3100 estham.
1825 3040 1879 3100 tu.
1897 3040 1928 3099 in
1942 3039 1992 3101 ce·
2032 3052 2033 3095 ῑ

219 3124 448 3200 contegimus.
465 3120 563 3182 Audit
571 3123 785 3205 paralyticus.
799 3123 1083 3203 Surgenemittun·
1129 3124 1239 3194 nasim,
1258 3124 1310 3185 uhi
1325 3122 1560 3203 chrysostomus
1575 3120 1659 3191 dicit,
1677 3122 1752 3182 nihif
1769 3122 1849 3183 uttra
1866 3139 1884 3184 a
1907 3124 1992 3184 nohis
2032 3126 2033 3202 3

222 3213 276 3267 tur
290 3206 348 3267 tibi
360 3212 491 3282 peccata
505 3213 683 3283 tuctpoena
695 3223 764 3269 nou
777 3206 1085 3285 impertiendorum
1128 3205 1223 3268 Deum
1242 3208 1408 3284 requirere,
1425 3221 1515 3282 guam
1532 3211 1564 3266 ut
1590 3205 1700 3266 deficta
1727 3212 1832 3266 nostra
1861 3222 1932 3268 eum
1954 3207 1991 3266 ta·

219 3304 304 3364 arrae
317 3290 355 3350 in
370 3287 539 3365 Scriptura
551 3297 844 3351 eonrmemorantur
854 3289 1082 3366 absolutiones,
1128 3290 1262 3369 chrymis
1277 3289 1356 3366 apud
1372 3307 1406 3351 se
1419 3285 1767 3350 confiteamurPrimum
1783 3287 1991 3350 testimouium

220 3372 385 3446 grataritae
400 3371 635 3432 deseribuntur.
651 3371 705 3434 Em
718 3372 779 3433 bac
790 3372 1085 3451 euenrptorumfre·
1127 3373 1288 3451 Augustini
1305 3378 1352 3432 est
1367 3371 1396 3432 in
1414 3371 1469 3433 fib.
1486 3372 1525 3431 de
1541 3371 1736 3447 dogmatibus
1753 3371 1989 3442 ecciesiasticis,

221 3455 366 3531 orrentia.
382 3454 497 3532 reputa
512 3454 617 3530 potius
629 3456 696 3531 peti
707 3454 872 3530 debuerat,
886 3457 1083 3534 quamabu·
1129 3471 1197 3532 cap:
1214 3453 1264 3516 ιιι.
1282 3455 1333 3516 uhi
1350 3453 1494 3514 definitur
1509 3453 1679 3515 Satisfactio
1693 3453 1730 3516 ab
1747 3453 1833 3515 hunc
1858 3456 1991 3516 modum:

217 3536 293 3596 orico
308 3536 375 3608 itio,
393 3539 481 3615 qnod
494 3538 602 3598 nescio
617 3538 697 3614 auid
711 3539 877 3617 negatore
889 3539 1040 3601 eontinet,
1125 3535 1345 3600 Paenitentiae
1360 3535 1543 3614 Satisfaetie
1560 3541 1616 3608 est,
1633 3548 1765 3599 caussas
1782 3545 1992 3616 peccatoram

261 3619 455 3705 despondeo:
475 3619 586 3693 tteguta
602 3621 759 3681 doctrinae
774 3621 945 3682 catholicae
966 3636 1028 3682 non
1046 3622 1084 3682 ah
1127 3621 1310 3686 eucindere
1327 3635 1386 3681 nec
1401 3635 1512 3682 cocum
1524 3619 1783 3697 suspectionibus
1799 3622 1934 3683 aditum
1946 3623 1991 3682 in·

219 3702 310 3763 unico
326 3701 449 3764 havidis
465 3703 605 3778 exempto
622 3703 714 3779 petita
730 3704 847 3774 cst‚sed
859 3721 875 3764 a
888 3704 992 3765 mattis
1004 3705 1083 3766 Scri·
1126 3703 1269 3780 dutgere.
1287 3703 1463 3764 Secundum
1479 3703 1686 3764 testimonium
1703 3703 1863 3781 ejusdem,
1890 3719 1927 3765 ar
1943 3721 1989 3764 ne·

216 3789 323 3860 pturae
339 3784 522 3846 testimoniis
538 3791 568 3846 et
582 3786 745 3861 exemptis,
767 3785 805 3846 ab
827 3803 886 3848 usu
910 3786 1081 3850 remetissi·
1126 3786 1191 3846 scio
1207 3802 1266 3863 quo
1282 3785 1371 3855 fibro,
1389 3783 1587 3862 nequeenim
1605 3791 1720 3846 eertum
1744 3785 1850 3848 focum
1866 3787 1985 3846 notarit:

218 3881 267 3927 mo
282 3867 417 3928 omnium
434 3866 648 3938 ecclesiarum,
666 3885 681 3926 a
697 3867 851 3929 communi
869 3869 986 3930 Petrum
1012 3870 1078 3930 tati·
1128 3867 1207 3929 cmo
1226 3867 1349 3934 christi,
1368 3868 1475 3944 iuquit,
1497 3883 1609 3930 uermn
1633 3871 1689 3930 est.
1718 3873 1749 3930 et
1771 3871 1914 3932 numum
1934 3885 1987 3944 pro

218 3964 337 4018 norom,
354 3965 596 4028 graecorumque
611 3966 779 4011 consensu,
802 3951 861 4012 Sed
886 3957 986 4012 tamen
1012 3952 1079 4014 uni·
1123 3953 1265 4028 peccatis
1280 3949 1488 4028 sacrificium,
1504 3966 1573 4012 non
1587 3949 1681 4012 ruodo
1695 3951 1748 4026 iis,
1766 3965 1856 4028 quoe
1867 3953 1989 4012 unirer·

216 4034 392 4094 nemetiam
408 4031 529 4093 havidis
544 4034 762 4111 exemptum,si
779 4034 848 4110 quis
863 4039 945 4095 recte
958 4033 1077 4116 judica·
1122 4051 1161 4094 sa
1174 4036 1211 4096 iu
1226 4035 1423 4112 Baptisruate
1439 4034 1754 4114 deterrimam-quae
1764 4039 1878 4108 postea
1889 4051 1930 4095 ca
1941 4037 1989 4094 in-

215 4128 250 4174 re
265 4116 373 4190 possit,
390 4115 462 4191 ptos
476 4115 554 4174 ratet
568 4115 604 4175 ad
621 4115 804 4177 sententiam
823 4120 955 4178 nostram
969 4117 1079 4179 conftr·
1121 4115 1271 4193 firmitate
1285 4117 1475 4194 subrepunt.
1490 4123 1621 4194 propter
1635 4131 1721 4196 guae
1740 4118 1898 4180 arniocrso
1912 4133 1989 4195 guo·

217 4197 369 4267 mandam,
386 4214 476 4273 quam
492 4197 632 4274 exempta
649 4197 844 4275 omnisonae
856 4198 997 4261 Calvinus
1009 4217 1078 4277 pro·
1123 4200 1200 4260 tidie
1216 4199 1334 4262 clamat
1349 4197 1503 4266 Ecclesia.
1531 4198 1665 4262 Remitte
1687 4197 1780 4262 nobis
1808 4200 1918 4262 debito
1936 4217 1992 4260 no·

218 4279 295 4350 teht,
313 4280 349 4338 ad
365 4279 588 4341 mirmandam.
603 4280 761 4359 Siquidem
775 4281 957 4358 publicanus
969 4282 1021 4344 ifte
1035 4285 1077 4345 ta·
1120 4289 1200 4358 stra3
1217 4287 1246 4344 et
1261 4285 1542 4360 rcrniuuuturpcr
1564 4281 1733 4361 singulare
1757 4281 1847 4346 iliud
1872 4285 1989 4358 sacriti-

216 4361 433 4438 giturquidcm
454 4359 637 4440 justificatus
663 4379 736 4442 prae
760 4365 934 4436 Pharisaeo,
958 4381 1018 4427 non
1036 4372 1078 4427 ta·
1123 4366 1223 4426 cium.

217 4459 287 4504 raon
303 4445 341 4504 cb
357 4445 438 4504 omni
455 4451 538 4505 reatu
556 4461 672 4523 poenae
688 4445 846 4510 tiberatus.
874 4447 991 4511 Deinde
1015 4464 1077 4511 non
1161 4446 1345 4526 Respondeo
1370 4446 1516 4510 Primum:
1545 4443 1753 4525 chrysostomi
1779 4447 1993 4510 testimonium

215 4525 283 4585 sina
298 4525 504 4588 satisfactione
517 4527 703 4605 justificatus
729 4530 789 4590 dici
816 4535 927 4605 potest,
955 4530 1006 4609 qui
1025 4547 1076 4609 pe·
1122 4529 1363 4592 misericordiam
1380 4528 1548 4606 generatim
1563 4529 1770 4592 conrmcndat.
1794 4529 1838 4592 Ac
1867 4531 1989 4592 serissi-

216 4613 283 4668 ctas
298 4625 387 4668 suum
404 4609 658 4687 percunctantum
676 4612 845 4673 humillime
862 4612 989 4675 Domino
1005 4630 1077 4691 sup·
1122 4627 1204 4672 mum
1223 4619 1280 4684 εει,
1298 4612 1528 4675 misericordiae
1544 4611 1660 4689 opponi
1687 4611 1838 4684 iudicium
1867 4621 1900 4674 ει
1927 4632 1996 4692 poe·

216 4688 358 4765 pficahat,
375 4695 426 4766 arri
445 4693 599 4770 nequead
616 4694 758 4755 interiora
783 4697 887 4772 tempti
914 4697 1075 4770 accedere,
1122 4692 1259 4772 nam3gui
1277 4697 1357 4758 enim
1375 4694 1618 4757 misericordiam
1631 4694 1829 4772 quaerituan
1842 4697 1911 4756 ruit
1926 4700 1995 4759 sub

216 4788 315 4850 raeque
331 4775 437 4833 ocutos
453 4775 489 4833 ad
506 4775 624 4835 coetum
641 4777 805 4838 sustottcre
820 4777 964 4839 audebat.
988 4777 1076 4840 Para·
1119 4776 1163 4837 ire
1176 4777 1337 4857 judicium3
1365 4777 1461 4858 etqui
1478 4793 1514 4838 ex
1529 4777 1738 4838 misericordia
1761 4777 1991 4856 indufgentiarn

214 4853 325 4934 tyticus
340 4855 464 4916 audivit:
483 4854 611 4933 confide
623 4856 696 4935 fiiri,
711 4860 919 4923 remittuntur
933 4859 991 4923 tibi
1001 4877 1074 4939 pec·
1120 4861 1331 4938 consequitur,
1350 4877 1408 4922 non
1426 4860 1519 4924 debet
1534 4859 1638 4922 subire
1654 4876 1799 4939 paenam,
1824 4877 1908 4936 auae
1936 4864 1994 4923 sibi

214 4943 287 4998 ceta
303 4942 373 5013 tum·
388 4939 443 4999 sed
460 4940 529 5015 guis
545 4942 636 5016 norit,
661 4958 700 5003 au
727 4949 923 5019 peccatorum
949 4944 1074 5005 nominc
1119 4943 1288 5004 condonata
1305 4950 1362 5006 est.
1380 4943 1417 5006 At
1432 4959 1466 5005 er
1483 4943 1539 5004 hae
1555 4943 1689 5022 generati
1717 4945 1995 5006 commendatione

212 5020 277 5079 sota
293 5021 382 5098 crrtpa
411 5028 441 5081 et
457 5037 553 5098 poena
570 5029 692 5085 aeterna
708 5041 746 5086 eo
761 5025 830 5087 foco
845 5042 907 5087 non
923 5026 1074 5106 inteftiga·
1120 5026 1361 5098 misericnrdine‚
1379 5042 1440 5088 non
1456 5032 1558 5104 potest
1573 5030 1656 5088 reete
1672 5023 1789 5104 octtfgi,
1809 5039 1874 5086 non
1905 5045 1994 5106 opor·

213 5102 361 5180 inriguis
376 5101 480 5165 dicere
495 5105 633 5179 auderet,
649 5105 716 5184 ipsa
731 5108 861 5187 paralysi
878 5115 937 5169 tam
957 5109 1074 5170 diutur·
1117 5115 1182 5169 tere
1203 5109 1399 5187 poenitentes
1427 5107 1634 5170 satisfactione
1659 5107 1804 5187 injuriam
1832 5109 1942 5189 aitqua
1960 5127 1993 5172 ar

212 5203 249 5245 na
265 5201 364 5262 aequo
375 5187 477 5247 animo
493 5187 627 5255 reiterata.
645 5205 706 5250 non
722 5205 792 5252 eum
808 5207 862 5269 pro
874 5191 1073 5253 dcticttssuts
1118 5201 1203 5270 pnrtc
1219 5207 1433 5269 compensare,
1450 5191 1508 5252 nisi
1525 5191 1651 5251 attunda
1667 5195 1799 5254 cunstat.
1816 5205 1854 5250 ex
1873 5195 1994 5254 misr-ri·

211 5270 286 5329 satis
301 5267 364 5328 Deo
380 5268 508 5330 iecisse?
532 5269 607 5346 Quis
633 5279 726 5350 neget
750 5271 895 5351 denique,
920 5273 1072 5337 christum
1115 5274 1217 5336 cordia
1234 5273 1400 5336 condonari
1413 5272 1505 5336 ittisa
1522 5275 1585 5334 fico
1597 5289 1657 5334 non
1669 5273 1769 5334 sotum
1784 5272 1986 5352 cufpam.se·t

210 5365 266 5426 pro
281 5349 405 5411 arbitrio
419 5352 542 5429 cuipam
571 5360 600 5414 et
615 5369 738 5416 omnem
760 5367 891 5431 poenam
918 5358 1073 5419 remittere
1115 5359 1205 5418 etiam
1222 5374 1343 5419 ornnem
1360 5360 1484 5419 ornnino
1497 5371 1625 5435 poenam
1641 5354 1843 5434 temporalem
1859 5366 1892 5418 et
1904 5377 1986 5421 sem·

210 5433 367 5508 potuisset
397 5451 453 5494 nec
469 5441 566 5496 tauron
584 5436 731 5499 ministris
752 5438 846 5500 ficere
870 5442 971 5501 omnia
993 5455 1072 5519 quas
1116 5441 1277 5519 piternam.

210 5514 335 5606 domino
357 5515 490 5578 ticcuutt
511 5517 617 5580 Petrus
639 5536 700 5582 non
721 5520 820 5583 solum
843 5523 992 5601 resipuit,
1016 5517 1071 5585 sed
1160 5521 1265 5598 ltaque
1281 5523 1362 5584 idem
1378 5519 1615 5599 chrysostomus
1630 5520 1780 5582 incudem
1794 5520 1926 5585 homilia
1941 5543 1992 5602 pa·

210 5600 300 5688 ciram
322 5598 512 5664 amarissime
534 5599 629 5663 fierit:
651 5618 712 5680 quo
733 5602 806 5664 fletu
829 5603 959 5668 Domino
981 5605 1071 5668 satis·
1115 5603 1168 5665 rrta
1184 5605 1322 5678 inferius,
1339 5606 1415 5666 hacc
1430 5603 1532 5666 habet:
1551 5603 1716 5666 Miseratus
1730 5603 1866 5682 attidem
1890 5605 1990 5672 earu.

142 5709 146 5716 ·
209 5677 298 5738 ‘etth
526 5723 528 5726 <
1115 5689 1172 5752 scd
1186 5689 1386 5767 nonpossint
1400 5687 1581 5752 miseretur:
1594 5693 1746 5766 prouocat
1760 5701 1821 5749 nos
1847 5693 1879 5750 ct
1894 5693 1989 5754 dicti.
2032 5677 2033 5764 i
