4084 6275
833 373 929 434 Liada
949 371 1099 443 obtusus
1723 373 1775 432 tii

80 503 237 570 Similiter
251 512 280 570 et
294 506 437 582 cai-icem,
452 513 624 591 postquam
637 507 792 584 coeuoeit,
812 509 937 572 diceru-
982 514 1160 592 praecipere
1175 515 1254 578 cirea
1269 529 1358 576 asam
1371 513 1445 577 tanti
1457 509 1730 588 sacramenti3illad
1744 509 1839 571 enim:

77 588 138 650 llic
152 590 243 653 colim
258 595 316 652 eto.
333 589 387 650 libi
404 591 497 654 debet
510 593 699 671 subintelligi
716 591 853 660 verbam.
868 607 938 652 caai
983 595 1097 660 Probet
1109 598 1252 678 seipsum
1266 597 1372 663 homo
1389 601 1585 674 praecepium
1601 593 1684 656 Pauli
1707 600 1765 665 cst,
1784 609 1841 654 nec

79 687 144 747 qun
159 672 241 736 hene
255 673 485 742 cohaereatille
499 679 701 746 accusativus,
718 673 862 750 colicam
879 675 938 736 tale
983 679 1066 742 enim
1082 679 1112 740 in
1142 682 1299 758 evangelio
1316 681 1436 757 iegitur.
1454 680 1490 740 lit
1503 678 1567 740 illa:
1590 676 1669 739 Cum
1692 677 1842 738 conacci-

78 761 184 816 antem
200 755 323 818 verbam
340 771 399 818 non
416 761 474 828 est,
490 757 554 822 Hoc
567 758 675 836 facite.
692 757 774 832 Quae
793 757 874 820 enim
891 772 939 818 es·
983 764 1023 823 tis
1036 762 1176 826 iudicem
1189 769 1382 842 exspectate·
1397 768 1439 838 et,
1458 760 1519 838 Qui
1531 759 1841 832 esuritdomimau·

79 843 131 896 set
148 839 224 900 haec
244 837 351 908 oratio,
375 839 521 902 Similiter
545 850 575 902 et
600 841 727 902 calicem
754 841 813 901 hoc
834 838 940 900 tacite?
985 845 1091 914 dorcet,
1107 847 1246 908 eiusdem
1263 846 1399 920 apastoli
1414 853 1496 907 sani:
1514 843 1565 922 qal
1582 841 1673 904 ctiam
1700 843 1785 918 plara
1808 855 1843 901 se

78 918 241 982 Sententia
256 937 329 998 ergo
343 921 393 983 itin
409 928 468 994 est,
485 939 574 1000 qaam
590 923 733 986 diximus:
747 921 901 986 Similiter·
913 925 941 984 et
985 927 1193 991 ordinaturum
1209 931 1328 991 asserit.
1346 945 1414 989 cam
1430 929 1481 988 ait:
1500 925 1632 989 Caetera
1643 938 1844 986 cumvenero

78 1003 219 1066 colicam
234 1002 356 1081 occepit
370 1005 492 1077 duem,
509 1012 567 1068 etc.
985 1010 1170 1087 disponam.
1188 1012 1288 1089 anre
1302 1010 1488 1088 Augustinus
1499 1009 1623 1088 epistol.
1639 1007 1710 1068 ll8.
1723 1011 1844 1085 aposto·

123 1086 268 1159 Quartam
285 1087 490 1150 testimoniam
503 1087 677 1164 Scripturas
689 1093 736 1150 cst
747 1087 777 1148 in
790 1087 891 1150 verbis
903 1087 939 1148 il·
984 1093 1082 1152 loram
1099 1092 1298 1170 praeceptam
1311 1109 1381 1156 esse
1397 1092 1482 1167 dicit,
1499 1099 1531 1153 ιιι
1547 1093 1606 1155 hoc
1620 1097 1845 1152 sacramentam

79 1167 122 1232 lis
138 1171 169 1230 h.
187 1169 268 1230 Pauli
284 1169 314 1230 l.
331 1167 467 1232 Corinth.
485 1171 534 1233 tl.
554 1171 618 1250 ligo
633 1171 745 1249 accepi
758 1189 779 1231 o
792 1170 939 1235 homino.
985 1191 1001 1236 a
1015 1174 1133 1254 jejunis
1148 1183 1295 1237 sumatur.

78 1254 172 1328 quod
186 1259 215 1314 et
229 1253 353 1316 tradidi
366 1249 453 1316 cobis
468 1255 526 1315 etc.
542 1248 675 1315 'lra'ditio
690 1254 855 1331 apostolica
871 1253 940 1315 sine
1026 1257 1182 1319 Postremo
1198 1259 1305 1319 hisom
1332 1263 1391 1319 est.
1416 1256 1576 1334 epistolam
1603 1253 1641 1314 ad
1668 1252 1842 1316 Corinthios

78 1338 178 1396 dubio
193 1351 301 1398 ornnes
316 1336 440 1414 obligat:
458 1335 579 1398 tradidit
592 1343 692 1397 autem
708 1335 819 1398 Pauliis
844 1335 940 1396 omni·
985 1339 1128 1416 scriptam
1144 1358 1214 1403 esse
1230 1342 1266 1400 ad
1282 1353 1389 1400 ornnes
1404 1338 1523 1407 tidcies,
1539 1338 1578 1398 iia
1595 1343 1627 1398 ιιι
1641 1337 1742 1397 omnia
1764 1351 1844 1416 qaae

78 1417 142 1480 hus
159 1423 315 1493 atramque
331 1417 467 1496 speeiem
484 1433 554 1480 csse
569 1418 761 1480 sumendam.
779 1418 812 1478 lit
824 1424 942 1496 praete·
985 1423 1027 1484 ihi
1044 1423 1207 1495 habentur,
1224 1425 1260 1484 ad
1277 1438 1387 1484 omnes
1402 1423 1584 1494 pertineant.
1602 1419 1675 1480 ιιιιιιι
1702 1420 1784 1480 enim
1809 1417 1847 1479 ad

79 1516 134 1560 rea
151 1499 262 1562 Prirrlus
277 1506 335 1560 tam
353 1506 421 1576 post
436 1501 572 1578 speciem
586 1501 778 1579 pruisquam
792 1506 943 1578 postspc·
985 1520 1096 1568 omnes
1125 1507 1267 1581 pertinet:
1297 1503 1437 1567 Auditur
1462 1505 1549 1567 iuter
1572 1517 1628 1565 coe
1655 1501 1842 1577 fornicatio,

79 1583 162 1642 ciem
179 1583 238 1643 tini
255 1584 365 1658 repetit
380 1583 498 1644 bomini
517 1585 700 1644 innodatam:
717 1581 780 1644 Hoc
793 1583 942 1660 reattulit
985 1590 1093 1666 quotis
1107 1607 1166 1653 uec
1180 1591 1266 1652 iuter¹
1279 1589 1407 1665 peotes?
1422 1593 1462 1658 et;
1478 1587 1564 1648 l'tc'us
1580 1585 1670 1647 dicit.-
1686 1585 1753 1662 b'qo
1773 1599 1848 1646 autu

81 1667 219 1744 denique
234 1672 338 1743 postea
355 1665 504 1746 adjungit:
521 1665 564 1728 De
577 1681 664 1746 poue
679 1666 735 1727 iiio
752 1667 837 1734 adet,
857 1673 887 1728 et
902 1667 942 1728 de
985 1669 1093 1742 Pauli,
1111 1689 1167 1751 eqo
1182 1671 1306 1751 Apollo.
1323 1686 1379 1748 eqo
1397 1668 1541 1749 Cephea?
1555 1668 1647 1729 Porro
1663 1666 1738 1727 iliad
1757 1665 1786 1726 in
1801 1666 1847 1724 in-

79 1748 186 1810 colice
201 1746 299 1809 bihot.
316 1747 351 1809 In
369 1748 427 1810 hoc
443 1757 622 1828 argumenta
637 1750 713 1810 mire
736 1747 795 1810 sihi
823 1749 944 1826 placent
986 1757 1167 1833 scriptione:
1196 1753 1274 1818 Cum
1298 1752 1447 1815 omuibus
1471 1753 1529 1831 qui
1551 1751 1706 1814 iucocoui
1725 1763 1847 1810 nomeu

79 1832 262 1893 adversarii.
281 1831 430 1894 lutherus
444 1831 475 1892 in
492 1832 547 1892 lib.
571 1832 608 1893 de
634 1831 766 1909 captivit.
793 1830 940 1910 Babylon.
985 1835 1127 1907 Domini,
1144 1855 1203 1899 non
1220 1835 1373 1913 significat
1388 1834 1479 1898 scribi
1497 1833 1657 1915 epistotam
1673 1831 1709 1891 ad
1724 1846 1846 1903 omncs,

80 1929 151 1990 cap.
168 1914 208 1974 de
224 1912 423 1975 buciiarisiia:
442 1913 567 1986 Ultimo,
587 1915 697 1991 inquii,
719 1918 781 1974 stet
803 1915 943 1977 iuaiettts
985 1920 1041 1980 sed
1057 1919 1211 2000 signillcat
1224 1919 1319 1981 scribi
1336 1919 1372 1978 ad
1389 1917 1572 1986 Corinthios,
1590 1915 1703 1993 quibas
1718 1913 1848 1992 aposto-

80 1994 220 2064 Poutus.
237 1997 386 2058 omnium
400 1995 568 2060 obstrusus
583 2013 642 2060 oro
656 2004 713 2059 etc.
732 1996 766 2056 lli
781 1995 942 2059 inirazllou
985 2003 1035 2064 las
1051 2012 1190 2081 precatur
1205 2018 1311 2082 pacem
1343 2008 1373 2061 et
1388 2001 1514 2080 gratiam
1529 2015 1599 2061 cnm
1615 1995 1772 2070 omnibns,
1796 1993 1851 2074 qai

81 2080 174 2148 dicit,
191 2080 300 2158 inquit.
316 2079 450 2157 permisi
470 2079 568 2142 vohis
583 2081 619 2140 lit
642 2079 730 2140 inira:
758 2079 942 2142 reddidisse
985 2086 1126 2147 invocant
1142 2101 1253 2147 nomen
1276 2083 1395 2146 liomini
1419 2083 1511 2144 nostri
1536 2081 1609 2144 iesu
1638 2077 1762 2140 Christi.
1784 2077 1847 2139 Nec

81 2167 130 2222 est
144 2163 357 2241 praecepisse.
374 2161 411 2223 itt
426 2163 455 2222 in
471 2161 549 2224 libro
564 2171 666 2225 eontra
683 2162 808 2240 Angliae
825 2178 940 2241 regem:
985 2173 1086 2229 tamen
1102 2183 1262 2248 negamus.
1278 2168 1351 2245 qaia
1368 2165 1496 2243 epistola
1513 2163 1563 2226 illa
1579 2163 1683 2241 aliquo
1699 2161 1791 2223 modo
1805 2163 1844 2221 ad

81 2245 147 2305 Hoc
163 2251 403 2324 argumentum,
419 2244 528 2322 inquii,
555 2246 641 2308 dimit
662 2244 814 2308 assertori
832 2260 941 2308 socru·
986 2267 1095 2313 omnes
1110 2256 1270 2328 pertinent3
1286 2250 1424 2310 doctrina
1440 2249 1534 2315 enim,
1550 2263 1630 2321 qaae
1647 2243 1688 2306 ibi
1704 2244 1846 2312 traditur,

81 2334 278 2396 mentonem,
294 2326 366 2388 doti
378 2343 429 2389 me
445 2333 588 2406 tongere.
985 2333 1157 2394 eommunis
1172 2340 1219 2394 est
1233 2332 1388 2404 omnibus
1404 2334 1459 2392 sed
1476 2343 1536 2391 non
1552 2328 1623 2391 ideo
1634 2325 1747 2401 omnia,
1761 2341 1843 2404 qaae

126 2409 322 2486 hesponoeo:
339 2408 372 2470 In
390 2409 505 2470 ultimis
523 2411 623 2472 rachis
638 2410 719 2471 nulla
741 2415 789 2470 est
812 2409 941 2470 diillcal·
984 2417 1027 2476 ibi
1040 2417 1194 2483 dicantar.
1210 2417 1247 2478 ad
1263 2431 1372 2477 omncs
1387 2413 1554 2493 pertinent,
1570 2428 1606 2474 ac
1621 2410 1647 2472 si
1673 2409 1710 2471 ad
1737 2423 1848 2470 omncs

80 2497 140 2567 tas3
158 2493 231 2554 iliud
248 2493 343 2554 enim:
358 2491 403 2556 Dc
425 2508 513 2571 poue
539 2493 595 2554 iilo
621 2495 695 2555 edet
720 2498 776 2554 etc.
804 2492 942 2570 scqaitnr
985 2500 1096 2577 scripta
1111 2506 1206 2561 osser,
1370 2535 1373 2540 -

83 2581 155 2650 post
171 2591 207 2637 eo
223 2574 327 2637 rerba:
343 2573 456 2638 Probet
469 2578 611 2654 seipsum
626 2577 763 2638 homost
775 2576 821 2638 sic
835 2576 874 2636 de
884 2592 940 2652 po·
1025 2580 1091 2642 Jnm
1106 2597 1177 2643 reio
1192 2580 1279 2649 iilud.
1295 2580 1361 2642 iloc
1374 2578 1482 2655 faute.
1499 2578 1579 2656 qaod
1597 2575 1628 2636 in
1644 2573 1703 2636 bac
1715 2571 1847 2652 epistota

79 2673 124 2720 uc
139 2657 208 2730 iilo,
226 2665 285 2721 ete.
303 2657 421 2731 Quibus
436 2659 538 2720 verbis
554 2675 613 2720 non
627 2659 716 2735 jabet
730 2659 943 2734 apostolieae
986 2663 1033 2724 bis
1047 2665 1180 2743 ponitur,
1198 2663 1274 2724 nihil
1291 2677 1420 2724 caussae
1437 2666 1557 2721 nostrae
1573 2657 1677 2720 obicit.
1692 2655 1762 2716 Nam
1777 2660 1849 2733 post

81 2740 194 2802 tideles
209 2743 438 2820 cornipedem,
455 2743 501 2804 rei
517 2741 643 2804 calicem
661 2742 766 2803 bibant
787 2740 938 2814 absolata
984 2747 1075 2826 panis
1087 2746 1350 2809 consecrationem
1365 2744 1505 2804 ahsolate
1521 2741 1655 2818 ponitur:
1672 2738 1846 2815 dociacite

81 2824 138 2884 scd
156 2823 278 2886 modum
294 2822 487 2900 praescrihit,
504 2839 566 2903 qao
581 2823 623 2886 uti
639 2823 756 2888 dehent
771 2869 780 2898 ,
796 2824 823 2886 si
848 2823 941 2886 edere
982 2831 1023 2892 iu
1035 2845 1142 2891 meam
1157 2827 1502 2899 concremationem
1519 2831 1588 2902 post
1602 2822 1728 2885 calicem
1742 2828 1845 2881 antem

82 2912 116 2966 ei
131 2905 236 2968 bibere
252 2905 346 2968 velint
360 2904 484 2968 utiliter.
983 2911 1065 2974 idem
1081 2913 1239 2991 repetitur.
1255 2910 1310 2971 scd
1327 2926 1394 2970 enm
1405 2907 1600 2977 conditione,
1625 2904 1702 2975 Hac,
1729 2902 1841 2981 inquit,

126 2987 216 3050 Porro
232 2987 283 3048 illa
299 2988 402 3050 rerba:
420 2988 485 3068 ligo
501 2991 626 3053 tradidi
647 2989 736 3052 nobis
748 2989 777 3049 in
791 2990 875 3050 nullo
888 3005 941 3050 aa·
981 2992 1078 3074 facite
1090 2995 1352 3076 quotiescumque
1367 2989 1488 3052 bibetis.
1515 2988 1552 3050 lit
1578 2992 1661 3048 certe
1687 3000 1748 3044 non
1772 2988 1844 3048 sine

82 3077 168 3133 ctore
182 3069 395 3148 significarunt
407 3088 551 3149 anquam,
569 3073 632 3151 Cgo
646 3073 803 3151 praecepi,
818 3087 873 3134 sea
887 3071 940 3132 im·
985 3094 1091 3139 caussa
1108 3077 1240 3154 Spiritus
1256 3081 1380 3135 sanctas
1396 3074 1519 3134 modam
1535 3068 1681 3149 loquendi
1703 3071 1842 3129 mutarit.

85 3156 202 3229 parad.
219 3153 255 3215 Et
271 3156 394 3227 deinde,
411 3172 501 3232 qaam
517 3164 602 3219 esset
616 3158 741 3235 pulchra
758 3157 808 3219 illa
835 3155 941 3217 rerba·
984 3162 1045 3223 ιιοιι
1063 3161 1235 3240 signineant
1248 3157 1341 3237 igitur
1355 3158 1431 3217 tinec
1445 3155 1535 3217 rerba
1551 3152 1733 3233 posteriora,
1750 3157 1782 3213 at
1794 3170 1844 3215 cn·

81 3253 149 3297 rum
167 3237 250 3298 Pauli
266 3239 428 3303 connexio.
445 3238 471 3301 si
487 3240 525 3299 ila
550 3238 720 3301 ellerretar:
744 3241 806 3319 ligo
833 3236 940 3300 tradidi
984 3243 1026 3305 lix
1040 3244 1150 3305 debeat
1163 3244 1241 3308 dari,
1259 3243 1303 3301 rei
1320 3240 1398 3301 sarni
1425 3237 1615 3307 necessario,
1639 3232 1695 3297 sed
1718 3236 1842 3301 randum

81 3320 182 3393 robis,
201 3321 290 3391 idest,
309 3321 459 3389 mandari,
476 3323 618 3396 quoniam
636 3323 780 3385 hominus
795 3320 897 3393 iesus,
909 3320 941 3381 in
985 3328 1208 3405 praescribant,
1226 3332 1258 3385 ιιι
1272 3324 1300 3387 si
1315 3323 1346 3385 id
1362 3322 1423 3396 ilai,
1440 3320 1492 3383 det
1505 3319 1536 3381 in
1553 3316 1733 3383 memoriam
1748 3318 1845 3382 domi·

82 3419 142 3480 qao
160 3409 250 3463 nocie
266 3404 455 3466 tradebatur?
470 3403 506 3465 lit
521 3405 595 3467 illud
613 3404 782 3468 l.Corinth.
800 3404 850 3465 t5.
868 3403 941 3467 lio·
987 3408 1074 3471 nicae
1088 3407 1253 3486 passionis.

83 3486 156 3547 didi
169 3485 270 3557 cobis,
286 3487 444 3565 quouiaiu
461 3486 601 3551 Christus
616 3494 760 3551 mortuus
774 3492 829 3567 eet,
853 3502 943 3564 qaam
1028 3490 1212 3564 Quaeritnrn
1226 3487 1414 3554 doctoribus,
1428 3486 1501 3560 qaid
1514 3484 1638 3561 proprie
1652 3483 1845 3549 demonstret

85 3569 215 3642 pulchre
231 3570 290 3630 hoc
305 3570 397 3632 modo
417 3568 699 3649 interpretaremur:
726 3570 867 3647 Pracccpi
893 3584 943 3631 io·
987 3574 1153 3646 illud,lloc,
1167 3588 1237 3635 eum
1250 3571 1396 3631 [lominus
1407 3569 1459 3628 ait:
1475 3568 1539 3629 lloc
1553 3567 1702 3644 [ocitemn
1718 3568 1844 3629 demon·

84 3651 146 3715 bis.
163 3652 244 3727 qaod
261 3649 401 3713 Christus
416 3658 555 3716 mortuus
570 3654 633 3717 cst?
648 3655 743 3723 lade,
760 3653 840 3731 qood
855 3652 944 3712 Rem·
987 3662 1060 3719 stret
1071 3657 1101 3718 id
1115 3656 1196 3732 quod
1210 3654 1357 3715 boioinas
1369 3651 1443 3730 egit,
1455 3650 1547 3720 idest,
1577 3650 1842 3711 consecrationem

84 3733 179 3795 nitius
194 3734 224 3795 in
241 3733 272 3793 2.
289 3749 354 3811 par.
378 3736 511 3799 examin.
526 3752 598 3815 pag.
615 3736 685 3799 sti.
699 3752 760 3797 non
774 3740 820 3797 esl
832 3734 945 3796 veritas
988 3745 1018 3801 ei
1033 3739 1281 3801 distributionem
1299 3779 1307 3802 .
1324 3752 1361 3795 an
1377 3732 1458 3811 qnod
1485 3736 1615 3810 egerunt
1639 3730 1795 3809 discipali,
1813 3734 1843 3795 id

85 3814 254 3891 prophetoe
269 3814 449 3879 Germanico
464 3818 595 3882 bothero
611 3819 641 3881 in
657 3818 764 3882 taciem
785 3818 943 3880 resistere.
986 3828 1045 3890 est,
1058 3820 1327 3883 manducationem
1350 3822 1381 3878 et
1406 3814 1610 3884 bibitionem,
1626 3829 1663 3872 an
1680 3820 1844 3891 utramque

84 3899 215 3978 Scripsit
229 3900 310 3961 enim
326 3899 401 3963 iliad
417 3901 552 3975 tradidi,
570 3919 629 3965 aon
653 3901 826 3981 significare
848 3915 944 3979 proc·
986 3903 1090 3966 simol.
1107 3904 1166 3965 Sed
1189 3903 1226 3964 ad
1242 3916 1306 3963 rem
1323 3906 1455 3960 nostram
1472 3896 1506 3959 id·
1519 3911 1579 3957 non
1601 3894 1703 3969 reteri,
1721 3898 1845 3974 quando

83 3983 167 4059 cepi,
185 3980 275 4060 cujas
291 3987 392 4045 tamen
411 3982 608 4059 contrariam,
625 3992 658 4048 at
671 4001 761 4065 supra
774 3983 941 4056 citavimus,
987 3992 1107 4049 constet
1120 3986 1196 4048 illud
1211 3990 1409 4066 praeceptam
1426 3995 1486 4041 non
1513 3978 1577 4043 dari
1592 3977 1734 4040 absolate
1751 4025 1759 4054 ,
1785 3980 1848 4041 nisi

85 4063 236 4127 Latheras
251 4064 378 4128 dixerat.
987 4070 1026 4131 de
1041 4086 1101 4131 ana
1117 4068 1234 4145 specie.

127 4146 187 4209 Sed
205 4153 304 4209 tamen
321 4148 381 4210 olio
397 4148 488 4210 modo
504 4164 541 4211 ex
556 4150 665 4213 eodem
681 4148 774 4213 acrba
799 4146 942 4211 hennii-
1027 4151 1153 4213 Videtar
1164 4160 1263 4212 tamen
1279 4145 1430 4209 sententio
1444 4142 1572 4205 loannis
1583 4159 1599 4202 a
1610 4140 1745 4204 baronio
1760 4142 1848 4206 valde

86 4245 123 4289 ιιι
139 4235 379 4309 argumentatur,
396 4238 426 4291 tl
448 4235 482 4294 ui
506 4232 573 4310 ipse
598 4233 683 4305 dicit,
705 4232 941 4311 pulcherrimum
986 4234 1168 4313 probabilis,
1185 4234 1236 4309 qul
1253 4232 1343 4292 docet
1359 4276 1368 4298 ,
1384 4226 1474 4289 rerba
1489 4224 1610 4288 Domini
1626 4225 1706 4304 apud
1724 4224 1849 4300 bacam,

86 4310 211 4373 conicit
225 4320 450 4391 argumentum.
467 4314 579 4378 Paulas
594 4317 675 4377 enini
692 4330 761 4378 oum
777 4315 829 4383 ait,
846 4312 943 4375 tradi·
987 4320 1024 4379 od
1040 4318 1141 4379 omnic
1154 4316 1272 4385 reterri,
1289 4314 1320 4375 id
1336 4319 1394 4378 cst,
1410 4311 1447 4371 od
1462 4307 1597 4388 id,qaod
1610 4306 1680 4369 iecit
1696 4307 1846 4379 Christus,

85 4394 134 4464 di,
152 4408 213 4455 1¹⁰⁰
229 4395 401 4474 maecipiq
417 4412 477 4457 ¹¹⁰ss
494 4400 575 4461 Θῐιίιιι
592 4414 685 4461 iustis
700 4398 756 4460 [ιιίῑ
770 4398 800 4459 iii
828 4415 883 4458 ⁰⁵¹¹
896 4411 943 4454 ιιι·
986 4407 1017 4464 ct
1031 4400 1061 4461 id
1078 4400 1159 4478 quod
1176 4401 1305 4476 egerant
1318 4393 1459 4472 apostoli,
1476 4397 1510 4453 ιιι
1524 4404 1638 4455 sensas
1652 4389 1745 4463 siuld
1763 4392 1844 4467 qaod

87 4485 312 4539 crementorum
329 4478 443 4555 aliquid
461 4482 652 4559 praecipere,
675 4481 730 4543 sed
754 4480 842 4540 tradit
864 4478 943 4541 Chri·
986 4484 1210 4560 nancagimas,
1228 4480 1370 4559 egedam
1386 4488 1535 4538 consecro
1550 4478 1580 4535 el
1596 4473 1729 4551 porrigo,
1743 4478 1775 4534 at
1788 4490 1844 4535 ros

86 4559 126 4619 sti
143 4566 352 4638 praecepium.
374 4561 464 4623 Eine
481 4568 622 4640 putemus
638 4580 707 4625 eam
722 4564 841 4625 tradere
864 4577 944 4637 prae·
988 4566 1060 4627 dam
1076 4564 1214 4644 accipitis
1243 4568 1273 4623 et
1287 4560 1459 4625 comeditis,
1482 4558 1673 4632 trequentate
1695 4555 1845 4635 deinceps

85 4647 209 4717 ceptum
226 4642 303 4705 solis
330 4644 531 4724 presbyteris.
559 4647 610 4725 qui
640 4653 726 4707 ciani
751 4643 940 4713 cariatham
990 4648 1140 4726 usquead
1156 4645 1262 4709 mnudi
1285 4642 1592 4706 consummationem.
1624 4637 1738 4698 Profert
1763 4639 1845 4701 enirn

88 4724 244 4799 qtrincipin
260 4726 409 4803 epistolae
425 4726 498 4788 dicii
513 4744 548 4792 se
568 4728 705 4791 scribere
730 4726 870 4789 omnibus
890 4723 941 4798 oui
988 4730 1163 4808 praedictas
1178 4731 1413 4791 nactorrcteres
1427 4720 1598 4800 Patres,qai
1613 4720 1663 4781 ilia
1675 4720 1765 4781 rerba
1780 4738 1845 4783 mo·

86 4814 175 4869 erant
190 4806 340 4883 Corinthu
356 4810 449 4871 inimo
465 4810 554 4873 etiam
571 4812 716 4875 omnibus
731 4810 797 4873 aliis
824 4808 943 4872 Christi·
987 4812 1228 4876 apparerentque
1250 4809 1361 4874 carisa
1383 4804 1546 4875 nationem,
1568 4809 1602 4891 ua
1616 4800 1798 4882 Cypriaqum
1811 4820 1843 4865 θ.

87 4891 169 4951 anis.
188 4889 261 4953 llam
277 4890 406 4953 addidit:
433 4892 511 4964 Cam
540 4895 688 4957 omuibus
716 4894 774 4974 qai
798 4894 946 4955 iuercout
989 4897 1063 4976 pist.
1079 4896 1109 4958 a.
1125 4894 1181 4957 lib.
1197 4894 1228 4955 2.
1242 4900 1272 4954 et
1286 4891 1508 4954 Damascenam
1523 4885 1578 4947 lib.
1608 4885 1639 4948 l.
1662 4886 1702 4946 de
1723 4883 1796 4981 ilde,
1813 4903 1842 4949 c.

84 4988 206 5036 tramea
220 4972 557 5041 hominemhoiniem
574 4977 699 5041 Christi.
992 4979 1042 5041 tt.
1059 4978 1201 5040 modoad
1217 4976 1367 5037 actionem
1383 4967 1627 5045 discipulorum,
1650 4972 1683 5027 at
1697 4967 1856 5049 basiliam

126 5056 186 5119 Sed
204 5058 280 5118 lraec
296 5060 399 5133 omnia
414 5058 605 5132 tetsairivoia
618 5067 648 5123 et
659 5058 844 5139 ineptissima
857 5060 940 5130 sant3
989 5063 1045 5122 lih.
1062 5062 1234 5138 regulorum
1250 5058 1408 5121 moratium
1426 5099 1434 5115 .
1451 5050 1558 5130 liegai.
1574 5050 1625 5109 ιι.
1652 5054 1683 5109 ct
1698 5049 1842 5128 Cprillnm

86 5137 157 5197 liant
174 5140 204 5199 ia
221 5140 327 5217 primis
342 5140 450 5203 ialsum
467 5147 527 5214 esi,
543 5143 668 5206 Paulam
683 5142 840 5203 tradidisse
854 5154 941 5215 prae·
986 5144 1216 5205 alexandrinam
1232 5141 1286 5203 lib.
1306 5140 1355 5199 ia.
1372 5140 1403 5198 in
1429 5134 1516 5198 ioan.
1539 5150 1567 5195 c.
1584 5131 1636 5195 is.
1652 5131 1777 5193 Paulam
1789 5150 1841 5193 aa·

87 5226 212 5296 ceptam
230 5220 338 5284 Christi
356 5225 395 5285 de
410 5230 537 5301 utraque
553 5226 656 5303 specie
683 5225 837 5287 struenda
861 5220 939 5297 Quid
984 5227 1139 5289 temidem
1162 5232 1266 5285 niictor
1276 5222 1366 5282 docet
1377 5218 1492 5282 reicere
1506 5214 1698 5295 potissimam
1715 5214 1764 5275 illa
1777 5231 1842 5275 vcr-

85 5304 166 5365 enim
184 5306 352 5377 tradiderit,
371 5307 512 5385 explicat,
529 5325 597 5371 cam
615 5304 940 5384 aihQuouiamllomi·
985 5308 1023 5370 ha
1040 5310 1076 5368 nd
1093 5306 1243 5368 actionem
1258 5303 1490 5382 discipulorum.
1507 5298 1537 5359 id
1565 5298 1646 5375 qaod
1672 5312 1708 5359 cx
1738 5296 1840 5361 tarbis

85 5402 149 5447 ιιιιε
162 5384 264 5457 lesus,
280 5388 318 5450 iu
333 5405 399 5467 quo
412 5398 504 5453 uocis
520 5390 720 5461 tradebatur.
742 5388 857 5465 ademit
879 5403 936 5463 po·
986 5390 1189 5467 sequentibus
1211 5385 1374 5459 colligitur.
1391 5382 1655 5459 Quotiescumque
1668 5380 1843 5477 ‘cuimin-

84 5486 161 5531 uem
175 5474 233 5531 eto.
251 5470 301 5531 abi
317 5472 457 5536 ridemus
472 5474 546 5537 tradi
564 5473 719 5535 historiam
732 5474 770 5535 de
782 5469 937 5533 institutio·
984 5475 1061 5551 quit.
1076 5468 1317 5535 manducabitis
1329 5482 1451 5547 portem
1465 5464 1552 5527 hunc
1566 5470 1596 5525 et
1610 5461 1744 5525 culicem
1758 5462 1841 5525 bibe·

86 5566 125 5612 ue
140 5553 336 5625 sacramenti,
355 5570 415 5617 oon
431 5562 531 5619 notem
548 5561 745 5637 praeceptam
762 5555 801 5619 de
812 5558 938 5632 atraque
983 5559 1036 5624 tis,
1050 5562 1185 5618 mortem
1195 5552 1325 5615 Domini
1338 5545 1595 5612 annunciabitis.
1624 5544 1661 5605 Et
1685 5552 1840 5624 praetcrea

84 5634 191 5711 specie
206 5636 366 5698 sumenda.
982 5639 1065 5701 idem
1080 5638 1205 5717 planum
1217 5635 1283 5698 llari
1299 5638 1400 5712 potest
1428 5646 1464 5693 ex
1476 5628 1614 5691 instituto
1636 5633 1667 5689 et
1680 5628 1838 5709 proposito

127 5716 244 5780 beinde
258 5718 366 5782 laisum
383 5728 439 5799 est,
463 5722 587 5786 Paulam
615 5720 691 5785 nihil
718 5720 808 5785 tuisse
830 5732 937 5781 ausum
983 5722 1016 5785 b.
1034 5722 1130 5786 laeli.
1146 5716 1392 5799 liamtpostolas
1418 5730 1455 5779 eo
1472 5715 1540 5777 locu
1562 5710 1744 5775 emendabat
1759 5728 1841 5776 erro·
