4084 6275
826 341 920 400 cicun
943 342 1088 412 QUINTUS
1710 350 1760 414 ⁴8l

397 469 518 536 otior
541 471 589 535 vt.
971 483 1012 544 cit
1027 500 1098 547 eum
1114 499 1185 548 csse
1199 483 1392 550 sacerdotem
1405 484 1437 548 ιο
1450 486 1676 566 ιιιιιιιοιιι,οιιι
1688 488 1831 552 nimirum

970 569 1046 630 uuiti
1062 570 1262 638 successerit,
1278 575 1309 630 et
1322 569 1372 630 cui
1389 570 1492 631 nulius
1515 568 1628 632 dehent
1647 571 1830 642 succedere,

11 679 13 692 ·
148 713 149 718 .
970 667 1040 712 cum
1057 667 1180 729 semper
1193 653 1280 723 ciret,
1298 661 1329 715 ιι
1342 668 1412 713 curo
1424 652 1571 729 jurercrit
1590 652 1830 720 Deussacerdo·

11 743 12 764 ι
70 719 690 804 lnocisenuerumeocriliciwoofferri,
705 721 863 800 prodetur
878 741 921 788 eoa
971 733 1046 796 tium
1070 734 1169 813 ipsius
1187 752 1249 797 non
1271 751 1341 798 esse
1367 735 1545 796 mutandum
1570 742 1623 798 aut
1648 737 1830 800 transteren-

106 827 212 906 iilt‘tiw
226 828 406 892 testimonio
424 828 622 910 scripturae,
639 832 669 890 et
684 843 727 892 eac
741 811 922 894 redemptio
968 816 1041 880 dum
1057 817 1088 880 in
1104 819 1199 892 eliud,
1216 824 1249 879 ut
1263 816 1434 910 sacerdotio
1448 818 1571 912 levitico
1582 820 1724 894 ,contigit
1739 819 1776 882 id
1796 835 1829 882 e·

11 917 12 928 ’
106 913 342 994 Metellinam,
969 899 1033 960 nim
1049 900 1160 963 Paulus
1175 901 1283 979 probet
1297 917 1334 963 ex
1349 900 1412 962 ittrs
1426 899 1529 962 uerbis
1543 901 1622 979 psol.
1641 900 1712 964 tite.
1734 903 1829 966 loro·

971 983 1016 1044 cit
1032 984 1188 1047 Dominus
1212 990 1243 1046 et
1255 1001 1326 1047 non
1337 982 1512 1061 poenitebit
1526 998 1612 1057 enm,
1629 991 1666 1047 tu
1681 1001 1714 1047 ee
1724 998 1830 1048 eucer-

457 1121 459 1128 .
968 1065 1336 1130 desinueternometc.
1353 1065 1481 1138 Quodsi
1498 1067 1830 1131 secerdotiumchristi

105 1145 190 1208 Nunc
205 1147 328 1208 tandem
345 1147 383 1210 ed
398 1154 577 1230 argumenta
593 1165 648 1228 pre
660 1148 786 1213 ueritate
799 1149 924 1213 venicu-
968 1149 1056 1211 durat
1071 1167 1170 1229 usquc
1185 1150 1222 1212 ed
1239 1150 1343 1211 mundi
1359 1149 1656 1212 consummetionem
1671 1150 1727 1229 (id
1747 1152 1831 1214 enim

69 1229 273 1291 domestic
296 1232 427 1308 primum
448 1233 625 1294 adferemus
646 1231 820 1295 testimonia
844 1233 923 1296 Scri·
968 1231 1122 1311 Scriptura
1145 1240 1304 1295 aeternum
1325 1237 1411 1293 cocat
1433 1233 1492 1292 hoc
1513 1232 1593 1305 ioco,
1616 1236 1651 1294 ut
1671 1241 1831 1308 exponunt

67 1313 311 1392 pturarum.Tum
327 1320 463 1375 veterum
476 1315 924 1378 PetrumPostremoretioncs.
967 1311 1132 1378 hnsetmus
1148 1322 1178 1378 ei
1193 1315 1439 1394 theophylactus
1455 1316 1486 1376 in
1501 1331 1570 1392 cap.
1592 1314 1623 1377 5.
1647 1317 1683 1376 ad
1706 1315 1831 1396 Hebr.)

67 1399 157 1456 lic-ex
171 1395 284 1458 diuinis
300 1397 395 1458 literis
410 1397 543 1474 primum
556 1399 657 1459 iocum
679 1396 874 1470 obtinebunt,
890 1399 924 1460 o·
968 1399 1098 1468 certent
1111 1396 1254 1460 secrillcii
1272 1401 1348 1460 ritus
1363 1399 1473 1459 durore
1486 1397 1653 1474 dehet3nisi
1666 1398 1743 1460 torte
1755 1399 1832 1462 ctio·

66 1493 156 1556 gorne
172 1475 358 1540 Testamenti
377 1479 839 1550 veteris.Secundum,retieinie
855 1495 924 1557 pro·
968 1495 1036 1542 sum
1063 1482 1155 1544 hahet
1180 1480 1318 1545 Christus
1342 1480 1563 1543 secerdotium.
1588 1480 1626 1542 dt
1646 1481 1832 1544 sueriilcium

68 1563 236 1637 pictorum.
255 1562 578 1629 tertiumtestimonie
601 1579 639 1624 ex
654 1562 924 1642 euangelioilunr·
967 1563 1070 1626 crucis
1085 1565 1183 1627 semel
1201 1571 1315 1624 tantmn
1333 1569 1489 1643 peractum
1506 1569 1566 1635 est,
1583 1579 1641 1625 nec
1655 1567 1754 1640 repeti
1770 1581 1832 1626 eru·

69 1651 138 1712 tam,
155 1659 191 1704 ιι
207 1644 287 1706 actis
302 1647 524 1723 apostolorum.
541 1647 701 1724 Quintum,
725 1662 762 1707 ιιι
783 1645 924 1724 epistolis
968 1647 1051 1724 plius
1067 1654 1178 1727 petest,
1197 1664 1265 1708 eum
1286 1645 1425 1709 Christus
1439 1648 1515 1707 mori
1529 1644 1592 1724 jem
1608 1653 1833 1726 nequentccrgo

65 1726 95 1788 b.
112 1725 205 1787 lauti.
615 1789 618 1796 ,
968 1731 1051 1792 eliud
1068 1730 1254 1793 sacrificium
1270 1745 1340 1792 esse
1356 1735 1487 1807 oportet,
1501 1727 1583 1807 quod
1594 1728 1710 1808 jugiter
1721 1727 1831 1792 offere·

101 1808 233 1870 Primum
249 1807 343 1888 igitur
358 1810 567 1874 testimonium
589 1810 764 1890 scripturae
786 1809 825 1871 sit
847 1810 923 1874 iliud
968 1817 1029 1887 tur;
1046 1829 1103 1875 nec
1119 1813 1201 1875 enim
1217 1813 1363 1875 sacerdos
1378 1811 1438 1873 dici
1455 1816 1566 1890 potest,
1583 1812 1635 1891 qui
1648 1812 1768 1873 nullum
1779 1812 1834 1872 he·

63 1890 464 1956 GenestiMclehieedech
473 1910 535 1956 ren
544 1893 651 1956 Soleae
660 1892 794 1973 protadii
803 1909 923 1971 ponem
967 1895 1019 1957 bet
1033 1895 1221 1960 sacrihcium
1236 1895 1318 1974 quod
1333 1893 1451 1957 oiierat.
1474 1895 1643 1958 Admitterc
1664 1895 1757 1973 igitur
1778 1910 1839 1956 ne.

11 2007 12 2014 .
63 1979 91 2034 et
102 1974 230 2036 circuni:
244 1983 314 2038 erut
326 1977 574 2040 ccimeacerdos
585 1975 644 2038 Mei
657 1977 819 2040 altissimi.
836 1977 924 2038 Hune
968 1992 1059 2041 cesse
1075 1985 1124 2040 est
1136 1981 1168 2041 in
1185 1979 1324 2041 licclesia
1340 1993 1440 2038 rorem
1457 1975 1650 2039 sacriticundi
1664 1977 1830 2050 actionem,

11 2068 12 2103 ι
65 2059 161 2116 locum
178 2058 215 2116 ed
234 2055 389 2120 Christum
404 2057 444 2120 ite
459 2059 596 2124 rcterunt
610 2059 704 2122 linrid
720 2060 800 2138 psal.
818 2060 923 2122 tollet
968 2077 1048 2138 uriae
1064 2061 1186 2125 Christo
1200 2077 1322 2124 summo
1337 2059 1489 2122 secerdoti
1505 2075 1562 2137 per
1576 2059 1735 2122 ministros
1756 2075 1833 2122 suos

11 2157 13 2186 ι
67 2139 173 2200 Paulus
187 2138 286 2202 Hebe.
303 2141 333 2202 i.
350 2147 383 2202 ut
399 2157 460 2204 non
476 2141 872 2206 dieentMelchiscdechum
889 2143 923 2205 li-
968 2143 1153 2208 tribuentur:
1170 2144 1270 2223 qualis
1285 2149 1369 2205 certe
1384 2142 1463 2202 ectio
1478 2142 1561 2205 nulle
1576 2142 1645 2218 erit,
1665 2143 1692 2204 si
1718 2141 1832 2205 missac

11 2255 12 2272 ι
65 2238 165 2298 puram
183 2228 301 2285 tantum
315 2221 429 2286 Christi
444 2226 594 2306 gessisse,
611 2222 799 2304 quodetiam
815 2227 853 2286 de
868 2226 921 2286 ha·
968 2225 1488 2290 sacrificiumeuicreturemedio.
1597 2225 1600 2229 '

11 2317 14 2342 ι
66 2319 135 2365 ιοοι
151 2303 211 2366 diei
228 2307 392 2383 potuisset,
408 2309 463 2370 sed
477 2307 631 2370 Christum
644 2307 923 2372 sacerdotemluis·
1007 2310 1168 2373 Praeterea
1183 2308 1379 2373 antechristi
1395 2305 1650 2385 incarnationem3
1663 2307 1734 2383 unia
1746 2306 1832 2370 Chri·

11 2395 13 2470 t
65 2401 95 2447 se
111 2388 283 2449 secundum
295 2390 436 2453 ordinem
448 2390 724 2462 Melchisedechpt
736 2405 796 2452 non
810 2407 922 2454 secun·
967 2398 1036 2456 stus
1051 2395 1152 2471 reipsa
1170 2394 1306 2454 nondum
1323 2397 1387 2454 eret
1402 2390 1549 2453 sacerdos
1564 2391 1785 2470 tsacecdetium
1801 2407 1835 2452 e·

11 2481 14 2506 t
65 2469 131 2530 dum
147 2469 286 2531 ordinem
303 2473 439 2543 heronis,
458 2480 489 2535 ut
503 2479 607 2552 aperte
622 2473 731 2535 scribit
745 2473 867 2535 Paulus.
967 2475 1030 2537 nim
1046 2474 1167 2538 Christo
1182 2475 1336 2547 conuenit,
1355 2479 1386 2536 ut
1401 2475 1502 2536 minor
1515 2479 1562 2535 esi
1575 2473 1673 2544 Petro,
1686 2480 1718 2534 ιι
1730 2473 1832 2549 proin·

11 2573 13 2590 ·
103 2551 191 2612 Porro
208 2551 399 2616 differentiae
413 2556 576 2618 duaesunt
587 2556 666 2619 iuter
677 2556 740 2617 duo
755 2555 805 2616 ille
820 2571 920 2618 secer·
967 2557 1006 2618 de
1019 2566 1051 2621 ut
1065 2560 1159 2621 home
1175 2564 1233 2626 cst,
1251 2575 1311 2619 non
1328 2562 1361 2619 ut
1376 2556 1456 2618 licus
1471 2562 1529 2628 cst,
1542 2562 1576 2617 ιιι
1588 2555 1780 2635 Augustinus
1788 2561 1831 2617 ct·

11 2643 14 2686 ι
67 2633 155 2696 dotia.
171 2651 210 2698 cx
226 2637 338 2714 quihus
354 2639 414 2700 duo
429 2645 605 2719 rgrrmcnta
624 2638 684 2717 peti
704 2644 845 2716 possunt.
860 2637 922 2699 Pri·
967 2639 1833 2719 tamentationem.toe.tntttud:tocseaccrdostn

11 2733 13 2768 ι
67 2733 109 2776 nra
126 2725 154 2778 et
171 2718 328 2794 potissima
344 2719 515 2782 diderentie
542 2723 641 2800 posite
668 2725 716 2784 est
741 2718 772 2782 in
797 2723 922 2782 externe
967 2725 1151 2801 ueternum)
1167 2741 1227 2784 nun
1241 2728 1363 2801 poterat
1377 2737 1484 2801 perse
1499 2721 1683 2784 sacrificium
1706 2719 1830 2783 offerre:

11 2811 13 2854 l
66 2800 167 2876 specio
183 2801 336 2863 secriircii.
353 2803 422 2864 iiam
437 2806 557 2866 etiamsi
574 2804 674 2866 omnin
697 2801 845 2866 sacritieia
872 2819 920 2864 re·
967 2811 1067 2868 temen
1083 2814 1118 2867 ιιι
1132 2806 1222 2867 οιῑοιο
1238 2822 1275 2866 ιο
1292 2813 1431 2882 ternpore
1446 2805 1592 2868 secordes
1608 2803 1668 2866 dici
1680 2799 1834 2881 possct‚et

11 2903 13 2932 ι
66 2889 158 2943 terum
176 2885 400 2947 conveniebant
414 2886 444 2946 in
461 2902 494 2948 re
509 2886 689 2966 significata.
705 2903 774 2948 cum
787 2887 920 2948 eundem
969 2896 1066 2957 esset.
1083 2889 1152 2967 ipse
1167 2905 1249 2951 unus
1263 2887 1302 2948 eb
1318 2887 1406 2950 initio
1422 2887 1545 2959 mundi.
1558 2903 1659 2966 usque
1681 2893 1716 2946 nd
1740 2887 1834 2948 sineru

11 2977 14 3018 ι
64 2965 214 3025 christum
232 2967 409 3029 crucifixum
424 2969 642 3046 significarent:
663 2977 763 3030 temen
776 2969 808 3030 in
822 2969 921 3046 signis
967 2984 1109 3034 summus
1122 2973 1282 3045 secerdos;
1299 2987 1336 3031 en
1352 2969 1443 3031 modo
1472 2986 1533 3048 quo
1560 2973 1689 3046 poterat.
1717 2968 1833 3030 sacrifi·

11 3063 13 3102 l
66 3049 179 3108 diuersa
218 3056 316 3110 crant:
344 3051 492 3114 secrihcia
516 3049 600 3114 enim
625 3052 770 3114 toronice
796 3059 921 3113 eruenta
968 3053 1225 3119 eiumoii'erchat.
1257 3053 1398 3115 nimirum
1415 3069 1471 3130 per
1486 3058 1575 3131 typos
1597 3057 1628 3113 ιι
1648 3049 1774 3129 liguros.
1796 3049 1835 3112 itt

11 3144 14 3187 t
65 3138 157 3204 crient,
175 3136 205 3193 ct
220 3133 278 3193 suh
294 3132 398 3211 specie
414 3134 609 3197 enimentium
626 3136 811 3210 occisorum,
836 3133 920 3198 Chri·
966 3136 1048 3201 enirn
1064 3136 1327 3211 omniesacritteie
1344 3143 1443 3199 cetere
1457 3135 1574 3211 figurae
1590 3141 1676 3196 eram
1690 3132 1834 3195 sacrificii

11 3234 14 3269 l
66 3217 98 3271 eti
116 3221 242 3277 mortem
257 3216 539 3297 repraesentabant:
553 3218 793 3281 Melchisedechi
806 3217 919 3281 sacriti-
967 3224 1082 3293 erucis‚
1100 3227 1131 3283 ιι
1144 3223 1176 3283 in
1192 3221 1338 3282 omnihus
1355 3220 1415 3279 iliis
1432 3219 1565 3280 uictimis
1577 3218 1644 3296 ipse
1657 3216 1836 3278 immacule-

11 3294 14 3353 l
67 3298 141 3355 cium
160 3298 355 3361 incruentum
372 3300 437 3371 luit,
452 3308 482 3362 ct
497 3302 555 3363 suh
571 3301 678 3380 specie
693 3300 781 3379 panis
810 3306 841 3363 et
859 3300 920 3363 riui
965 3310 1015 3367 tus
1031 3319 1129 3382 agnus
1145 3303 1245 3384 typice
1261 3302 1461 3377 mactabatur3
1478 3302 1560 3363 unde
1576 3301 1607 3361 in
1623 3299 1748 3380 dpocei.
1761 3316 1834 3377 cap.

66 3378 203 3453 ejusdem
227 3380 339 3443 Christi
365 3400 478 3463 corpus
503 3391 534 3446 et
560 3384 742 3465 sauguinem
767 3382 920 3463 figurarit.
967 3387 1016 3449 tt.
1033 3386 1259 3465 dicituregnus
1280 3384 1404 3447 occisus
1428 3386 1467 3445 eh
1492 3382 1613 3463 origine
1640 3382 1758 3442 mundi:
1786 3383 1833 3444 sio

11 3476 13 3519 ι
66 3459 157 3530 Quare
175 3464 200 3523 si
218 3462 357 3527 Christus
372 3466 518 3530 sacerdos
534 3474 582 3529 cst
595 3466 766 3530 seeundum
782 3466 921 3529 ordinem
966 3484 1079 3550 omncs
1091 3464 1153 3531 titis
1165 3466 1420 3545 secerdotes‚typi
1435 3465 1559 3544 quidem
1575 3464 1685 3526 Christi
1701 3470 1835 3533 croniet

11 3560 13 3599 l
65 3540 336 3614 Melchisedechct
348 3566 408 3611 non
423 3548 923 3623 daronis‚saeritieiuminstituere
967 3552 997 3613 in
1014 3550 1160 3617 omnihus
1175 3549 1423 3613 sacriticantibus
1438 3550 1506 3625 ipse
1521 3547 1725 3611 secrisscahet.
1745 3546 1834 3619 Quod

11 3646 13 3683 i
65 3626 164 3687 debuit
181 3629 389 3701 incruentum,
407 3638 437 3693 ιι
451 3633 510 3695 sub
526 3633 631 3711 specie
647 3632 733 3709 penis
753 3638 783 3693 ιι
797 3631 870 3703 vini,
892 3638 925 3693 ut
966 3634 991 3696 si
1009 3642 1133 3711 propter
1147 3633 1310 3695 sacerdotii
1333 3632 1556 3703 aeternitatem,
1581 3630 1720 3692 Christus
1741 3631 1835 3691 etiam

11 3726 13 3767 i
66 3706 198 3770 Ecclesia
216 3713 367 3776 catholica
385 3721 467 3791 reete
483 3716 565 3776 enuit
580 3716 610 3775 in
623 3714 762 3792 vesperis
775 3711 843 3774 iusti
857 3730 923 3775 cor·
965 3725 1035 3779 ente
1052 3716 1294 3779 incarnationem
1310 3730 1347 3777 co
1361 3714 1533 3792 modoque
1555 3711 1834 3792 poteratsacerdo·

11 3808 12 3847 t
66 3794 144 3869 proris
158 3793 292 3856 Domini:
310 3794 467 3860 Sacerdos
481 3799 699 3861 inueternune
712 3796 852 3859 Christus
864 3794 923 3857 Do·
968 3800 1008 3862 tio
1024 3799 1219 3880 lungebetur,
1236 3805 1351 3876 quanto
1368 3796 1465 3874 magis
1481 3803 1552 3873 post
1573 3795 1831 3863 incarnationem.

11 3890 13 3929 ι
66 3874 365 3941 miriuseecnorlnne
383 3881 531 3944 ordinem
554 3878 783 3941 Melchisedech
801 3894 923 3957 ponem
965 3882 1088 3960 quando
1104 3883 1206 3957 reipsa
1222 3898 1237 3941 a
1255 3879 1503 3943 eatresaccrdos
1526 3878 1698 3957 appellatus
1720 3883 1778 3951 cst,
1802 3883 1834 3939 ιι

11 3974 13 4013 l
66 3963 91 4016 ct
104 3959 216 4021 uintrrn
231 3960 357 4024 obtulit.
377 3964 462 4038 Quod
480 3965 505 4025 si
524 3978 561 4030 et
575 3962 602 4023 ιι
625 3962 789 4025 sacerdotii
811 3978 923 4023 secun·
965 3965 1112 4027 sacerdos
1124 3965 1193 4026 sine
1205 3977 1467 4032 successorenon
1481 3960 1686 4037 ceterosque
1698 3958 1832 4020 edmon-

11 4054 13 4097 ι
66 4038 130 4099 dum
143 4044 285 4106 ordinem
299 4045 526 4109 Melchisedech
542 4062 601 4107 non
616 4052 699 4107 corto
712 4043 920 4122 colligeretur,
966 4046 995 4107 di
1012 4046 1308 4109 consummationem
1321 4046 1359 4107 ab
1372 4042 1678 4107 oillciosecriflceudi
1691 4043 1833 4103 cessare?

11 4144 13 4183 ι
65 4128 187 4185 atcerte
203 4128 370 4207 colligitur,
396 4128 548 4194 Christum
574 4127 749 4190 sacrificare
774 4126 922 4189 debuisse
966 4145 1115 4209 qrrcrsum
1130 4130 1212 4191 enirn
1228 4127 1434 4192 secerdotium
1456 4126 1542 4188 illius
1563 4129 1667 4189 menet
1690 4124 1716 4187 si
1743 4140 1833 4187 uum·

11 4226 13 4261 l
66 4204 186 4267 hostiam
204 4210 233 4269 in
251 4212 357 4287 specie
373 4212 462 4290 panis
477 4218 508 4274 et
522 4210 597 4287 rini3
621 4209 650 4272 id
674 4216 774 4271 temen
797 4210 921 4287 collige·
965 4228 1056 4292 quam
1072 4213 1224 4291 deinceps
1239 4209 1415 4275 sacriticerc
1430 4208 1541 4273 debet?

67 4290 141 4349 retur
156 4305 192 4351 er
208 4293 235 4352 ri
254 4294 316 4373 typi
334 4300 364 4355 et
379 4294 579 4371 ligureeMuit
596 4293 678 4355 enim
691 4290 921 4355 Melchisedech
1006 4295 1048 4357 td
1061 4295 1139 4358 haec
1150 4300 1329 4373 argumenta
1341 4291 1507 4355 adversarii
1520 4290 1833 4368 respondereccnen·

11 4384 15 4427 ι
66 4368 94 4428 ιο
108 4369 156 4432 ilie
170 4376 367 4437 caeremonia
386 4378 474 4453 penis
489 4384 519 4439 ct
534 4375 607 4449 uini,
623 4376 718 4453 ligura
736 4373 920 4435 manifestis·
967 4382 1026 4438 tur.
1044 4376 1201 4456 Siquidem
1219 4377 1362 4446 Celticus
1377 4375 1605 4437 lilt.l.1nsiitut.
1621 4390 1689 4452 cep.
1706 4370 1783 4451 illi
1799 4371 1831 4434 2.

11 4470 13 4509 ι
66 4452 145 4525 sima,
161 4472 318 4520 consensu
334 4458 467 4529 Petrum,
485 4474 577 4538 quem
593 4459 684 4534 paulo
710 4464 779 4536 post
803 4456 921 4518 adiere·
967 4467 996 4521 ιι
1011 4460 1186 4521 hemnitius
1200 4459 1231 4520 in
1246 4459 1278 4521 2.
1296 4476 1361 4539 per.
1378 4474 1478 4520 enum.
1494 4474 1573 4537 pag.»
1584 4454 1655 4518 ito.
1668 4461 1699 4517 et
1712 4453 1786 4516 iti.
1802 4460 1834 4517 et

11 4552 14 4595 ι
67 4548 136 4603 mus,
153 4536 264 4603 Christi
282 4549 506 4603 sacramentum
527 4538 736 4601 Muciieristiac
758 4538 922 4600 instituen·
967 4542 1017 4603 alii
1033 4544 1064 4603 in
1082 4542 1289 4619 expositione.
1302 4546 1527 4621 quamroceuh
1543 4536 1834 4602 ecelesiastieemin

11 4636 14 4675 l
67 4616 100 4673 tis
114 4617 144 4680 in
159 4638 239 4697 pane
256 4630 288 4685 et
303 4623 449 4687 rino.Sed
464 4622 693 4705 Melchisedech
707 4638 819 4699 panem
836 4628 864 4681 et
879 4621 921 4681 ri·
966 4624 1160 4692 dencstmet
1174 4625 1282 4687 Petrus
1298 4631 1411 4704 martyr
1425 4624 1456 4684 in
1473 4638 1542 4700 eep.
1559 4621 1591 4684 5.
1608 4621 1638 4683 t.
1655 4620 1692 4681 ed
1708 4618 1833 4681 coned-

11 4716 15 4759 r
68 4714 132 4761 rium
148 4704 271 4769 obtulit.
288 4713 320 4767 ut
335 4708 482 4771 sacerdos
498 4707 550 4768 liei
566 4705 718 4777 altissimi,
731 4721 768 4765 ec
791 4703 920 4781 proinde
967 4707 1087 4769 mittunt
1101 4707 1334 4771 Melchisedech
1345 4708 1541 4783 ,sacerdotem
1557 4703 1666 4774 tuisse,
1679 4700 1833 4765 etcdristi

11 4800 15 4841 ι
68 4796 131 4844 rere
146 4787 338 4862 sacrificauit,
355 4790 448 4867 igitur
463 4796 491 4851 ct
509 4789 646 4853 dinisius
671 4787 702 4848 in
729 4786 920 4847 institutione
968 4796 1072 4869 typum
1088 4790 1296 4864 cessissegsed
1313 4795 1427 4869 negent
1440 4804 1551 4864 penem
1578 4792 1609 4848 ιι
1622 4787 1725 4846 einum
1741 4785 1779 4845 ab
1794 4800 1833 4846 eo

11 4886 16 4925 r
67 4862 276 4939 laciniosum,
292 4872 487 4939 utsacerdos
502 4872 574 4951 cpit,
592 4876 622 4932 et
638 4885 708 4931 rere
728 4867 919 4940 sacrificavit,
967 4872 998 4933 in
1014 4872 1199 4937 sucrificium
1216 4872 1280 4934 lico
1295 4871 1392 4935 inisse
1407 4869 1562 4934 oblateMi
1575 4868 1649 4931 inde
1667 4867 1829 4946 coliigunt.

11 4966 16 5009 ι
67 4947 170 5027 alioqui
186 4970 245 5013 non
262 4961 369 5016 exacte
385 4955 515 5033 figuram
531 4954 612 5015 ittam
630 4953 836 5029 implevisset.
966 4956 1172 5019 sacerdotium
1195 4954 1306 5017 Christi
1332 4972 1393 5017 non
1420 4954 1591 5016 consistere
1617 4951 1651 5012 in
1675 4949 1831 5012 oblatione

11 5047 17 5091 ι
102 5028 828 5105 Mstetianraliedifferentiainterserendotium
845 5034 917 5095 Mel·
966 5038 1195 5113 paciscendi,
1224 5042 1255 5100 et
1278 5043 1379 5099 temen
1405 5032 1664 5099 essesceundum
1688 5031 1831 5109 ordinem

11 5132 17 5177 ι
69 5108 235 5181 chisedechi
250 5125 282 5184 et
297 5121 521 5200 heronis3quod
536 5120 611 5181 iliud
628 5119 682 5181 luit
697 5117 790 5180 unius
803 5122 918 5179 tantum
964 5120 1420 5183 Melchisedech:aeternitaten
1436 5133 1559 5197 quoque
1575 5116 1716 5197 ejusdem
1728 5129 1830 5175 sacer·

11 5208 18 5261 ι
69 5191 205 5267 hominis.
220 5202 272 5280 qui
289 5217 347 5264 nee
362 5205 516 5266 successit
529 5202 628 5274 alteri,
646 5208 676 5265 ct
690 5202 739 5263 eui
761 5216 822 5263 non
849 5214 918 5261 suc·
965 5203 1039 5265 dolii
1056 5203 1180 5271 christi,
1196 5218 1258 5265 non
1274 5202 1305 5263 iu
1321 5217 1360 5263 ιο
1375 5200 1506 5280 positam
1522 5216 1604 5274 esse,
1622 5196 1705 5278 quod
1728 5212 1829 5274 usque

13 5296 19 5337 ι
71 5274 254 5361 cesenaten
272 5284 354 5347 istud
375 5293 476 5347 autem
501 5286 557 5347 iuit
580 5284 759 5356 multorum,
785 5282 837 5359 uui
864 5298 919 5359 pcr
964 5286 1003 5348 ad
1020 5286 1126 5347 mnudi
1139 5286 1434 5347 consummationem
1447 5283 1478 5344 in
1490 5282 1629 5345 Ecclesia
1641 5277 1828 5342 sacrificium

11 5362 19 5427 t
72 5366 187 5425 nortem
203 5366 262 5429 sibi
280 5367 410 5431 inuicem
427 5367 647 5431 succedebant.
665 5366 760 5443 Quam
774 5363 916 5427 diticreo·
963 5368 995 5430 in
1011 5369 1118 5445 specie
1133 5366 1224 5445 penis
1238 5374 1268 5426 et
1282 5367 1343 5430 cini
1359 5365 1490 5429 Domino
1505 5364 1660 5426 niteretur.

11 5460 19 5511 ι
73 5440 133 5504 tiam
146 5446 309 5525 Apostolus
323 5452 520 5529 persequitur
534 5448 743 5512 Hebr.i.ubi
758 5445 831 5509 dicit
844 5447 918 5509 Mei·
1004 5449 1101 5523 Quem
1115 5450 1300 5513 solutionem
1327 5456 1360 5512 ut
1383 5446 1740 5515 accurateretcttemus,
1768 5459 1827 5508 noe

11 5532 20 5609 ‘f
71 5522 277 5593 chisedechum
293 5532 387 5597 luisse
402 5534 470 5596 sine
487 5532 655 5613 prenestae
671 5520 848 5601 metre,'siue
863 5546 916 5610 ge·
962 5533 1062 5609 primo
1077 5531 1289 5612 expendemus
1303 5538 1419 5595 textum
1434 5527 1758 5594 Geneseessiecundo
1772 5528 1825 5590 ed·

11 5625 21 5679 p
71 5610 209 5690 ricuiogia,
226 5630 325 5693 neque
341 5616 460 5679 initium
477 5617 595 5679 dierum
612 5629 713 5692 neque
728 5612 820 5674 tinem
837 5614 914 5676 vino
960 5616 1112 5679 ducemus
1126 5630 1314 5678 consensum
1329 5616 1461 5689 Petrum,
1477 5613 1530 5693 qui
1549 5613 1663 5675 diserte
1684 5610 1827 5673 scribunt

71 5684 233 5761 habentem:
250 5705 279 5761 et
295 5698 345 5763 iile
362 5701 463 5764 omnia
480 5700 516 5763 ad
531 5698 682 5765 Christum
694 5696 856 5779 applicans
867 5697 913 5761 di·
960 5696 1190 5765 Melchisedech
1206 5696 1357 5763 obtulisse
1371 5699 1434 5763 lico
1446 5712 1558 5778 penem
1573 5702 1603 5762 ct
1617 5696 1731 5774 riuum,
1750 5702 1782 5761 ιι
1794 5693 1829 5757 in
