4084 6275
652 1210 655 1222 ·
752 1136 904 1263 arnon
933 1172 1150 1261 nunnus
1247 1186 1250 1191 ¹

320 1606 378 1727 iti
419 1602 652 1725 iiiiiiii
696 1594 929 1723 titionis
971 1602 1144 1726 beotii
1177 1602 1234 1722 ti
1275 1594 1630 1723 1111111111

213 1780 220 1789 a

358 2986 474 3053 (111111
488 2986 644 3053 batnon.
975 2989 1037 3056 bos
1049 2990 1189 3054 eatboiiei
1206 2988 1336 3070 probant
1351 2986 1415 3051 ilari
1437 3000 1542 3067 posse,
1560 2990 1592 3048 ut
1606 3000 1702 3049 unum
1718 3000 1837 3069 eorpus

977 3075 1059 3138 sitin
1075 3076 1197 3139 duobus
1212 3072 1299 3146 tonis,
1316 3072 1363 3135 roi
1378 3085 1439 3133 non
1460 3074 1592 3150 oooupat
1615 3069 1730 3132 ionum.
1747 3068 1840 3133 Strui-¹

976 3160 1016 3221 iia
1033 3159 1125 3222 babet
1145 3157 1253 3220 Petrus
1265 3161 1376 3235 martyr
1390 3155 1469 3217 libro
1484 3159 1588 3217 uentre
1616 3151 1840 3223 (taediosorum,

112 3237 313 3321 proponam
326 3239 493 3321 poeto:
512 3238 786 3320 repostum,
811 3245 932 3304 ocor·
978 3241 1094 3320 objeci.
1112 3241 1162 3302 ro.
1176 3242 1227 3303 ιι.
1243 3246 1275 3302 ιι
1289 3239 1339 3302 ra.
1356 3244 1386 3300 or
1411 3235 1482 3298 roo.
1499 3242 1530 3298 oa
1557 3235 1738 3298 rossanus
1759 3235 1835 3298 eota

149 3359 215 3426 titii
232 3341 511 3423 Gittt‘tit'prooseos
523 3343 789 3410 coaptamini-{p
803 3345 933 3412 puppa.
980 3325 1011 3386 in
1024 3325 1103 3386 libro
1118 3324 1158 3386 da
1173 3337 1269 3386 onena
1293 3319 1415 3384 Domini
1431 3325 1535 3382 oontra
1551 3317 1774 3397 Wastpbalom.
1791 3317 1846 3380 Ca·

978 3407 1085 3470 tboiioi
1103 3411 1209 3468 contra
1223 3409 1308 3466 uario
1323 3403 1463 3474 eredunt,
1480 3401 1511 3463 id
1527 3400 1594 3464 fieri
1607 3401 1758 3480 patuisse.

1019 3485 1510 3558 rresautomsumdiffiouitatas
1532 3485 1562 3546 in
1593 3484 1707 3562 quibus
1737 3484 1775 3543 ab
1792 3482 1846 3544 ad·

977 3570 1123 3634 versariis
1137 3567 1352 3634 dissentimus.
1364 3567 1440 3641 Una,
1458 3583 1496 3628 an
1513 3564 1613 3645 possit
1624 3581 1718 3628 onom
1734 3579 1846 3644 corpus

108 3643 539 3720 haereditandorum
553 3645 676 3710 Petrum
689 3645 853 3710 sententiis
872 3648 935 3712 dis·
978 3655 1053 3733 poni
1070 3654 1166 3716 simui
1182 3653 1213 3714 in
1229 3651 1360 3714 diuersis
1375 3649 1464 3712 tonis.
1481 3649 1589 3722 titana.
1609 3663 1648 3710 an
1662 3641 1763 3727 possit
1777 3663 1845 3709 oor·

63 3727 405 3806 putarimnsbaetenus
415 3729 656 3792 aonborersiam
678 3729 718 3792 da
728 3729 856 3794 veritato
867 3747 935 3795 oor·
980 3753 1040 3816 pus
1055 3735 1170 3798 alieubi
1186 3749 1259 3798 asso
1274 3749 1336 3795 non
1351 3732 1532 3810 oooupando
1543 3731 1692 3809 tooum3et
1703 3731 1761 3792 baa
1775 3737 1848 3792 sunt

66 3809 157 3890 poris
170 3810 291 3873 Domini
306 3809 338 3871 in
352 3816 546 3876 saoramsnto
559 3811 679 3874 aitaris:
709 3814 854 3876 nuno'ad
869 3814 935 3893 pie·
978 3819 1156 3881 nobis-aum
1171 3817 1248 3880 sotis
1270 3813 1524 3878 Sacramentariis
1543 3860 1551 3886 ‚
1574 3827 1636 3874 non
1659 3819 1847 3875 autemeam

66 3908 143 3955 nam
157 3891 348 3972 quaestionis
367 3892 462 3974 boias
482 3893 680 3972 granssimao
699 3894 936 3972 axptiostionam
979 3900 1175 3964 butbamnis.
1198 3899 1296 3962 tarto
1319 3903 1368 3959 est
1388 3898 1479 3959 etiam
1507 3911 1577 3957 oum
1601 3895 1784 3957 Luibaranis
1806 3895 1847 3956 do

63 3975 250 4056 tingamus,
284 3990 348 4037 non
368 3991 463 4054 possa
486 3993 525 4040 ex
537 3978 608 4040 soto
619 3976 714 4040 aerbo
727 3976 794 4053 Dei,
810 3984 863 4041 aut
876 3979 934 4042 Pa·'
979 3984 1083 4058 modo,
1101 3999 1163 4063 quo
1179 3997 1293 4061 corpus
1308 3979 1430 4042 Domini
1443 3978 1571 4057 iuoipiat
1587 3991 1658 4041 esse
1680 3977 1712 4039 in
1727 3977 1847 4042 Duobu-

65 4066 151 4121 trum
162 4057 503 4136 sententiisqoidqoam
514 4061 590 4122 certi
600 4059 704 4141 ootiigi
715 4058 851 4138 immabi
862 4077 935 4125 ooo·
977 4065 1075 4140 sistis,
1101 4065 1155 4128 ubi
1171 4065 1212 4128 da
1227 4061 1554 4126 transubstantiatione
1570 4057 1759 4122 tractabitur.

66 4143 198 4203 trariam
212 4140 336 4203 duobus
349 4141 563 4221 superioribus
575 4141 664 4204 tibris
674 4143 870 4222 apertissima
880 4145 936 4208 do·
1019 4148 1057 4211 111
1069 4148 1162 4230 igitur
1175 4147 1388 4228 quaestionum
1401 4145 1441 4207 de
1453 4141 1588 4224 potentia
1597 4142 1653 4205 Dei
1665 4143 1695 4204 in
1712 4143 1771 4204 boo
1782 4157 1847 4222 my·

66 4223 242 4303 enenmus)
254 4239 292 4286 aa
305 4222 558 4302 investigabimus
577 4222 696 4287 mione
716 4225 820 4306 adjuta
845 4226 936 4289 variis
977 4232 1074 4295 sterio
1089 4235 1192 4294 eontm
1209 4227 1469 4293 sacramentarios
1483 4227 1725 4304 disputemus‚ot
1736 4225 1847 4287 ordine

6 4330 10 4353 a
69 4306 237 4386 principiis
248 4305 417 4386 fideiquid
432 4307 554 4370 undam
569 4306 609 4370 de
623 4307 681 4369 bao
693 4323 729 4370 re
739 4308 936 4372 sentiendum
977 4329 1045 4377 rom
1059 4321 1151 4377 totam
1167 4312 1370 4390 expiioomus.
1386 4305 1486 4372 Primo
1497 4307 1845 4387 investigabimusqoae

48 4391 114 4451 *sit
128 4388 246 4451 bomini
260 4388 392 4468 sapienti
420 4394 453 4450 et
464 4389 530 4468 pio.
544 4388 707 4452 sedabitur
726 4396 828 4454 antem
843 4405 937 4470 qnae·
979 4397 1021 4460 sit
1034 4403 1115 4460 oarta
1129 4394 1236 4474 segnia
1251 4391 1461 4473 cognoscendi
1476 4391 1550 4469 qnid
1563 4389 1646 4454 Deos
1660 4389 1771 4472 possit.
1789 4387 1844 4452 Se·

71 4471 135 4533 stin
148 4479 209 4533 tota
224 4471 256 4534 in
270 4477 375 4549 partos
386 4469 476 4534 duas.
491 4471 625 4534 Primum
639 4471 723 4534 enim
737 4488 934 4553 quaeremus,
974 4479 1086 4542 eundo
1101 4475 1302 4557 probabimus
1316 4489 1411 4556 passe
1432 4475 1528 4536 Deum
1556 4471 1675 4548 iacere,
1701 4477 1736 4536 ut
1749 4487 1847 4534 unum

72 4571 113 4615 an
130 4553 360 4632 potueritDaus
373 4553 476 4633 reipsa
491 4569 639 4633 praesens
653 4554 800 4619 exhibere
822 4573 938 4635 aomos
981 4577 1098 4637 eorpus
1113 4560 1206 4623 simut
1220 4559 1260 4622 sit
1275 4561 1305 4620 ia
1321 4557 1452 4620 dirersis
1467 4555 1555 4618 ionis.
1572 4555 1676 4618 Tertio
1691 4554 1846 4618 solvemus

72 4644 105 4698 et
119 4635 306 4715 sormidam
320 4634 441 4699 Domini
454 4636 488 4699 in
500 4637 607 4716 speeie
617 4637 706 4717 panis
719 4642 752 4702 et
764 4638 937 4703 ainiDain·
978 4643 1173 4724 obieetionas
1183 4640 1552 4713 aduersariorumouarto
1563 4637 1763 4718 probabimus
1775 4651 1846 4714 pos·

73 4720 115 4781 de
129 4735 170 4780 an
185 4717 327 4782 adiuerit.
981 4743 1019 4790 sa
1032 4726 1130 4790 Daanr
1145 4725 1269 4799 faeere,
1297 4729 1334 4787 ot
1354 4738 1449 4785 onum
1476 4735 1590 4800 eorpus
1617 4719 1844 4783 indivisibiliter

115 4801 161 4864 Da
172 4801 269 4880 prima
281 4800 462 4879 qoaosbone
471 4799 608 4864 ioannes
619 4801 759 4866 wioiaius
772 4803 852 4883 apud
859 4804 937 4866 ibo·
979 4816 1113 4882 manant,
1126 4807 1167 4870 ita
1182 4813 1216 4870 at
1230 4808 1331 4872 ionum
1347 4821 1409 4871 non
1424 4803 1671 4884 repleatQuinto
1685 4805 1843 4866 satiemus

72 4901 156 4944 mam
170 4884 371 4958 waldensem,
393 4889 467 4959 tom.
495 4884 529 4947 2.
551 4901 622 4965 oap.
638 4883 690 4947 12.
706 4893 737 4948 et
752 4885 803 4948 13.
818 4892 852 4948 at
865 4893 935 4964 ejus
980 4891 1185 4973 objootiones.

73 4967 251 5045 disciputus
264 4965 549 5030 toannoscatvinus
561 4972 666 5048 aperto
677 4977 792 5046 nepam
801 4968 833 5030 id
844 4985 938 5046 possa

72 5050 156 5112 tiari.
173 5049 246 5112 iiam
260 5050 380 5114 etiamsi
394 5050 432 5112 nd
448 5048 592 5112 inuidiam
614 5050 827 5114 declinandam
843 5051 939 5115 Caini·
1329 5065 1448 5131 cpiam·
1462 5063 1504 5130 11,

74 5147 138 5196 nos
152 5131 201 5196 sie
214 5133 350 5211 innuitur
362 5131 420 5195 tib.
435 5132 468 5195 1.
482 5131 617 5195 institut.
628 5149 698 5211 eap.
715 5131 765 5197 11.
781 5133 799 5215 5
813 5134 940 5197 Mon

73 5213 443 5296 omentorpoonaao
453 5216 607 5294 potuerit,
622 5217 682 5279 sed
695 5216 938 5297 poidootoerit.
1069 5214 1158 5292 Quae
1171 5216 1212 5279 ait
1225 5216 1342 5296 reputa
1355 5213 1571 5294 eopnmeandi
1584 5210 1666 5294 quid
1678 5211 1763 5277 Deos

75 5300 206 5372 'tamem
219 5299 399 5377 paniainba
414 5298 462 5360 sio
475 5296 528 5358 ait:
543 5296 608 5361 cor
620 5298 803 5380 (inquirant)
813 5301 941 5378 nonio·
1349 5309 1462 5390 possit.

76 5382 146 5442 ciat
159 5379 255 5455 Dorta,
270 5386 394 5444 otooro
409 5381 524 5443 eodem
542 5381 665 5458 pluro,
686 5382 879 5462 diomoqoe
889 5399 941 5446 oo·

77 5463 275 5543 copatione,
289 5463 427 5526 otmdto
438 5463 507 5526 ioco
518 5464 735 5541 cononaotom
748 5470 787 5526 ot
799 5467 941 5536 oodoni
1025 5465 1139 5546 ltegota
1153 5462 1363 5544 aoguosuendi
1378 5461 1549 5544 quid-Deus
1562 5457 1682 5539 possit,
1699 5459 1749 5520 vei
1763 5459 1844 5523 sumi

76 5546 188 5624 spacia
201 5546 473 5619 oorootiineooo,
486 5545 942 5626 quidoDeipotontt‘oposto·
985 5554 1088 5630 potest
1098 5548 1136 5611 ab
1152 5547 1220 5627 ipso
1235 5547 1311 5620 Deo,
1334 5547 1373 5609 de
1387 5545 1479 5627 ooJos
1503 5543 1638 5624 potentia
1660 5539 1770 5622 agitur,
1794 5545 1841 5606 rel

79 5631 143 5702 tos,
158 5634 344 5692 otoomem
355 5629 458 5706 [odat
466 5629 567 5692 simoi
577 5645 655 5703 osso,
671 5634 781 5693 ainau
793 5645 942 5696 cameos·
986 5633 1027 5696 ab
1042 5631 1177 5708 uomina,
1193 5629 1246 5709 qui
1261 5646 1331 5692 eum
1346 5641 1536 5710 cognoscere
1550 5625 1705 5704 debebant
1720 5642 1736 5686 a
1749 5625 1844 5691 rebus

78 5715 177 5776 nam?
188 5711 228 5776 Et
241 5713 330 5790 inira,
344 5709 424 5784 tao.
437 5710 606 5793 respondet
619 5712 659 5776 ad
670 5719 858 5796 argumenta,
874 5714 941 5794 qui·
987 5715 1077 5796 ipsis,
1093 5729 1172 5794 quae
1186 5729 1243 5796 per
1254 5729 1321 5778 aam
1337 5711 1505 5794 potentiam
1519 5709 1608 5774 iiuat.

154 3448 263 3513 risit'o.
