4084 6275
802 407 806 414 ,
826 357 941 418 nilida
959 353 1081 414 raldus
1643 387 1648 405 ·
1732 357 1784 414 tae

66 505 106 554 ra
123 509 194 556 uon
208 490 459 556 nominatoleum
474 490 684 555 benedictum.
711 492 746 553 tt
771 508 827 556 nos
849 496 944 558 bubn-
988 505 1067 569 quae
1087 493 1213 570 propter
1236 490 1410 557 haereticos
1435 489 1532 572 magis
1557 491 1699 556 distincte
1724 493 1801 570 baec
1816 509 1848 556 n·

65 590 146 638 urus
164 576 367 649 metuentem,
382 575 436 653 qui
450 576 597 653 upnstelis
608 575 713 638 tribuit
723 577 890 639 doctrinam
902 580 942 641 do
988 573 1069 634 muln
1091 573 1317 652 explicuerunt,
1333 576 1364 638 in
1389 573 1543 656 Baptismo
1564 579 1688 638 materia
1710 591 1781 640 esse
1803 577 1848 639 di·

64 657 147 719 oleo
164 658 393 731 benedicendo,
410 657 465 719 lib.
480 656 511 721 8.
528 657 652 720 constit.
669 675 737 735 cap.
754 658 805 722 35.
818 661 941 723 etbasi·
986 662 1187 736 cunt-aquam
1201 657 1386 738 simplicem,
1414 673 1474 722 uec
1498 657 1613 721 addunt
1638 660 1845 722 benedictam:

61 737 165 813 lium,
186 742 238 824 qui
252 742 313 803 elei
329 740 578 803 benedictionem
593 744 792 818 apostolicam
808 745 942 806 traditio·
986 736 1017 798 in
1040 746 1172 801 extrema
1194 755 1267 804 rere
1288 741 1449 814 ductione,
1465 747 1498 803 ut
1522 742 1612 803 etiarn
1628 742 1660 804 in
1682 741 1851 805 Conilrma·

61 837 144 884 nem
161 841 237 887 esse
253 824 336 898 dicit,
354 824 408 886 lib.
424 821 464 885 de
478 823 592 901 Spiritu
607 830 716 887 sancto
741 841 809 903 cap.
835 827 887 888 27.
910 834 941 888 et
985 819 1198 895 ttonudnacnt
1212 838 1282 886 csse
1297 824 1400 888 oleum
1412 823 1610 903 abepiscopo
1622 831 1847 887 consecratum.

58 901 154 968 Beda
172 908 206 969 iu
222 925 290 987 cap.
307 905 464 975 ataaobt,
480 905 533 967 ubi
548 905 780 969 dicitlacobum
793 910 942 984 praeseri·
1026 903 1091 966 Jam
1107 921 1178 968 rare
1194 906 1301 979 torma,
1319 912 1391 968 sunt
1407 907 1455 968 illu
1473 906 1575 968 rerba:
1591 907 1652 970 Per
1663 910 1761 971 istum
1772 922 1848 970 sort·

55 983 144 1050 bere
161 993 268 1053 oleum
284 988 493 1052 benedictum.
510 987 546 1049 ltt
561 995 644 1052 certe
660 990 757 1068 magis
782 991 865 1053 credi
888 992 949 1055 de··
985 989 1072 1050 acm
1083 989 1283 1066 mentientem,
1300 994 1329 1052 ct
1342 1003 1439 1052 acum
1461 989 1645 1066 piissimam
1668 991 1847 1054 misericor·

56 1067 119 1130 bet
137 1073 244 1136 tribus
258 1072 389 1133 testibus
404 1069 636 1142 affirmantibus,
652 1088 744 1147 qoam
756 1073 883 1136 intinitis
894 1077 942 1137 ui·
984 1069 1263 1150 diem,a·nautpent
1276 1072 1334 1134 tibi
1348 1071 1431 1134 beta
1442 1072 1606 1152 quidquid
1617 1073 1783 1152 deliquisti
1791 1089 1849 1151 per

57 1151 106 1211 hil
124 1156 321 1218 dicentibus.
337 1153 425 1228 Quod
439 1158 540 1215 autem
554 1154 640 1215 Felix
654 1152 706 1216 tt.
727 1155 893 1219 instituerit
908 1174 940 1219 o·
982 1152 1849 1218 uramara.istamtnrmamtraduntconciliabaronti·
1930 1165 1934 1172 ’

57 1234 152 1298 leum
172 1238 375 1311 intirmorum,
392 1235 586 1298 mendacium
601 1251 674 1298 esse
699 1253 791 1316 supra
814 1239 941 1302 demon·
984 1249 1058 1295 num
1073 1242 1103 1297 et
1117 1237 1329 1310 tridentinum,
1347 1241 1378 1300 et
1392 1236 1596 1299 communiter
1611 1238 1806 1302 scholastici.

57 1321 249 1396 stravimus,
265 1323 357 1383 etiarn
372 1317 487 1381 Caluini
514 1323 546 1380 et
568 1317 881 1400 magdeburgensium
896 1329 942 1386 te·
1025 1317 1104 1378 sunt
1116 1322 1218 1383 aulem
1234 1319 1293 1382 hoc
1308 1319 1378 1384 iaco
1392 1319 1448 1382 tria
1465 1319 1712 1383 netandal’rimo
1724 1321 1773 1384 bis
1784 1337 1850 1382 ver·

58 1401 234 1466 stimonio.
982 1399 1033 1461 bis
1047 1399 1194 1480 explicari
1203 1402 1304 1464 omniu
1316 1417 1395 1481 quae
1405 1403 1436 1464 in
1447 1403 1541 1465 torma
1555 1405 1737 1467 sacramenti
1750 1403 1847 1480 eupli·

105 1483 204 1557 Quod
220 1501 292 1548 rere
307 1482 500 1546 caeremonia
511 1482 650 1563 ungendi
661 1482 800 1548 infirmos
813 1503 939 1565 perma·
983 1483 1045 1544 cari
1062 1483 1187 1558 debent,
1205 1485 1350 1546 nimirum
1366 1501 1507 1548 caussam
1534 1486 1747 1565 principalem,
1770 1503 1849 1566 quae

59 1565 142 1627 dum
159 1567 363 1645 sacramenta
379 1571 449 1628 nata
466 1565 507 1628 sit
533 1581 572 1628 cx
595 1565 745 1630 tinctione
770 1569 835 1643 illa,
862 1587 941 1648 uuae
981 1570 1030 1626 est
1044 1566 1097 1628 liei
1114 1566 1336 1644 misericerdie3
1353 1575 1384 1630 et
1398 1569 1693 1646 instrumentariam,
1707 1577 1848 1649 quaeest

58 1665 120 1726 per
136 1653 269 1713 modum
285 1649 424 1712 miraculi
439 1648 634 1727 operabatur,
649 1665 711 1712 uon
725 1651 835 1730 probat
849 1653 939 1714 bem·
981 1663 1068 1710 sacru
1084 1649 1203 1726 linatio;
1217 1665 1274 1712 uec
1290 1666 1351 1712 nnn
1366 1647 1521 1726 allectum,
1536 1652 1847 1729 idest,remissiouem

58 1732 175 1804 nitius,
195 1735 257 1796 nisi
273 1733 344 1812 quia
359 1733 406 1794 sie
421 1731 489 1809 ipse
504 1732 669 1794 existimat.
694 1731 756 1796 Sed
784 1751 841 1796 nos
865 1751 937 1797 con·
980 1733 1110 1808 peccati,
1139 1739 1169 1794 et
1195 1740 1424 1812 consequenter
1450 1735 1643 1812 corporalem
1671 1735 1845 1812 sanitatem,

56 1816 158 1878 trario
174 1818 272 1878 medo
293 1816 478 1893 conjicimus
501 1815 613 1878 iactum
638 1831 711 1878 esse
736 1833 936 1896 progressum
980 1829 1059 1892 quae
1074 1832 1112 1878 cn
1127 1815 1312 1878 remissione
1327 1817 1462 1895 perlecta
1477 1818 1596 1896 peccati
1620 1819 1750 1896 pendet,
1765 1819 1848 1882 sicut

58 1900 159 1960 istum
177 1900 255 1974 olei,
268 1899 411 1961 nimirum
425 1913 464 1959 ex
478 1912 527 1971 en,
543 1898 627 1976 quod
638 1898 669 1959 in
681 1906 874 1962 sacramento
886 1918 937 1962 ex·
978 1897 1106 1960 morbus
1121 1915 1158 1960 ex
1173 1904 1300 1976 peccato
1316 1899 1528 1977 utplurimum
1544 1899 1615 1961 oriri
1642 1902 1734 1963 solet.
1758 1899 1845 1962 Unde

17 2000 18 2005 ¹
57 1988 185 2045 tramae
201 1981 364 2044 tinctionis
377 1995 472 2059 saepe
486 1981 657 2057 accidebat,
671 1987 707 2044 ut
730 1983 873 2045 homiues
884 2000 939 2046 eu·
979 1978 1129 2044 Dominus
1144 1981 1249 2044 batth.
1265 1982 1296 2043 9.
1313 1981 1485 2060 paralitico,
1512 1998 1604 2060 quom
1630 1999 1738 2046 curare
1764 1983 1846 2044 vele-

17 2050 19 2092 '
60 2071 225 2140 narentur,
243 2065 314 2128 iude
329 2068 499 2142 coeperunt
512 2063 637 2142 quidum
656 2063 714 2126 riri
733 2069 831 2127 saucii
847 2067 937 2128 etlam
978 2061 1040 2136 bat,
1057 2064 1141 2141 prius
1157 2065 1243 2126 dixit:
1260 2065 1475 2128 Remittentur
1489 2065 1547 2127 tibi
1560 2072 1696 2144 peccato
1721 2073 1792 2142 tum·
1815 2073 1848 2128 ut

17 2136 18 2173 ¹
61 2153 152 2210 entra
169 2146 458 2223 sacramentumutl
473 2147 554 2221 oleo,
571 2161 634 2208 non
659 2147 785 2226 quidem
810 2149 849 2211 ab
873 2151 939 2228 epi·
978 2159 1088 2208 omnes
1102 2147 1320 2226 intelligerent,
1338 2154 1462 2226 peccate
1487 2148 1555 2219 ejus
1580 2165 1721 2212 caussam
1748 2149 1845 2212 tuisse

17 2220 19 2309 ἶ
60 2245 163 2309 scopo
180 2231 347 2293 benedicto
361 2229 398 2290 ad
414 2243 506 2292 usum
519 2231 775 2305 sacramenti,sed
789 2232 939 2309 simplici·
978 2228 1090 2290 tuerbi:
1106 2236 1140 2292 ut
1154 2232 1244 2292 etiam
1259 2230 1359 2306 alieri,
1377 2247 1469 2308 quem
1485 2231 1521 2292 ad
1548 2232 1696 2310 piscinam
1719 2248 1845 2294 curare·

17 2312 19 2343 1
59 2318 110 2376 ter
124 2314 223 2392 signo
238 2314 340 2376 crucis
355 2312 393 2374 ab
408 2310 486 2392 ipsis
500 2311 703 2386 sanctificato,
719 2315 758 2376 ad
783 2316 939 2379 curandos
977 2317 1024 2371 1111
1038 2312 1198 2384 Dominus,
1215 2314 1291 2376 1111111
1304 2312 1432 2375 1111111111
1458 2312 1488 2375 6·
1515 2315 1596 2377 Ecce
1617 2330 1719 2377 11111118
1740 2315 1846 2391 facitis

59 2397 207 2458 morbos.
980 2409 1023 2464 es,
1034 2392 1108 2474 jam
1121 2397 1347 2474 conprecare,
1362 2411 1405 2459 ae
1419 2397 1560 2460 deterius
1584 2396 1643 2460 tibi
1667 2398 1848 2475 contingat.

16 2467 19 2511 ³
102 2478 283 2550 Quoetiam
298 2474 721 2539 modoridemusiactumio
746 2493 838 2555 anua,
860 2481 933 2560 quin
1019 2476 1660 2542 Secundanota:lioncsselnbaciorma
1683 2496 1847 2542 numeran·

17 2572 18 2575 ’
57 2557 91 2620 in
109 2561 272 2638 Baptismo
286 2560 452 2640 aliquando
466 2559 654 2622 curabantur
668 2560 811 2623 homines
824 2563 863 2624 ab
884 2579 936 2626 ae·
979 2558 1035 2620 das
1049 2560 1195 2640 syllabas,
1213 2562 1299 2642 quusi
1316 2561 1437 2641 singula
1453 2563 1516 2623 sint
1530 2563 1569 2624 de
1585 2565 1732 2638 esseutia;
1746 2563 1847 2624 solum

16 2636 19 2678 1
58 2642 223 2720 gritudiue
238 2643 403 2721 corporali,
427 2646 459 2703 ut
481 2641 673 2720 Augustinus
698 2648 830 2706 testatur
855 2647 886 2706 in
902 2661 935 2708 a·
977 2641 1061 2702 euim
1076 2643 1228 2706 sententia
1243 2645 1281 2712 ad
1297 2647 1465 2707 essentiam
1480 2645 1707 2725 pertinei,quue
1719 2647 1847 2707 termam

55 2725 134 2801 pist.
151 2725 244 2788 tier
256 2732 358 2787 narrat
371 2725 440 2802 ipse
455 2722 537 2785 idem
552 2727 692 2805 exempla
709 2729 863 2802 quaedam
877 2729 933 2791 bu·
975 2724 1087 2788 babent
1102 2727 1356 2805 deprecatoriam,
1373 2743 1443 2788 curn
1457 2726 1591 2791 lacobus
1613 2730 1728 2798 diserte
1750 2729 1842 2790 dieat:

17 2842 18 2845 =
54 2807 111 2886 jus
126 2810 175 2869 rei
191 2807 250 2868 lib.
265 2808 318 2869 2⁶2.
333 2809 373 2870 de
389 2806 477 2868 cinit.
492 2806 548 2868 liei
569 2823 647 2887 cop.
665 2807 697 2871 8.
720 2808 800 2871 inde
820 2825 932 2888 coepe·
977 2805 1073 2870 orent
1082 2824 1184 2888 ‘saper
1197 2825 1284 2872 eam.
1302 2809 1338 2870 llt
1352 2815 1512 2887 praeterea
1525 2811 1675 2889 exprimat
1697 2809 1842 2874 eitectum

55 2895 134 2950 runt
148 2890 242 2951 multi
258 2890 348 2951 etiam
363 2895 446 2952 extra
460 2887 650 2968 Baptismum
661 2892 705 2952 uli
716 2907 794 2969 uque
805 2892 934 2956 benedi·
974 2893 1172 2964 sacramenti,
1190 2895 1229 2952 ita
1246 2899 1278 2953 ut
1293 2893 1480 2954 determinet
1493 2893 1665 2968 materiam,
1679 2893 1770 2964 idest,
1785 2909 1843 2955 uo·

56 2980 106 3033 cta
124 2973 165 3034 ad
181 2974 340 3035 curandos
354 2972 490 3045 morbos,
507 2973 598 3050 cuius
612 2973 657 3034 rei
673 2989 701 3034 m
739 2982 766 3034 tu
791 2977 931 3052 exempla
974 2973 1108 3035 ctionem
1123 2975 1219 3039 iliam.
1236 2973 1380 3052 Quamuis
1395 2979 1497 3036 autem
1514 2991 1575 3037 nnn
1592 2977 1655 3038 sint
1669 2976 1709 3039 de
1735 2991 1843 3038 essen·

56 3060 183 3117 exstant
198 3055 283 3134 apud
299 3055 428 3118 eosdem
442 3058 595 3128 auctores,
607 3055 720 3118 Palladi
746 3056 931 3130 minanda·
976 3056 1013 3115 tin
1029 3056 1149 3136 singula
1166 3059 1216 3119 illa
1242 3058 1346 3135 rerba3
1373 3062 1474 3119 tamen
1500 3057 1598 3119 omitti
1623 3073 1686 3119 nen
1713 3058 1840 3132 debent,

53 3144 160 3201 retum
177 3144 210 3202 et
224 3140 318 3202 alios.
974 3154 1035 3200 uec
1050 3148 1181 3218 possunt
1195 3142 1264 3203 siue
1279 3146 1417 3219 peccalo,
1444 3156 1520 3203 cum
1541 3142 1712 3203 babeamus
1733 3140 1841 3202 berle·

98 3222 255 3298 Quiutum
275 3226 490 3299 argumentum
516 3228 565 3282 est
588 3220 734 3283 ltamnttit
758 3220 886 3296 ibidem,
901 3228 933 3285 et
975 3221 1041 3282 siae
1056 3223 1205 3286 disertum
1220 3232 1431 3304 praeceptum,
1446 3220 1700 3305 atlungissimum
1713 3239 1844 3287 consue·

58 3303 177 3383 lllyrici
193 3305 227 3365 in
247 3302 373 3367 (lentur.
388 3305 420 3365 2.
436 3302 466 3365 3.
483 3302 515 3365 i.
529 3302 561 3364 5.
576 3302 608 3365 a.
624 3320 693 3383 cup.
708 3304 741 3367 a.
767 3305 849 3383 quod
871 3308 930 3367 soi·
974 3304 1126 3368 tudinem.
1743 3300 1745 3317 '

55 3385 133 3448 licet
147 3402 213 3449 non
230 3392 357 3449 exstent
370 3384 510 3466 exempla
522 3386 656 3463 antiqua,
671 3387 753 3465 quod
765 3388 863 3451 sancti
874 3389 931 3450 riri
1017 3386 1120 3449 lertio
1134 3394 1217 3449 nota:
1234 3387 1365 3451 Caussas
1382 3403 1436 3449 cur
1451 3388 1545 3450 termo
1568 3387 1681 3451 debeat
1703 3402 1775 3451 esse
1790 3388 1843 3450 de·

55 3472 88 3529 in
104 3470 258 3533 extremis
272 3476 414 3550 agentes,
430 3470 500 3532 eleo
512 3467 680 3532 benedicto
693 3471 827 3552 perungi
847 3472 932 3534 relu-
976 3471 1156 3547 precatoria,
1173 3471 1272 3535 rarius
1286 3471 1448 3548 assignari,
1466 3470 1619 3531 sedilium
1640 3471 1736 3532 rideri
1754 3486 1843 3549 prae·

17 3581 18 3602 t
57 3550 150 3615 erint.
976 3552 1110 3629 cipuam,
1125 3552 1197 3629 quia
1212 3554 1271 3615 boc
1282 3556 1508 3614 sacramentum
1520 3559 1569 3613 est
1579 3552 1840 3631 complementum

17 3660 18 3688 ι
98 3632 303 3713 Respondent
319 3632 385 3696 lion
399 3640 520 3697 exstare
534 3634 689 3715 ejusmodi
701 3634 932 3715 exemplarium
976 3638 1162 3698 sacramenti
1178 3634 1436 3708 Paenitentiae,et
1450 3635 1537 3712 euasi
1549 3634 1737 3713 poenitentia
1750 3650 1843 3714 quae·

17 3731 19 3772 t
58 3732 122 3778 uon
136 3718 320 3780 scribuntur
333 3731 384 3778 res
399 3715 625 3781 notissimaeet
636 3718 846 3795 quotidianae.
856 3718 930 3781 liam
975 3718 1047 3778 dam*
1061 3718 1319 3797 intirmorum-,qui
1335 3733 1397 3779 nen
1414 3721 1544 3795 pessunt
1556 3715 1735 3797 jamiacere
1749 3732 1842 3797 opera

59 3806 143 3862 certe
159 3816 187 3862 s.
204 3800 390 3883 bernardus,
405 3816 573 3879 numquam
593 3801 751 3863 omisisset
776 3801 930 3871 eiusmodi
976 3799 1196 3864 loeuitentiaa.
1212 3800 1332 3863 idcirco
1347 3801 1408 3863 buc
1422 3802 1552 3861 interest
1577 3800 1657 3861 inter
1681 3800 1758 3863 haec
1781 3799 1842 3862 duo

17 3897 19 3939 l
59 3889 315 3957 sacramentum,
337 3898 408 3944 cum
430 3887 551 3945 constet
571 3897 642 3945 eum
663 3883 789 3945 maximi
815 3883 931 3947 iecisse
976 3889 1180 3958 sacramenta,
1197 3886 1279 3963 quod
1294 3886 1327 3945 in
1352 3886 1543 3945 sacramente
1570 3881 1778 3945 lneuucnttue
1793 3898 1842 3945 re·

17 3983 18 4020 t
64 3964 125 4026 boc
146 3972 400 4038 sacramentum,
423 3980 461 4027 ex
482 3965 540 4026 rita
561 3980 589 4027 s.
611 3965 778 4029 blalacbiae
799 3966 838 4028 ab
859 3967 930 4045 ipso
973 3964 1105 4041 nutritur
1119 3966 1274 4031 confessio
1290 3972 1320 4029 et
1334 3964 1567 4039 Satlsiactia,ct
1591 3966 1722 4042 proinde
1744 3980 1840 4042 opera

17 4071 18 4106 t
65 4046 222 4110 bernardo
236 4043 362 4127 scripta,
378 4052 411 4110 et
424 4048 518 4111 simul
542 4050 663 4111 constet
687 4064 759 4111 eum
781 4049 930 4113 babuisse
972 4048 1125 4112 laboriosa
1145 4064 1182 4111 ex
1196 4055 1282 4129 parte
1297 4046 1498 4128 suscipientis
1512 4048 1840 4110 sacramentumeunde

61 4145 214 4191 summam
240 4130 488 4193 commoditatem
514 4131 698 4194 sacramenti
723 4132 929 4211 percipiendi,
972 4130 1016 4191 ibi
1032 4138 1080 4193 est
1092 4132 1209 4212 justitia
1239 4138 1270 4196 ct
1284 4132 1507 4193 misericordia:
1525 4132 1561 4191 iu
1581 4131 1643 4194 boc
1659 4134 1769 4192 autem
1790 4146 1839 4191 sa·

17 4225 19 4273 t
60 4227 129 4272 cum
144 4219 176 4274 et
190 4220 322 4277 mortem
337 4230 425 4276 sunm
439 4213 624 4294 praeviderit
637 4220 668 4277 ct
682 4215 881 4293 praedixerit,
898 4220 930 4277 et
971 4222 1130 4278 memento
1144 4223 1192 4277 est
1207 4216 1272 4277 sela
1287 4214 1342 4277 Dei
1359 4212 1616 4286 misericordium
1630 4213 1701 4275 ideo
1713 4212 1836 4275 dicitur:

17 4321 20 4353 t
58 4300 158 4356 tamen
173 4295 326 4377 scripturn
340 4312 404 4359 nou
419 4303 478 4371 est,
495 4312 567 4361 cunr
581 4294 744 4378 accepisse
754 4298 815 4361 bec
826 4314 928 4363 sacru·
971 4297 1216 4377 indulgenttibi
1240 4298 1334 4361 Deus.
1357 4298 1465 4377 ltaque
1489 4297 1527 4358 ad
1552 4294 1837 4375 significandumin

17 4398 21 4440 t
62 4386 212 4442 neutum.
973 4381 1035 4442 linc
1050 4387 1243 4443 sacramento
1255 4396 1325 4443 esse
1339 4380 1556 4443 remissionem
1572 4394 1610 4443 ex
1634 4380 1705 4443 seia
1722 4377 1839 4440 miseri·

17 4483 20 4521 t
977 4464 1082 4527 cordia
1098 4465 1211 4527 utimur
1225 4480 1333 4545 prece.
1556 4498 1558 4502 -
1726 4488 1730 4499 ·

373 4619 509 4685 -dnlltl
529 4621 596 4684 vll.
670 4674 672 4677 .

1297 4700 1417 4768 curel
1429 4706 1510 4772 vni.

16 4827 21 4937 ζ
136 4836 181 4901 De
194 4838 338 4902 neoterio
352 4846 380 4903 et
393 4840 502 4919 sermo
515 4840 614 4918 bajas
627 4845 836 4908 somomcuti.

17 4977 23 5019 t

17 5063 24 5100 t
80 5042 220 5134 ,boterii
232 5052 417 5114 sacramenti
430 5051 527 5131 buius
541 5058 589 5116 est
604 5053 706 5117 oleum
721 5054 874 5125 ottranni>
885 5070 919 5116 e·
1008 5052 1157 5116 (inurenit
1172 5050 1252 5112 inter
1267 5050 1443 5129 theologos,
1457 5048 1536 5112 duos
1551 5062 1623 5111 esse
1636 5042 1832 5139 edectus'bu·

16 5130 25 5190 t
58 5139 184 5205 puscopo
197 5129 410 5196 benedictum.
426 5136 459 5196 ld
475 5135 569 5199 babet
589 5137 755 5199 concilium
780 5136 917 5199 iloreuti·
963 5134 1017 5215 jus
1032 5134 1228 5197 sacramenti.
1242 5131 1355 5204 Unum,
1372 5133 1454 5207 cuod
1481 5138 1569 5194 sanat
1593 5144 1718 5204 corpus,
1746 5144 1772 5188 st
1794 5134 1834 5189 uta

17 5225 25 5271 t
57 5221 127 5269 num
140 5210 172 5272 in
185 5211 390 5279 instructione
406 5216 609 5282 irmendrum
621 5226 651 5281 et
661 5220 864 5281 tridentinum
874 5220 918 5282 lo·
966 5217 1093 5295 expedit
1108 5217 1229 5278 animae
1244 5216 1348 5277 saluti.
1364 5214 1512 5287 Alterum,
1529 5214 1617 5292 quod
1627 5211 1773 5289 abstergit
1788 5226 1837 5272 re·

16 5310 25 5360 u
60 5292 211 5356 conlato:
226 5312 352 5361 necnon
367 5300 545 5362 concilicet
568 5302 731 5381 pontiilces
756 5319 793 5365 ac
817 5303 920 5365 Patres
964 5300 1079 5379 liquias
1093 5305 1302 5377 peccatorum.
1318 5296 1468 5360 Convenit
1489 5298 1581 5361 etiarn
1607 5296 1686 5356 iuter
1712 5307 1838 5372 omnes,

61 5386 147 5450 supra
161 5378 256 5444 citati.
272 5380 361 5459 Quod
377 5382 502 5463 quidem
518 5384 557 5445 lta
572 5384 787 5464 accipiendum
805 5390 863 5459 est,
885 5391 920 5448 ut
966 5400 1031 5445 neu
1045 5381 1160 5444 babere
1176 5383 1237 5444 boc
1259 5387 1486 5444 sacramentam
1512 5396 1568 5459 pre
1594 5376 1705 5441 ellectu
1732 5376 1837 5437 ebara-

17 5475 24 5519 ε
61 5462 249 5525 consecratio
276 5470 309 5526 ct
323 5463 487 5528 benedicto
503 5465 690 5546 episcopalis
703 5467 734 5529 in
746 5469 806 5530 bac
818 5484 918 5531 sacra·
965 5472 1094 5540 almam,
1113 5463 1229 5526 ntideo
1244 5465 1342 5544 repeti
1357 5478 1463 5541 pesse,
1481 5461 1604 5543 (mando
1624 5461 1749 5541 saepius
1764 5459 1834 5538 quis

16 5559 24 5604 t
64 5545 174 5619 mento,
189 5543 230 5607 sit
243 5546 283 5609 de
304 5548 439 5612 essentia
466 5547 612 5611 materiae
637 5551 833 5627 sacramenti3
854 5566 917 5612 nou
965 5548 1075 5611 incidit
1089 5546 1121 5609 iu
1137 5547 1277 5609 morbum
1293 5547 1517 5625 periculosum.

16 5645 23 5687 t
62 5623 158 5683 tutem
172 5628 423 5700 accidentariaut
437 5632 629 5696 consecratio
644 5648 742 5711 aquae
755 5634 786 5694 iu
802 5632 918 5713 Raptis·
1004 5630 1068 5693 ilua
1085 5634 1203 5693 tautum
1220 5635 1269 5693 ast
1291 5630 1372 5692 inter
1397 5630 1559 5709 tlreotogos
1585 5624 1737 5709 quaestio.
1760 5623 1834 5686 llam

16 5717 27 5774 t
63 5715 121 5767 1111).
136 5704 271 5778 concilia
285 5713 439 5797 siquidem
452 5714 651 5782 florentinum
663 5721 694 5781 et
704 5716 916 5795 tridentinum,
965 5728 1043 5793 quae
1058 5714 1120 5779 sint
1135 5719 1331 5795 peccatorum
1345 5712 1506 5795 reliquiae,
1524 5728 1598 5776 nnn.
1614 5708 1724 5775 eedem
1739 5708 1831 5773 modo

1147 4844 1320 4963 lleeffeeta
1333 4880 1430 4963 bajus
1451 4880 1659 4944 sacramenti.
1741 4910 1745 4919 ·
