<?xml version="1.0" encoding="UTF-8"?>
<!DOCTYPE html PUBLIC "-//W3C//DTD XHTML 1.0 Transitional//EN"
    "http://www.w3.org/TR/xhtml1/DTD/xhtml1-transitional.dtd">
<html xmlns="http://www.w3.org/1999/xhtml" xml:lang="en" lang="en">
 <head>
  <title>
</title>
<meta http-equiv="Content-Type" content="text/html;charset=utf-8" />
  <meta name='ocr-system' content='tesseract 3.04.00' />
  <meta name='ocr-capabilities' content='ocr_page ocr_carea ocr_par ocr_line ocrx_word'/>
</head>
<body>
  <div class='ocr_page' id='page_1' title='image "./operaomnia03unkngoog/operaomnia03unkngoog_0927.png"; bbox 0 0 4084 6275; ppageno 0'>
   <div class='ocr_carea' id='block_1_1' title="bbox 947 364 1864 450">
    <p class='ocr_par' dir='ltr' id='par_1_1' title="bbox 947 364 1864 450">
     <span class='ocr_line' id='line_1_1' title="bbox 947 364 1864 450; baseline 0.004 -4"><span class='ocrx_word' id='word_1_1' title='bbox 947 385 1055 448; x_wconf 85' lang='lat' dir='ltr'><strong>rnnntt</strong></span> <span class='ocrx_word' id='word_1_2' title='bbox 1215 364 1221 372; x_wconf 88' lang='grc'><strong>’</strong></span> <span class='ocrx_word' id='word_1_3' title='bbox 1626 393 1636 406; x_wconf 92' lang='grc'><em>·</em></span> <span class='ocrx_word' id='word_1_4' title='bbox 1809 389 1864 450; x_wconf 83' lang='grc'><strong>666</strong></span> 
     </span>
    </p>
   </div>
   <div class='ocr_carea' id='block_1_2' title="bbox 112 519 1903 714">
    <p class='ocr_par' dir='ltr' id='par_1_2' title="bbox 112 519 1903 714">
     <span class='ocr_line' id='line_1_2' title="bbox 112 519 1903 605; baseline -0.004 -11"><span class='ocrx_word' id='word_1_5' title='bbox 112 527 284 594; x_wconf 82' lang='lat' dir='ltr'><strong>Conoereio</strong></span> <span class='ocrx_word' id='word_1_6' title='bbox 299 531 336 592; x_wconf 85' lang='lat' dir='ltr'><strong>trl</strong></span> <span class='ocrx_word' id='word_1_7' title='bbox 351 523 723 600; x_wconf 71' lang='grc'><strong>666666616666666661</strong></span> <span class='ocrx_word' id='word_1_8' title='bbox 738 521 981 588; x_wconf 80' lang='grc'><strong>6666666666-</strong></span> <span class='ocrx_word' id='word_1_9' title='bbox 1069 519 1230 584; x_wconf 84' lang='grc'><strong>166666666</strong></span> <span class='ocrx_word' id='word_1_10' title='bbox 1245 521 1501 600; x_wconf 78' lang='grc'><strong>666166666666</strong></span> <span class='ocrx_word' id='word_1_11' title='bbox 1514 524 1552 585; x_wconf 91' lang='grc'><strong>66</strong></span> <span class='ocrx_word' id='word_1_12' title='bbox 1565 521 1705 586; x_wconf 88' lang='lat' dir='ltr'><strong>sobolem</strong></span> <span class='ocrx_word' id='word_1_13' title='bbox 1721 523 1824 586; x_wconf 84' lang='lat' dir='ltr'><strong>adbel</strong></span> <span class='ocrx_word' id='word_1_14' title='bbox 1838 526 1903 605; x_wconf 90' lang='lat' dir='ltr'><strong>glo-</strong></span> 
     </span>
     <span class='ocr_line' id='line_1_3' title="bbox 149 602 1497 714; baseline -0.019 -15"><span class='ocrx_word' id='word_1_15' title='bbox 149 651 227 698; x_wconf 82' lang='grc'><strong>6666</strong></span> <span class='ocrx_word' id='word_1_16' title='bbox 237 631 473 714; x_wconf 59' lang='lat' dir='ltr'><strong>ingemescet</strong></span> <span class='ocrx_word' id='word_1_17' title='bbox 485 631 524 694; x_wconf 86' lang='grc'><strong>66</strong></span> <span class='ocrx_word' id='word_1_18' title='bbox 535 629 734 710; x_wconf 74' lang='lat' dir='ltr'><strong><em>particulari</em></strong></span> <span class='ocrx_word' id='word_1_19' title='bbox 748 629 788 690; x_wconf 90' lang='lat' dir='ltr'><strong>do</strong></span> <span class='ocrx_word' id='word_1_20' title='bbox 801 628 899 706; x_wconf 86' lang='grc'><strong>66666</strong></span> <span class='ocrx_word' id='word_1_21' title='bbox 909 642 981 688; x_wconf 87' lang='lat' dir='ltr'><strong>mc·</strong></span> <span class='ocrx_word' id='word_1_22' title='bbox 1069 602 1143 665; x_wconf 63' lang='lat' dir='ltr'><strong>iiim</strong></span> <span class='ocrx_word' id='word_1_23' title='bbox 1157 606 1384 682; x_wconf 67' lang='grc'><strong>6606666661661</strong></span> <span class='ocrx_word' id='word_1_24' title='bbox 1402 604 1473 665; x_wconf 79' lang='lat' dir='ltr'><strong>illd.</strong></span> <span class='ocrx_word' id='word_1_25' title='bbox 1493 653 1497 660; x_wconf 88' lang='lat'><em>-</em></span> 
     </span>
    </p>
   </div>
   <div class='ocr_carea' id='block_1_3' title="bbox 149 686 1903 848">
    <p class='ocr_par' dir='ltr' id='par_1_3' title="bbox 149 686 1903 848">
     <span class='ocr_line' id='line_1_4' title="bbox 149 686 1903 848; baseline 0.017 -46"><span class='ocrx_word' id='word_1_26' title='bbox 149 739 273 802; x_wconf 73' lang='grc'><strong>666</strong></span> <span class='ocrx_word' id='word_1_27' title='bbox 286 737 325 802; x_wconf 79' lang='lat' dir='ltr'><strong>c</strong></span> <span class='ocrx_word' id='word_1_28' title='bbox 338 752 456 816; x_wconf 72' lang='grc'><strong>666</strong></span> <span class='ocrx_word' id='word_1_29' title='bbox 469 734 586 800; x_wconf 76' lang='grc'><strong>666</strong></span> <span class='ocrx_word' id='word_1_30' title='bbox 603 733 678 796; x_wconf 77' lang='lat' dir='ltr'><strong>uu</strong></span> <span class='ocrx_word' id='word_1_31' title='bbox 691 749 723 795; x_wconf 79' lang='lat' dir='ltr'><strong>v·</strong></span> <span class='ocrx_word' id='word_1_32' title='bbox 747 729 981 796; x_wconf 69' lang='grc'><strong>6666666·</strong></span> <span class='ocrx_word' id='word_1_33' title='bbox 1027 686 1903 848; x_wconf 59' lang='grc'><strong>166666666666366666366666636</strong></span> 
     </span>
    </p>
   </div>
   <div class='ocr_carea' id='block_1_4' title="bbox 18 840 1902 1338">
    <p class='ocr_par' dir='ltr' id='par_1_4' title="bbox 18 840 1902 1338">
     <span class='ocr_line' id='line_1_5' title="bbox 150 840 1250 910; baseline 0.009 -9"><span class='ocrx_word' id='word_1_34' title='bbox 150 840 256 902; x_wconf 86' lang='lat' dir='ltr'><strong>liotio.</strong></span> <span class='ocrx_word' id='word_1_35' title='bbox 435 895 437 901; x_wconf 76' lang='grc'><strong>,</strong></span> <span class='ocrx_word' id='word_1_36' title='bbox 1069 848 1250 910; x_wconf 85' lang='grc'><strong>66666686.</strong></span> 
     </span>
     <span class='ocr_line' id='line_1_6' title="bbox 538 929 1902 1010; baseline 0.004 -24"><span class='ocrx_word' id='word_1_37' title='bbox 538 981 542 986; x_wconf 89' lang='grc'><strong>.</strong></span> <span class='ocrx_word' id='word_1_38' title='bbox 1030 929 1088 994; x_wconf 92' lang='lat' dir='ltr'><strong>Cor</strong></span> <span class='ocrx_word' id='word_1_39' title='bbox 1116 938 1147 991; x_wconf 92' lang='lat' dir='ltr'><strong>et</strong></span> <span class='ocrx_word' id='word_1_40' title='bbox 1175 936 1281 1008; x_wconf 89' lang='lat' dir='ltr'><strong>caput,</strong></span> <span class='ocrx_word' id='word_1_41' title='bbox 1312 936 1414 1008; x_wconf 83' lang='lat' dir='ltr'><strong>partes</strong></span> <span class='ocrx_word' id='word_1_42' title='bbox 1443 929 1612 1010; x_wconf 76' lang='lat' dir='ltr'><strong>integrales</strong></span> <span class='ocrx_word' id='word_1_43' title='bbox 1640 930 1795 1002; x_wconf 91' lang='lat' dir='ltr'><strong>hominis,</strong></span> <span class='ocrx_word' id='word_1_44' title='bbox 1832 930 1902 1006; x_wconf 85' lang='lat' dir='ltr'><strong>sine</strong></span> 
     </span>
     <span class='ocr_line' id='line_1_7' title="bbox 110 1007 1902 1092; baseline -0.001 -16"><span class='ocrx_word' id='word_1_45' title='bbox 110 1011 290 1084; x_wconf 79' lang='lat' dir='ltr'><strong>Conversio,</strong></span> <span class='ocrx_word' id='word_1_46' title='bbox 307 1013 422 1076; x_wconf 75' lang='lat' dir='ltr'><strong>creatio</strong></span> <span class='ocrx_word' id='word_1_47' title='bbox 447 1020 479 1074; x_wconf 89' lang='lat' dir='ltr'><strong>et</strong></span> <span class='ocrx_word' id='word_1_48' title='bbox 504 1011 686 1076; x_wconf 72' lang='lat' dir='ltr'><strong>annihilatio</strong></span> <span class='ocrx_word' id='word_1_49' title='bbox 713 1009 869 1091; x_wconf 91' lang='lat' dir='ltr'><strong>quomodo</strong></span> <span class='ocrx_word' id='word_1_50' title='bbox 893 1007 982 1072; x_wconf 89' lang='lat' dir='ltr'><strong>dilie-</strong></span> <span class='ocrx_word' id='word_1_51' title='bbox 1070 1013 1184 1090; x_wconf 85' lang='lat' dir='ltr'><strong>quibus</strong></span> <span class='ocrx_word' id='word_1_52' title='bbox 1200 1012 1336 1074; x_wconf 79' lang='lat' dir='ltr'><strong>essentia</strong></span> <span class='ocrx_word' id='word_1_53' title='bbox 1352 1011 1488 1074; x_wconf 91' lang='lat' dir='ltr'><strong>bominis</strong></span> <span class='ocrx_word' id='word_1_54' title='bbox 1503 1015 1675 1076; x_wconf 88' lang='lat' dir='ltr'><strong>consistere</strong></span> <span class='ocrx_word' id='word_1_55' title='bbox 1704 1030 1766 1074; x_wconf 90' lang='lat' dir='ltr'><strong>non</strong></span> <span class='ocrx_word' id='word_1_56' title='bbox 1792 1021 1902 1092; x_wconf 89' lang='lat' dir='ltr'><strong>posset</strong></span> 
     </span>
     <span class='ocr_line' id='line_1_8' title="bbox 155 1091 1336 1173; baseline -0.002 -16"><span class='ocrx_word' id='word_1_57' title='bbox 155 1101 222 1157; x_wconf 93' lang='lat' dir='ltr'><strong>runt</strong></span> <span class='ocrx_word' id='word_1_58' title='bbox 237 1095 317 1156; x_wconf 86' lang='lat' dir='ltr'><strong>inter</strong></span> <span class='ocrx_word' id='word_1_59' title='bbox 331 1111 367 1156; x_wconf 90' lang='lat' dir='ltr'><strong>se</strong></span> <span class='ocrx_word' id='word_1_60' title='bbox 381 1095 454 1158; x_wconf 90' lang='grc'><strong>363.</strong></span> <span class='ocrx_word' id='word_1_61' title='bbox 468 1095 540 1158; x_wconf 90' lang='grc'><strong>366.</strong></span> <span class='ocrx_word' id='word_1_62' title='bbox 558 1091 630 1157; x_wconf 91' lang='grc'><strong>368.</strong></span> <span class='ocrx_word' id='word_1_63' title='bbox 1071 1093 1144 1156; x_wconf 92' lang='grc'><strong>619.</strong></span> <span class='ocrx_word' id='word_1_64' title='bbox 1332 1165 1336 1173; x_wconf 45' lang='grc'><strong>,</strong></span> 
     </span>
     <span class='ocr_line' id='line_1_9' title="bbox 18 1173 1612 1254; baseline 0.001 -18"><span class='ocrx_word' id='word_1_65' title='bbox 18 1247 20 1254; x_wconf 18' lang='grc' dir='ltr'><strong><em>Α</em></strong></span> <span class='ocrx_word' id='word_1_66' title='bbox 113 1173 280 1238; x_wconf 87' lang='lat' dir='ltr'><strong>Conversio</strong></span> <span class='ocrx_word' id='word_1_67' title='bbox 310 1175 409 1240; x_wconf 90' lang='lat' dir='ltr'><strong>tribus</strong></span> <span class='ocrx_word' id='word_1_68' title='bbox 438 1177 538 1239; x_wconf 91' lang='lat' dir='ltr'><strong>modis</strong></span> <span class='ocrx_word' id='word_1_69' title='bbox 562 1176 629 1238; x_wconf 89' lang='lat' dir='ltr'><strong>lieri</strong></span> <span class='ocrx_word' id='word_1_70' title='bbox 660 1180 763 1254; x_wconf 87' lang='lat' dir='ltr'><strong>potest</strong></span> <span class='ocrx_word' id='word_1_71' title='bbox 785 1173 858 1236; x_wconf 90' lang='grc'><strong>361.</strong></span> <span class='ocrx_word' id='word_1_72' title='bbox 910 1173 982 1234; x_wconf 87' lang='grc'><strong>6166</strong></span> <span class='ocrx_word' id='word_1_73' title='bbox 1029 1173 1088 1237; x_wconf 89' lang='lat' dir='ltr'><strong>Cor</strong></span> <span class='ocrx_word' id='word_1_74' title='bbox 1102 1191 1227 1239; x_wconf 92' lang='lat' dir='ltr'><strong>sursum</strong></span> <span class='ocrx_word' id='word_1_75' title='bbox 1242 1174 1359 1238; x_wconf 88' lang='lat' dir='ltr'><strong>habero</strong></span> <span class='ocrx_word' id='word_1_76' title='bbox 1374 1173 1612 1238; x_wconf 84' lang='grc'><strong>6666666299.</strong></span> 
     </span>
     <span class='ocr_line' id='line_1_10' title="bbox 152 1255 1902 1338; baseline -0.001 -19"><span class='ocrx_word' id='word_1_77' title='bbox 152 1256 347 1320; x_wconf 89' lang='grc'><strong>66666666666</strong></span> <span class='ocrx_word' id='word_1_78' title='bbox 368 1259 535 1338; x_wconf 84' lang='lat' dir='ltr'><strong>requisitae</strong></span> <span class='ocrx_word' id='word_1_79' title='bbox 558 1259 595 1320; x_wconf 91' lang='grc'><strong>66</strong></span> <span class='ocrx_word' id='word_1_80' title='bbox 621 1273 723 1320; x_wconf 90' lang='lat' dir='ltr'><strong>veram</strong></span> <span class='ocrx_word' id='word_1_81' title='bbox 748 1255 983 1319; x_wconf 76' lang='lat' dir='ltr'><strong>conversionem</strong></span> <span class='ocrx_word' id='word_1_82' title='bbox 1029 1255 1836 1336; x_wconf 85' lang='lat' dir='ltr'><strong>Corcontritum,etcorcarneumiuScrlpturaidom</strong></span> <span class='ocrx_word' id='word_1_83' title='bbox 1852 1265 1902 1320; x_wconf 92' lang='lat' dir='ltr'><strong>est</strong></span> 
     </span>
    </p>
   </div>
   <div class='ocr_carea' id='block_1_5' title="bbox 154 1337 1145 1420">
    <p class='ocr_par' dir='ltr' id='par_1_5' title="bbox 154 1337 1145 1420">
     <span class='ocr_line' id='line_1_11' title="bbox 154 1337 1145 1420; baseline 0.001 -22"><span class='ocrx_word' id='word_1_84' title='bbox 154 1337 226 1400; x_wconf 87' lang='grc'><strong>316.</strong></span> <span class='ocrx_word' id='word_1_85' title='bbox 243 1344 348 1420; x_wconf 84' lang='lat' dir='ltr'><strong>etseq.</strong></span> <span class='ocrx_word' id='word_1_86' title='bbox 1070 1337 1145 1400; x_wconf 88' lang='grc'><strong>636.</strong></span> 
     </span>
    </p>
   </div>
   <div class='ocr_carea' id='block_1_6' title="bbox 18 1416 1842 1497">
    <p class='ocr_par' dir='ltr' id='par_1_6' title="bbox 18 1416 1842 1497">
     <span class='ocr_line' id='line_1_12' title="bbox 18 1416 1842 1497; baseline 0.002 -19"><span class='ocrx_word' id='word_1_87' title='bbox 18 1427 19 1454; x_wconf 72' lang='lat'>³</span> <span class='ocrx_word' id='word_1_88' title='bbox 112 1419 279 1482; x_wconf 85' lang='lat' dir='ltr'><strong>Conversio</strong></span> <span class='ocrx_word' id='word_1_89' title='bbox 295 1419 401 1484; x_wconf 89' lang='lat' dir='ltr'><strong>uxoris</strong></span> <span class='ocrx_word' id='word_1_90' title='bbox 416 1419 492 1482; x_wconf 84' lang='lat' dir='ltr'><strong>Loth</strong></span> <span class='ocrx_word' id='word_1_91' title='bbox 509 1420 539 1483; x_wconf 93' lang='grc'><strong>66</strong></span> <span class='ocrx_word' id='word_1_92' title='bbox 555 1427 684 1484; x_wconf 88' lang='lat' dir='ltr'><strong>statuam</strong></span> <span class='ocrx_word' id='word_1_93' title='bbox 707 1417 782 1484; x_wconf 90' lang='lat' dir='ltr'><strong>salis</strong></span> <span class='ocrx_word' id='word_1_94' title='bbox 806 1417 888 1483; x_wconf 88' lang='lat' dir='ltr'><strong>ibid.</strong></span> <span class='ocrx_word' id='word_1_95' title='bbox 911 1416 984 1482; x_wconf 90' lang='grc'><strong>366.</strong></span> <span class='ocrx_word' id='word_1_96' title='bbox 1029 1419 1088 1484; x_wconf 89' lang='lat' dir='ltr'><strong>Cor</strong></span> <span class='ocrx_word' id='word_1_97' title='bbox 1103 1419 1272 1497; x_wconf 90' lang='lat' dir='ltr'><strong>lapideum,</strong></span> <span class='ocrx_word' id='word_1_98' title='bbox 1289 1425 1320 1482; x_wconf 88' lang='lat' dir='ltr'><strong>et</strong></span> <span class='ocrx_word' id='word_1_99' title='bbox 1333 1418 1509 1482; x_wconf 92' lang='lat' dir='ltr'><strong>cordurum</strong></span> <span class='ocrx_word' id='word_1_100' title='bbox 1525 1418 1751 1482; x_wconf 87' lang='grc'><strong>6666666633.</strong></span> <span class='ocrx_word' id='word_1_101' title='bbox 1768 1419 1842 1482; x_wconf 90' lang='grc'><strong>636.</strong></span> 
     </span>
    </p>
   </div>
   <div class='ocr_carea' id='block_1_7' title="bbox 18 1499 1902 2398">
    <p class='ocr_par' dir='ltr' id='par_1_7' title="bbox 18 1499 1902 2398">
     <span class='ocr_line' id='line_1_13' title="bbox 112 1499 1901 1582; baseline 0.001 -19"><span class='ocrx_word' id='word_1_102' title='bbox 112 1499 279 1563; x_wconf 89' lang='lat' dir='ltr'><strong>Conversio</strong></span> <span class='ocrx_word' id='word_1_103' title='bbox 295 1518 394 1580; x_wconf 89' lang='lat' dir='ltr'><strong>aquae</strong></span> <span class='ocrx_word' id='word_1_104' title='bbox 410 1503 439 1563; x_wconf 92' lang='lat' dir='ltr'><strong>in</strong></span> <span class='ocrx_word' id='word_1_105' title='bbox 456 1501 648 1566; x_wconf 90' lang='grc'><strong>66666396.</strong></span> <span class='ocrx_word' id='word_1_106' title='bbox 665 1507 694 1564; x_wconf 87' lang='grc'><strong>66</strong></span> <span class='ocrx_word' id='word_1_107' title='bbox 706 1501 850 1582; x_wconf 80' lang='grc'><strong>6666166</strong></span> <span class='ocrx_word' id='word_1_108' title='bbox 865 1500 941 1580; x_wconf 91' lang='lat' dir='ltr'><strong>ligni</strong></span> <span class='ocrx_word' id='word_1_109' title='bbox 953 1499 985 1561; x_wconf 93' lang='lat' dir='ltr'><strong>in</strong></span> <span class='ocrx_word' id='word_1_110' title='bbox 1030 1501 1089 1564; x_wconf 93' lang='lat' dir='ltr'><strong>Cor</strong></span> <span class='ocrx_word' id='word_1_111' title='bbox 1103 1501 1271 1582; x_wconf 91' lang='lat' dir='ltr'><strong>lapideum,</strong></span> <span class='ocrx_word' id='word_1_112' title='bbox 1288 1502 1408 1563; x_wconf 85' lang='lat' dir='ltr'><strong>solorre</strong></span> <span class='ocrx_word' id='word_1_113' title='bbox 1437 1508 1468 1562; x_wconf 90' lang='lat' dir='ltr'><strong>et</strong></span> <span class='ocrx_word' id='word_1_114' title='bbox 1482 1501 1555 1562; x_wconf 91' lang='lat' dir='ltr'><strong>dare</strong></span> <span class='ocrx_word' id='word_1_115' title='bbox 1571 1518 1626 1563; x_wconf 91' lang='lat' dir='ltr'><strong>cor</strong></span> <span class='ocrx_word' id='word_1_116' title='bbox 1654 1517 1799 1564; x_wconf 89' lang='lat' dir='ltr'><strong>carneum</strong></span> <span class='ocrx_word' id='word_1_117' title='bbox 1829 1519 1901 1582; x_wconf 93' lang='lat' dir='ltr'><strong>pro·</strong></span> 
     </span>
     <span class='ocr_line' id='line_1_14' title="bbox 155 1581 1801 1662; baseline 0.001 -20"><span class='ocrx_word' id='word_1_118' title='bbox 155 1581 289 1659; x_wconf 81' lang='lat' dir='ltr'><strong>lapidem</strong></span> <span class='ocrx_word' id='word_1_119' title='bbox 305 1582 378 1646; x_wconf 93' lang='grc'><strong>392.</strong></span> <span class='ocrx_word' id='word_1_120' title='bbox 395 1582 467 1645; x_wconf 87' lang='grc'><strong>393.</strong></span> <span class='ocrx_word' id='word_1_121' title='bbox 1075 1585 1179 1662; x_wconf 89' lang='lat' dir='ltr'><strong>prium</strong></span> <span class='ocrx_word' id='word_1_122' title='bbox 1195 1590 1243 1645; x_wconf 88' lang='lat' dir='ltr'><strong>est</strong></span> <span class='ocrx_word' id='word_1_123' title='bbox 1256 1583 1444 1646; x_wconf 77' lang='lat' dir='ltr'><strong>Testamenti</strong></span> <span class='ocrx_word' id='word_1_124' title='bbox 1462 1583 1530 1644; x_wconf 91' lang='grc'><strong>6666</strong></span> <span class='ocrx_word' id='word_1_125' title='bbox 1546 1581 1620 1644; x_wconf 89' lang='grc'><strong>822.</strong></span> <span class='ocrx_word' id='word_1_126' title='bbox 1637 1581 1711 1644; x_wconf 91' lang='grc'><strong>823.</strong></span> <span class='ocrx_word' id='word_1_127' title='bbox 1799 1584 1801 1591; x_wconf 87' lang='grc'><strong>“</strong></span> 
     </span>
     <span class='ocr_line' id='line_1_15' title="bbox 114 1661 1899 1744; baseline -0.001 -18"><span class='ocrx_word' id='word_1_128' title='bbox 114 1661 344 1727; x_wconf 89' lang='lat' dir='ltr'><strong>Conversiones</strong></span> <span class='ocrx_word' id='word_1_129' title='bbox 360 1666 515 1730; x_wconf 86' lang='lat' dir='ltr'><strong>naturales</strong></span> <span class='ocrx_word' id='word_1_130' title='bbox 530 1667 560 1728; x_wconf 91' lang='grc'><strong>66</strong></span> <span class='ocrx_word' id='word_1_131' title='bbox 577 1681 639 1744; x_wconf 89' lang='grc'><strong>666</strong></span> <span class='ocrx_word' id='word_1_132' title='bbox 653 1661 797 1727; x_wconf 84' lang='lat' dir='ltr'><strong>differant</strong></span> <span class='ocrx_word' id='word_1_133' title='bbox 811 1681 828 1726; x_wconf 88' lang='lat' dir='ltr'><strong>a</strong></span> <span class='ocrx_word' id='word_1_134' title='bbox 840 1677 988 1742; x_wconf 90' lang='lat' dir='ltr'><strong>superna·</strong></span> <span class='ocrx_word' id='word_1_135' title='bbox 1029 1665 1088 1729; x_wconf 90' lang='lat' dir='ltr'><strong>Cor</strong></span> <span class='ocrx_word' id='word_1_136' title='bbox 1100 1681 1161 1727; x_wconf 92' lang='lat' dir='ltr'><strong>non</strong></span> <span class='ocrx_word' id='word_1_137' title='bbox 1176 1665 1299 1726; x_wconf 90' lang='lat' dir='ltr'><strong>indurat</strong></span> <span class='ocrx_word' id='word_1_138' title='bbox 1313 1664 1395 1726; x_wconf 87' lang='lat' dir='ltr'><strong>ileos</strong></span> <span class='ocrx_word' id='word_1_139' title='bbox 1422 1666 1629 1742; x_wconf 89' lang='lat' dir='ltr'><strong>impertiendo</strong></span> <span class='ocrx_word' id='word_1_140' title='bbox 1659 1664 1817 1741; x_wconf 88' lang='lat' dir='ltr'><strong>malitiam,</strong></span> <span class='ocrx_word' id='word_1_141' title='bbox 1844 1665 1899 1728; x_wconf 72' lang='lat' dir='ltr'><strong>secl</strong></span> 
     </span>
     <span class='ocr_line' id='line_1_16' title="bbox 154 1744 1785 1826; baseline 0.001 -21"><span class='ocrx_word' id='word_1_142' title='bbox 154 1746 304 1808; x_wconf 90' lang='lat' dir='ltr'><strong>toralibus</strong></span> <span class='ocrx_word' id='word_1_143' title='bbox 320 1745 394 1809; x_wconf 88' lang='grc'><strong>366.</strong></span> <span class='ocrx_word' id='word_1_144' title='bbox 1071 1761 1133 1808; x_wconf 91' lang='grc'><strong>666</strong></span> <span class='ocrx_word' id='word_1_145' title='bbox 1149 1747 1355 1826; x_wconf 91' lang='lat' dir='ltr'><strong>impertiendo</strong></span> <span class='ocrx_word' id='word_1_146' title='bbox 1366 1745 1609 1809; x_wconf 89' lang='lat' dir='ltr'><strong>misericordiam</strong></span> <span class='ocrx_word' id='word_1_147' title='bbox 1626 1745 1699 1807; x_wconf 91' lang='grc'><strong>666.</strong></span> <span class='ocrx_word' id='word_1_148' title='bbox 1713 1744 1785 1806; x_wconf 89' lang='grc'><strong>668.</strong></span> 
     </span>
     <span class='ocr_line' id='line_1_17' title="bbox 111 1825 1900 1908; baseline 0.001 -21"><span class='ocrx_word' id='word_1_149' title='bbox 111 1825 350 1901; x_wconf 79' lang='lat' dir='ltr'><strong>conversiones,</strong></span> <span class='ocrx_word' id='word_1_150' title='bbox 368 1841 446 1908; x_wconf 90' lang='grc'><strong>6666</strong></span> <span class='ocrx_word' id='word_1_151' title='bbox 461 1827 606 1907; x_wconf 90' lang='lat' dir='ltr'><strong>gentiles,</strong></span> <span class='ocrx_word' id='word_1_152' title='bbox 629 1845 646 1890; x_wconf 91' lang='grc'><strong>6</strong></span> <span class='ocrx_word' id='word_1_153' title='bbox 672 1825 738 1890; x_wconf 89' lang='grc'><strong>6666</strong></span> <span class='ocrx_word' id='word_1_154' title='bbox 764 1826 864 1904; x_wconf 89' lang='lat' dir='ltr'><strong>magis</strong></span> <span class='ocrx_word' id='word_1_155' title='bbox 890 1825 986 1888; x_wconf 88' lang='lat' dir='ltr'><strong>lactas</strong></span> <span class='ocrx_word' id='word_1_156' title='bbox 1030 1827 1089 1892; x_wconf 91' lang='lat' dir='ltr'><strong>Cor</strong></span> <span class='ocrx_word' id='word_1_157' title='bbox 1117 1836 1257 1892; x_wconf 90' lang='lat' dir='ltr'><strong>nostrum</strong></span> <span class='ocrx_word' id='word_1_158' title='bbox 1285 1828 1494 1891; x_wconf 89' lang='lat' dir='ltr'><strong>scindendum</strong></span> <span class='ocrx_word' id='word_1_159' title='bbox 1522 1832 1554 1891; x_wconf 88' lang='lat' dir='ltr'><strong>et</strong></span> <span class='ocrx_word' id='word_1_160' title='bbox 1578 1829 1802 1892; x_wconf 90' lang='lat' dir='ltr'><strong>conterendum</strong></span> <span class='ocrx_word' id='word_1_161' title='bbox 1828 1827 1900 1889; x_wconf 86' lang='grc'><strong>633.</strong></span> 
     </span>
     <span class='ocr_line' id='line_1_18' title="bbox 150 1905 1143 1989; baseline 0.004 -21"><span class='ocrx_word' id='word_1_162' title='bbox 150 1909 318 1989; x_wconf 84' lang='lat' dir='ltr'><strong>jactabant,</strong></span> <span class='ocrx_word' id='word_1_163' title='bbox 336 1926 399 1972; x_wconf 91' lang='lat' dir='ltr'><strong>non</strong></span> <span class='ocrx_word' id='word_1_164' title='bbox 414 1911 539 1973; x_wconf 90' lang='lat' dir='ltr'><strong>luerunt</strong></span> <span class='ocrx_word' id='word_1_165' title='bbox 553 1926 642 1974; x_wconf 90' lang='lat' dir='ltr'><strong>verae</strong></span> <span class='ocrx_word' id='word_1_166' title='bbox 667 1909 889 1972; x_wconf 81' lang='lat' dir='ltr'><strong>conversiones</strong></span> <span class='ocrx_word' id='word_1_167' title='bbox 911 1905 985 1969; x_wconf 86' lang='grc'><strong>316.</strong></span> <span class='ocrx_word' id='word_1_168' title='bbox 1070 1909 1143 1972; x_wconf 90' lang='grc'><strong>636.</strong></span> 
     </span>
     <span class='ocr_line' id='line_1_19' title="bbox 109 1988 1611 2070; baseline 0.001 -19"><span class='ocrx_word' id='word_1_169' title='bbox 109 1988 155 2051; x_wconf 85' lang='grc'><strong>66</strong></span> <span class='ocrx_word' id='word_1_170' title='bbox 172 2005 274 2052; x_wconf 88' lang='lat' dir='ltr'><strong>veram</strong></span> <span class='ocrx_word' id='word_1_171' title='bbox 290 1991 525 2054; x_wconf 89' lang='lat' dir='ltr'><strong>conversionem</strong></span> <span class='ocrx_word' id='word_1_172' title='bbox 543 2009 606 2055; x_wconf 93' lang='lat' dir='ltr'><strong>non</strong></span> <span class='ocrx_word' id='word_1_173' title='bbox 623 1990 812 2070; x_wconf 90' lang='lat' dir='ltr'><strong>requiritur,</strong></span> <span class='ocrx_word' id='word_1_174' title='bbox 828 1997 861 2052; x_wconf 93' lang='lat' dir='ltr'><strong>ut</strong></span> <span class='ocrx_word' id='word_1_175' title='bbox 887 1988 930 2062; x_wconf 98' lang='grc'><strong>66,</strong></span> <span class='ocrx_word' id='word_1_176' title='bbox 954 1991 986 2050; x_wconf 91' lang='grc'><strong>66</strong></span> <span class='ocrx_word' id='word_1_177' title='bbox 1031 1992 1130 2056; x_wconf 89' lang='lat' dir='ltr'><strong>Corde</strong></span> <span class='ocrx_word' id='word_1_178' title='bbox 1144 1997 1249 2054; x_wconf 90' lang='lat' dir='ltr'><strong>nostro</strong></span> <span class='ocrx_word' id='word_1_179' title='bbox 1265 1992 1362 2063; x_wconf 85' lang='lat' dir='ltr'><strong>maior</strong></span> <span class='ocrx_word' id='word_1_180' title='bbox 1376 1996 1425 2053; x_wconf 88' lang='lat' dir='ltr'><strong>est</strong></span> <span class='ocrx_word' id='word_1_181' title='bbox 1439 1990 1523 2054; x_wconf 85' lang='grc'><strong>11666</strong></span> <span class='ocrx_word' id='word_1_182' title='bbox 1538 1990 1611 2054; x_wconf 90' lang='grc'><strong>366.</strong></span> 
     </span>
     <span class='ocr_line' id='line_1_20' title="bbox 151 2070 1898 2152; baseline 0 -20"><span class='ocrx_word' id='word_1_183' title='bbox 151 2072 234 2150; x_wconf 91' lang='grc'><strong>6666</strong></span> <span class='ocrx_word' id='word_1_184' title='bbox 251 2075 450 2146; x_wconf 89' lang='lat' dir='ltr'><strong>convertitur,</strong></span> <span class='ocrx_word' id='word_1_185' title='bbox 468 2074 507 2138; x_wconf 91' lang='grc'><strong>66</strong></span> <span class='ocrx_word' id='word_1_186' title='bbox 524 2089 603 2136; x_wconf 89' lang='grc'><strong>6666</strong></span> <span class='ocrx_word' id='word_1_187' title='bbox 618 2074 817 2152; x_wconf 87' lang='lat' dir='ltr'><strong>producatur,</strong></span> <span class='ocrx_word' id='word_1_188' title='bbox 833 2071 889 2134; x_wconf 91' lang='grc'><strong>666</strong></span> <span class='ocrx_word' id='word_1_189' title='bbox 912 2071 987 2134; x_wconf 84' lang='lat' dir='ltr'><strong>satis</strong></span> <span class='ocrx_word' id='word_1_190' title='bbox 1031 2074 1217 2152; x_wconf 83' lang='lat' dir='ltr'><strong>conceptam</strong></span> <span class='ocrx_word' id='word_1_191' title='bbox 1231 2075 1262 2134; x_wconf 92' lang='lat' dir='ltr'><strong>io</strong></span> <span class='ocrx_word' id='word_1_192' title='bbox 1274 2075 1368 2135; x_wconf 91' lang='lat' dir='ltr'><strong>corde</strong></span> <span class='ocrx_word' id='word_1_193' title='bbox 1384 2073 1543 2136; x_wconf 89' lang='lat' dir='ltr'><strong>veritatem</strong></span> <span class='ocrx_word' id='word_1_194' title='bbox 1559 2070 1696 2152; x_wconf 80' lang='lat' dir='ltr'><strong>extingui</strong></span> <span class='ocrx_word' id='word_1_195' title='bbox 1714 2071 1819 2135; x_wconf 90' lang='lat' dir='ltr'><strong>sinere</strong></span> <span class='ocrx_word' id='word_1_196' title='bbox 1831 2087 1898 2150; x_wconf 87' lang='lat' dir='ltr'><strong>gra·</strong></span> 
     </span>
     <span class='ocr_line' id='line_1_21' title="bbox 18 2153 1725 2234; baseline 0.005 -20"><span class='ocrx_word' id='word_1_197' title='bbox 18 2185 24 2198; x_wconf 48' lang='grc' dir='ltr'>ν</span> <span class='ocrx_word' id='word_1_198' title='bbox 153 2159 212 2227; x_wconf 90' lang='lat' dir='ltr'><strong>est,</strong></span> <span class='ocrx_word' id='word_1_199' title='bbox 230 2155 256 2216; x_wconf 94' lang='lat' dir='ltr'><strong>si</strong></span> <span class='ocrx_word' id='word_1_200' title='bbox 274 2173 369 2216; x_wconf 91' lang='lat' dir='ltr'><strong>unum</strong></span> <span class='ocrx_word' id='word_1_201' title='bbox 387 2155 474 2218; x_wconf 85' lang='lat' dir='ltr'><strong>alteri</strong></span> <span class='ocrx_word' id='word_1_202' title='bbox 491 2157 638 2218; x_wconf 88' lang='lat' dir='ltr'><strong>succedat</strong></span> <span class='ocrx_word' id='word_1_203' title='bbox 653 2154 725 2218; x_wconf 90' lang='grc'><strong>366.</strong></span> <span class='ocrx_word' id='word_1_204' title='bbox 916 2219 920 2227; x_wconf 46' lang='grc'><strong>,</strong></span> <span class='ocrx_word' id='word_1_205' title='bbox 1071 2171 1107 2218; x_wconf 90' lang='grc'><strong>66</strong></span> <span class='ocrx_word' id='word_1_206' title='bbox 1123 2162 1284 2234; x_wconf 93' lang='lat' dir='ltr'><strong>peccatum</strong></span> <span class='ocrx_word' id='word_1_207' title='bbox 1298 2162 1346 2218; x_wconf 89' lang='lat' dir='ltr'><strong>est</strong></span> <span class='ocrx_word' id='word_1_208' title='bbox 1360 2153 1433 2217; x_wconf 86' lang='grc'><strong>336.</strong></span> <span class='ocrx_word' id='word_1_209' title='bbox 1720 2217 1725 2223; x_wconf 78' lang='grc'><strong>.</strong></span> 
     </span>
     <span class='ocr_line' id='line_1_22' title="bbox 18 2233 1901 2318; baseline -0.002 -21"><span class='ocrx_word' id='word_1_210' title='bbox 18 2251 25 2310; x_wconf 66' lang='lat' dir='ltr'><strong>r,</strong></span> <span class='ocrx_word' id='word_1_211' title='bbox 107 2234 144 2297; x_wconf 91' lang='lat' dir='ltr'><strong>ln</strong></span> <span class='ocrx_word' id='word_1_212' title='bbox 159 2236 364 2300; x_wconf 85' lang='lat' dir='ltr'><strong>conversione</strong></span> <span class='ocrx_word' id='word_1_213' title='bbox 376 2237 541 2301; x_wconf 87' lang='lat' dir='ltr'><strong>attenditur</strong></span> <span class='ocrx_word' id='word_1_214' title='bbox 554 2239 720 2318; x_wconf 84' lang='lat' dir='ltr'><strong>praecipue</strong></span> <span class='ocrx_word' id='word_1_215' title='bbox 733 2233 883 2298; x_wconf 89' lang='lat' dir='ltr'><strong>terminus</strong></span> <span class='ocrx_word' id='word_1_216' title='bbox 895 2250 911 2295; x_wconf 93' lang='lat' dir='ltr'><strong>a</strong></span> <span class='ocrx_word' id='word_1_217' title='bbox 924 2249 985 2312; x_wconf 85' lang='lat' dir='ltr'><strong>quo</strong></span> <span class='ocrx_word' id='word_1_218' title='bbox 1031 2235 1223 2301; x_wconf 89' lang='lat' dir='ltr'><strong>Corinthium</strong></span> <span class='ocrx_word' id='word_1_219' title='bbox 1237 2238 1448 2299; x_wconf 87' lang='grc'><strong>66666666666</strong></span> <span class='ocrx_word' id='word_1_220' title='bbox 1461 2234 1605 2298; x_wconf 74' lang='lat' dir='ltr'><strong>siculus</strong></span> <span class='ocrx_word' id='word_1_221' title='bbox 1617 2235 1830 2312; x_wconf 81' lang='lat' dir='ltr'><strong>reprehendit,</strong></span> <span class='ocrx_word' id='word_1_222' title='bbox 1847 2250 1901 2293; x_wconf 91' lang='lat' dir='ltr'><strong>ne-</strong></span> 
     </span>
     <span class='ocr_line' id='line_1_23' title="bbox 151 2313 1902 2398; baseline -0.001 -20"><span class='ocrx_word' id='word_1_223' title='bbox 151 2315 225 2380; x_wconf 88' lang='grc'><strong>368.</strong></span> <span class='ocrx_word' id='word_1_224' title='bbox 1069 2321 1260 2398; x_wconf 91' lang='lat' dir='ltr'><strong>queproprie</strong></span> <span class='ocrx_word' id='word_1_225' title='bbox 1271 2319 1358 2380; x_wconf 91' lang='lat' dir='ltr'><strong>illurn</strong></span> <span class='ocrx_word' id='word_1_226' title='bbox 1371 2317 1806 2393; x_wconf 87' lang='lat' dir='ltr'><strong>ahsolrit‚sedabsolutionem</strong></span> <span class='ocrx_word' id='word_1_227' title='bbox 1821 2313 1902 2377; x_wconf 80' lang='grc'><strong>666-</strong></span> 
     </span>
    </p>
   </div>
   <div class='ocr_carea' id='block_1_8' title="bbox 18 2395 1772 2479">
    <p class='ocr_par' dir='ltr' id='par_1_8' title="bbox 18 2395 1772 2479">
     <span class='ocr_line' id='line_1_24' title="bbox 18 2395 1772 2479; baseline 0 -21"><span class='ocrx_word' id='word_1_228' title='bbox 18 2435 22 2443; x_wconf 86' lang='lat'><em>-</em></span> <span class='ocrx_word' id='word_1_229' title='bbox 108 2395 282 2460; x_wconf 83' lang='lat' dir='ltr'><strong>Conversio</strong></span> <span class='ocrx_word' id='word_1_230' title='bbox 296 2399 387 2478; x_wconf 91' lang='lat' dir='ltr'><strong>ponis</strong></span> <span class='ocrx_word' id='word_1_231' title='bbox 404 2399 434 2461; x_wconf 94' lang='grc'><strong>66</strong></span> <span class='ocrx_word' id='word_1_232' title='bbox 451 2416 564 2479; x_wconf 91' lang='lat' dir='ltr'><strong>eorpus</strong></span> <span class='ocrx_word' id='word_1_233' title='bbox 579 2399 714 2474; x_wconf 87' lang='grc'><strong>1166666,</strong></span> <span class='ocrx_word' id='word_1_234' title='bbox 730 2405 778 2463; x_wconf 87' lang='grc'><strong>666</strong></span> <span class='ocrx_word' id='word_1_235' title='bbox 800 2395 987 2477; x_wconf 89' lang='lat' dir='ltr'><strong>perlectissi·</strong></span> <span class='ocrx_word' id='word_1_236' title='bbox 1070 2402 1194 2464; x_wconf 90' lang='lat' dir='ltr'><strong>riothiis</strong></span> <span class='ocrx_word' id='word_1_237' title='bbox 1209 2401 1308 2463; x_wconf 89' lang='lat' dir='ltr'><strong>datam</strong></span> <span class='ocrx_word' id='word_1_238' title='bbox 1322 2399 1501 2478; x_wconf 87' lang='lat' dir='ltr'><strong>approbarit</strong></span> <span class='ocrx_word' id='word_1_239' title='bbox 1514 2397 1587 2460; x_wconf 87' lang='grc'><strong>698.</strong></span> <span class='ocrx_word' id='word_1_240' title='bbox 1605 2397 1680 2460; x_wconf 90' lang='grc'><strong>609.</strong></span> <span class='ocrx_word' id='word_1_241' title='bbox 1698 2397 1772 2460; x_wconf 89' lang='grc'><strong>869.</strong></span> 
     </span>
    </p>
   </div>
   <div class='ocr_carea' id='block_1_9' title="bbox 151 2477 1901 2562">
    <p class='ocr_par' dir='ltr' id='par_1_9' title="bbox 151 2477 1901 2562">
     <span class='ocr_line' id='line_1_25' title="bbox 151 2477 1901 2562; baseline 0 -24"><span class='ocrx_word' id='word_1_242' title='bbox 151 2493 199 2539; x_wconf 92' lang='grc'><strong>66</strong></span> <span class='ocrx_word' id='word_1_243' title='bbox 216 2485 391 2557; x_wconf 89' lang='lat' dir='ltr'><strong>conversio,</strong></span> <span class='ocrx_word' id='word_1_244' title='bbox 408 2487 440 2543; x_wconf 90' lang='lat' dir='ltr'><strong>et</strong></span> <span class='ocrx_word' id='word_1_245' title='bbox 460 2481 660 2562; x_wconf 76' lang='lat' dir='ltr'><strong>distinguitur</strong></span> <span class='ocrx_word' id='word_1_246' title='bbox 681 2482 719 2543; x_wconf 89' lang='lat' dir='ltr'><strong>ab</strong></span> <span class='ocrx_word' id='word_1_247' title='bbox 746 2480 891 2544; x_wconf 92' lang='lat' dir='ltr'><strong>omnihus</strong></span> <span class='ocrx_word' id='word_1_248' title='bbox 916 2479 986 2541; x_wconf 91' lang='grc'><strong>61666</strong></span> <span class='ocrx_word' id='word_1_249' title='bbox 1030 2480 1180 2545; x_wconf 88' lang='lat' dir='ltr'><strong>Corinthii</strong></span> <span class='ocrx_word' id='word_1_250' title='bbox 1193 2483 1360 2545; x_wconf 89' lang='lat' dir='ltr'><strong>utebantur</strong></span> <span class='ocrx_word' id='word_1_251' title='bbox 1389 2481 1635 2560; x_wconf 89' lang='lat' dir='ltr'><strong>utraquespecie</strong></span> <span class='ocrx_word' id='word_1_252' title='bbox 1651 2480 1689 2541; x_wconf 90' lang='lat' dir='ltr'><strong>ad</strong></span> <span class='ocrx_word' id='word_1_253' title='bbox 1704 2477 1901 2541; x_wconf 92' lang='lat' dir='ltr'><strong>Communia·</strong></span> 
     </span>
    </p>
   </div>
   <div class='ocr_carea' id='block_1_10' title="bbox 21 2561 1900 2644">
    <p class='ocr_par' dir='ltr' id='par_1_10' title="bbox 21 2561 1900 2644">
     <span class='ocr_line' id='line_1_26' title="bbox 21 2561 1900 2644; baseline -0.001 -23"><span class='ocrx_word' id='word_1_254' title='bbox 21 2604 24 2621; x_wconf 91' lang='lat'>.</span> <span class='ocrx_word' id='word_1_255' title='bbox 146 2561 370 2624; x_wconf 88' lang='lat' dir='ltr'><strong>mutationibus</strong></span> <span class='ocrx_word' id='word_1_256' title='bbox 385 2561 457 2624; x_wconf 87' lang='grc'><strong>366.</strong></span> <span class='ocrx_word' id='word_1_257' title='bbox 475 2563 548 2626; x_wconf 91' lang='grc'><strong>396.</strong></span> <span class='ocrx_word' id='word_1_258' title='bbox 565 2564 641 2626; x_wconf 85' lang='grc'><strong>6666</strong></span> <span class='ocrx_word' id='word_1_259' title='bbox 658 2563 730 2626; x_wconf 86' lang='grc'><strong>382.</strong></span> <span class='ocrx_word' id='word_1_260' title='bbox 1075 2580 1158 2641; x_wconf 88' lang='grc'><strong>666,</strong></span> <span class='ocrx_word' id='word_1_261' title='bbox 1175 2566 1246 2644; x_wconf 90' lang='grc'><strong>6666</strong></span> <span class='ocrx_word' id='word_1_262' title='bbox 1265 2565 1376 2625; x_wconf 84' lang='lat' dir='ltr'><strong>Paulus</strong></span> <span class='ocrx_word' id='word_1_263' title='bbox 1389 2562 1438 2624; x_wconf 90' lang='lat' dir='ltr'><strong>vel</strong></span> <span class='ocrx_word' id='word_1_264' title='bbox 1452 2561 1573 2624; x_wconf 88' lang='lat' dir='ltr'><strong>Domini</strong></span> <span class='ocrx_word' id='word_1_265' title='bbox 1590 2562 1744 2640; x_wconf 84' lang='lat' dir='ltr'><strong>exemplo,</strong></span> <span class='ocrx_word' id='word_1_266' title='bbox 1769 2562 1816 2622; x_wconf 89' lang='lat' dir='ltr'><strong>vel</strong></span> <span class='ocrx_word' id='word_1_267' title='bbox 1846 2562 1900 2620; x_wconf 91' lang='lat' dir='ltr'><strong>ali·</strong></span> 
     </span>
    </p>
   </div>
   <div class='ocr_carea' id='block_1_11' title="bbox 18 2641 1905 5743">
    <p class='ocr_par' dir='ltr' id='par_1_11' title="bbox 112 2641 1904 2871">
     <span class='ocr_line' id='line_1_27' title="bbox 112 2641 1904 2721; baseline -0.002 -17"><span class='ocrx_word' id='word_1_268' title='bbox 112 2641 283 2704; x_wconf 81' lang='lat' dir='ltr'><strong>Conversio</strong></span> <span class='ocrx_word' id='word_1_269' title='bbox 302 2643 423 2721; x_wconf 84' lang='lat' dir='ltr'><strong>triplex,</strong></span> <span class='ocrx_word' id='word_1_270' title='bbox 441 2645 631 2720; x_wconf 88' lang='lat' dir='ltr'><strong>productiva,</strong></span> <span class='ocrx_word' id='word_1_271' title='bbox 644 2642 804 2706; x_wconf 88' lang='lat' dir='ltr'><strong>adductiva</strong></span> <span class='ocrx_word' id='word_1_272' title='bbox 821 2648 851 2705; x_wconf 89' lang='lat' dir='ltr'><strong>et</strong></span> <span class='ocrx_word' id='word_1_273' title='bbox 863 2655 988 2704; x_wconf 88' lang='lat' dir='ltr'><strong>conser-</strong></span> <span class='ocrx_word' id='word_1_274' title='bbox 1071 2648 1155 2709; x_wconf 93' lang='lat' dir='ltr'><strong>unde</strong></span> <span class='ocrx_word' id='word_1_275' title='bbox 1170 2646 1306 2708; x_wconf 89' lang='lat' dir='ltr'><strong>ostendit</strong></span> <span class='ocrx_word' id='word_1_276' title='bbox 1318 2653 1348 2707; x_wconf 92' lang='lat' dir='ltr'><strong>et</strong></span> <span class='ocrx_word' id='word_1_277' title='bbox 1359 2643 1485 2707; x_wconf 89' lang='lat' dir='ltr'><strong>tradidit</strong></span> <span class='ocrx_word' id='word_1_278' title='bbox 1499 2643 1612 2706; x_wconf 91' lang='lat' dir='ltr'><strong>licitam</strong></span> <span class='ocrx_word' id='word_1_279' title='bbox 1629 2659 1699 2705; x_wconf 90' lang='grc'><strong>6666</strong></span> <span class='ocrx_word' id='word_1_280' title='bbox 1712 2641 1904 2704; x_wconf 89' lang='lat' dir='ltr'><strong>communio·</strong></span> 
     </span>
     <span class='ocr_line' id='line_1_28' title="bbox 158 2722 1904 2805; baseline 0.001 -23"><span class='ocrx_word' id='word_1_281' title='bbox 158 2722 266 2798; x_wconf 90' lang='grc'><strong>666666,</strong></span> <span class='ocrx_word' id='word_1_282' title='bbox 284 2725 448 2786; x_wconf 90' lang='lat' dir='ltr'><strong>conversio</strong></span> <span class='ocrx_word' id='word_1_283' title='bbox 465 2727 554 2804; x_wconf 88' lang='grc'><strong>66666</strong></span> <span class='ocrx_word' id='word_1_284' title='bbox 569 2725 601 2788; x_wconf 92' lang='lat' dir='ltr'><strong>io</strong></span> <span class='ocrx_word' id='word_1_285' title='bbox 618 2741 732 2804; x_wconf 90' lang='lat' dir='ltr'><strong>corpus</strong></span> <span class='ocrx_word' id='word_1_286' title='bbox 747 2724 924 2798; x_wconf 87' lang='lat' dir='ltr'><strong>Christi‚est</strong></span> <span class='ocrx_word' id='word_1_287' title='bbox 938 2725 990 2802; x_wconf 49' lang='lat' dir='ltr'><strong>ads</strong></span> <span class='ocrx_word' id='word_1_288' title='bbox 1072 2744 1143 2790; x_wconf 85' lang='lat' dir='ltr'><strong>nem</strong></span> <span class='ocrx_word' id='word_1_289' title='bbox 1155 2729 1214 2790; x_wconf 89' lang='lat' dir='ltr'><strong>sub</strong></span> <span class='ocrx_word' id='word_1_290' title='bbox 1226 2734 1355 2804; x_wconf 91' lang='lat' dir='ltr'><strong>utraque</strong></span> <span class='ocrx_word' id='word_1_291' title='bbox 1368 2727 1476 2805; x_wconf 90' lang='lat' dir='ltr'><strong>specie</strong></span> <span class='ocrx_word' id='word_1_292' title='bbox 1486 2724 1557 2804; x_wconf 90' lang='grc'><strong>(666</strong></span> <span class='ocrx_word' id='word_1_293' title='bbox 1570 2742 1633 2789; x_wconf 92' lang='grc'><strong>666</strong></span> <span class='ocrx_word' id='word_1_294' title='bbox 1648 2723 1754 2788; x_wconf 89' lang='grc'><strong>666666</strong></span> <span class='ocrx_word' id='word_1_295' title='bbox 1766 2738 1838 2788; x_wconf 88' lang='grc'><strong>6666</strong></span> <span class='ocrx_word' id='word_1_296' title='bbox 1850 2739 1904 2784; x_wconf 88' lang='grc'><strong>66-</strong></span> 
     </span>
     <span class='ocr_line' id='line_1_29' title="bbox 158 2803 1489 2871; baseline 0.005 -7"><span class='ocrx_word' id='word_1_297' title='bbox 158 2803 278 2871; x_wconf 85' lang='grc'><strong>6666666</strong></span> <span class='ocrx_word' id='word_1_298' title='bbox 295 2805 366 2868; x_wconf 90' lang='grc'><strong>366.</strong></span> <span class='ocrx_word' id='word_1_299' title='bbox 383 2804 455 2867; x_wconf 87' lang='grc'><strong>396.</strong></span> <span class='ocrx_word' id='word_1_300' title='bbox 1072 2811 1239 2871; x_wconf 89' lang='lat' dir='ltr'><strong>cessariam</strong></span> <span class='ocrx_word' id='word_1_301' title='bbox 1255 2809 1401 2870; x_wconf 91' lang='lat' dir='ltr'><strong>omnibus</strong></span> <span class='ocrx_word' id='word_1_302' title='bbox 1415 2807 1489 2870; x_wconf 91' lang='grc'><strong>636.</strong></span> 
     </span>
    </p>

    <p class='ocr_par' dir='ltr' id='par_1_12' title="bbox 117 2882 1904 3130">
     <span class='ocr_line' id='line_1_30' title="bbox 117 2882 1904 2968; baseline -0.001 -20"><span class='ocrx_word' id='word_1_303' title='bbox 117 2882 286 2948; x_wconf 88' lang='lat' dir='ltr'><strong>Conversio</strong></span> <span class='ocrx_word' id='word_1_304' title='bbox 302 2890 357 2949; x_wconf 90' lang='lat' dir='ltr'><strong>ista</strong></span> <span class='ocrx_word' id='word_1_305' title='bbox 374 2889 463 2966; x_wconf 90' lang='lat' dir='ltr'><strong>panis</strong></span> <span class='ocrx_word' id='word_1_306' title='bbox 479 2886 508 2948; x_wconf 93' lang='grc'><strong>66</strong></span> <span class='ocrx_word' id='word_1_307' title='bbox 526 2903 639 2967; x_wconf 92' lang='lat' dir='ltr'><strong>corpus</strong></span> <span class='ocrx_word' id='word_1_308' title='bbox 654 2885 778 2960; x_wconf 88' lang='lat' dir='ltr'><strong>Christi,</strong></span> <span class='ocrx_word' id='word_1_309' title='bbox 795 2885 869 2947; x_wconf 89' lang='lat' dir='ltr'><strong>licet</strong></span> <span class='ocrx_word' id='word_1_310' title='bbox 884 2885 986 2946; x_wconf 87' lang='grc'><strong>66666-</strong></span> <span class='ocrx_word' id='word_1_311' title='bbox 1032 2887 1180 2951; x_wconf 86' lang='lat' dir='ltr'><strong>Corinthii</strong></span> <span class='ocrx_word' id='word_1_312' title='bbox 1196 2891 1499 2968; x_wconf 90' lang='lat' dir='ltr'><strong>reprehenduntura</strong></span> <span class='ocrx_word' id='word_1_313' title='bbox 1530 2888 1635 2960; x_wconf 81' lang='lat' dir='ltr'><strong>Paulo,</strong></span> <span class='ocrx_word' id='word_1_314' title='bbox 1666 2887 1750 2966; x_wconf 93' lang='lat' dir='ltr'><strong>qood</strong></span> <span class='ocrx_word' id='word_1_315' title='bbox 1778 2884 1904 2966; x_wconf 90' lang='lat' dir='ltr'><strong>quidam</strong></span> 
     </span>
     <span class='ocr_line' id='line_1_31' title="bbox 156 2967 1901 3048; baseline 0.002 -22"><span class='ocrx_word' id='word_1_316' title='bbox 156 2975 247 3028; x_wconf 91' lang='lat' dir='ltr'><strong>netur</strong></span> <span class='ocrx_word' id='word_1_317' title='bbox 263 2969 293 3029; x_wconf 93' lang='grc'><strong>66</strong></span> <span class='ocrx_word' id='word_1_318' title='bbox 310 2969 511 3048; x_wconf 84' lang='lat' dir='ltr'><strong>subjeetum,</strong></span> <span class='ocrx_word' id='word_1_319' title='bbox 538 2975 642 3032; x_wconf 89' lang='lat' dir='ltr'><strong>tamen</strong></span> <span class='ocrx_word' id='word_1_320' title='bbox 667 2985 730 3031; x_wconf 92' lang='lat' dir='ltr'><strong>non</strong></span> <span class='ocrx_word' id='word_1_321' title='bbox 757 2974 805 3032; x_wconf 89' lang='grc'><strong>666</strong></span> <span class='ocrx_word' id='word_1_322' title='bbox 829 2967 987 3046; x_wconf 90' lang='lat' dir='ltr'><strong>generatio</strong></span> <span class='ocrx_word' id='word_1_323' title='bbox 1071 2987 1108 3032; x_wconf 81' lang='lat' dir='ltr'><strong>en</strong></span> <span class='ocrx_word' id='word_1_324' title='bbox 1120 2971 1334 3034; x_wconf 87' lang='lat' dir='ltr'><strong>eisadlerrent</strong></span> <span class='ocrx_word' id='word_1_325' title='bbox 1348 2971 1385 3031; x_wconf 94' lang='grc'><strong>66</strong></span> <span class='ocrx_word' id='word_1_326' title='bbox 1402 2969 1574 3032; x_wconf 76' lang='lat' dir='ltr'><strong>Ecclesium</strong></span> <span class='ocrx_word' id='word_1_327' title='bbox 1589 2978 1802 3048; x_wconf 89' lang='lat' dir='ltr'><strong>sumptuosam</strong></span> <span class='ocrx_word' id='word_1_328' title='bbox 1831 2985 1901 3029; x_wconf 90' lang='lat' dir='ltr'><strong>coe·</strong></span> 
     </span>
     <span class='ocr_line' id='line_1_32' title="bbox 154 3047 1900 3130; baseline 0 -20"><span class='ocrx_word' id='word_1_329' title='bbox 154 3047 226 3110; x_wconf 89' lang='grc'><strong>396.</strong></span> <span class='ocrx_word' id='word_1_330' title='bbox 1071 3068 1153 3123; x_wconf 90' lang='grc'><strong>666,</strong></span> <span class='ocrx_word' id='word_1_331' title='bbox 1170 3069 1260 3130; x_wconf 89' lang='grc'><strong>6666</strong></span> <span class='ocrx_word' id='word_1_332' title='bbox 1277 3058 1437 3112; x_wconf 88' lang='lat' dir='ltr'><strong>sumerent</strong></span> <span class='ocrx_word' id='word_1_333' title='bbox 1459 3057 1528 3128; x_wconf 90' lang='lat' dir='ltr'><strong>post</strong></span> <span class='ocrx_word' id='word_1_334' title='bbox 1554 3050 1807 3111; x_wconf 89' lang='lat' dir='ltr'><strong>communionem</strong></span> <span class='ocrx_word' id='word_1_335' title='bbox 1837 3068 1900 3128; x_wconf 74' lang='lat' dir='ltr'><strong>mp-</strong></span> 
     </span>
    </p>

    <p class='ocr_par' dir='ltr' id='par_1_13' title="bbox 18 3128 1904 3214">
     <span class='ocr_line' id='line_1_33' title="bbox 18 3128 1904 3214; baseline 0.001 -22"><span class='ocrx_word' id='word_1_336' title='bbox 18 3133 20 3143; x_wconf 92' lang='lat'>&#39;</span> <span class='ocrx_word' id='word_1_337' title='bbox 114 3128 294 3213; x_wconf 67' lang='lat' dir='ltr'><strong>Subiectum</strong></span> <span class='ocrx_word' id='word_1_338' title='bbox 310 3130 340 3195; x_wconf 95' lang='grc'><strong>66</strong></span> <span class='ocrx_word' id='word_1_339' title='bbox 357 3150 419 3214; x_wconf 90' lang='grc'><strong>666</strong></span> <span class='ocrx_word' id='word_1_340' title='bbox 434 3131 584 3213; x_wconf 88' lang='lat' dir='ltr'><strong>recipitur</strong></span> <span class='ocrx_word' id='word_1_341' title='bbox 597 3134 678 3197; x_wconf 89' lang='grc'><strong>66166</strong></span> <span class='ocrx_word' id='word_1_342' title='bbox 694 3131 796 3195; x_wconf 92' lang='grc'><strong>666666</strong></span> <span class='ocrx_word' id='word_1_343' title='bbox 811 3128 986 3194; x_wconf 84' lang='lat' dir='ltr'><strong>conversio·</strong></span> <span class='ocrx_word' id='word_1_344' title='bbox 1072 3135 1249 3205; x_wconf 85' lang='lat' dir='ltr'><strong>storiarum,</strong></span> <span class='ocrx_word' id='word_1_345' title='bbox 1266 3142 1297 3195; x_wconf 92' lang='lat' dir='ltr'><strong>et</strong></span> <span class='ocrx_word' id='word_1_346' title='bbox 1313 3150 1379 3195; x_wconf 87' lang='lat' dir='ltr'><strong>eam</strong></span> <span class='ocrx_word' id='word_1_347' title='bbox 1396 3132 1527 3195; x_wconf 89' lang='lat' dir='ltr'><strong>seorsim</strong></span> <span class='ocrx_word' id='word_1_348' title='bbox 1540 3133 1579 3192; x_wconf 91' lang='lat' dir='ltr'><strong>ab</strong></span> <span class='ocrx_word' id='word_1_349' title='bbox 1592 3133 1671 3206; x_wconf 82' lang='lat' dir='ltr'><strong>aliis,</strong></span> <span class='ocrx_word' id='word_1_350' title='bbox 1686 3131 1817 3193; x_wconf 87' lang='lat' dir='ltr'><strong>maxime</strong></span> <span class='ocrx_word' id='word_1_351' title='bbox 1829 3148 1904 3210; x_wconf 93' lang='lat' dir='ltr'><strong>pau·</strong></span> 
     </span>
    </p>

    <p class='ocr_par' dir='ltr' id='par_1_14' title="bbox 154 3210 1770 3295">
     <span class='ocr_line' id='line_1_34' title="bbox 154 3210 1770 3295; baseline -0.001 -21"><span class='ocrx_word' id='word_1_352' title='bbox 154 3214 354 3291; x_wconf 88' lang='grc'><strong>6666666616</strong></span> <span class='ocrx_word' id='word_1_353' title='bbox 377 3232 492 3293; x_wconf 90' lang='lat' dir='ltr'><strong>eorpus</strong></span> <span class='ocrx_word' id='word_1_354' title='bbox 514 3214 651 3287; x_wconf 85' lang='lat' dir='ltr'><strong>Christi,</strong></span> <span class='ocrx_word' id='word_1_355' title='bbox 678 3214 786 3295; x_wconf 88' lang='lat' dir='ltr'><strong>partim</strong></span> <span class='ocrx_word' id='word_1_356' title='bbox 813 3220 861 3275; x_wconf 90' lang='lat' dir='ltr'><strong>est</strong></span> <span class='ocrx_word' id='word_1_357' title='bbox 883 3214 984 3290; x_wconf 85' lang='lat' dir='ltr'><strong>panis,</strong></span> <span class='ocrx_word' id='word_1_358' title='bbox 1073 3218 1200 3294; x_wconf 85' lang='lat' dir='ltr'><strong>peribus</strong></span> <span class='ocrx_word' id='word_1_359' title='bbox 1214 3218 1414 3279; x_wconf 87' lang='lat' dir='ltr'><strong>absumerent</strong></span> <span class='ocrx_word' id='word_1_360' title='bbox 1428 3214 1501 3275; x_wconf 82' lang='grc'><strong>633.</strong></span> <span class='ocrx_word' id='word_1_361' title='bbox 1518 3212 1590 3274; x_wconf 84' lang='grc'><strong>638.</strong></span> <span class='ocrx_word' id='word_1_362' title='bbox 1607 3212 1679 3275; x_wconf 89' lang='grc'><strong>639.</strong></span> <span class='ocrx_word' id='word_1_363' title='bbox 1697 3210 1770 3274; x_wconf 82' lang='grc'><strong>366.</strong></span> 
     </span>
    </p>

    <p class='ocr_par' dir='ltr' id='par_1_15' title="bbox 154 3294 1905 3441">
     <span class='ocr_line' id='line_1_35' title="bbox 154 3294 1905 3441; baseline 0.001 -86"><span class='ocrx_word' id='word_1_364' title='bbox 154 3297 263 3373; x_wconf 87' lang='lat' dir='ltr'><strong>partim</strong></span> <span class='ocrx_word' id='word_1_365' title='bbox 279 3312 392 3440; x_wconf 41' lang='lat' dir='ltr'><strong>agapus</strong></span> <span class='ocrx_word' id='word_1_366' title='bbox 407 3295 519 3361; x_wconf 86' lang='lat' dir='ltr'><strong>Christi</strong></span> <span class='ocrx_word' id='word_1_367' title='bbox 534 3296 686 3361; x_wconf 81' lang='grc'><strong>36811666</strong></span> <span class='ocrx_word' id='word_1_368' title='bbox 702 3295 829 3361; x_wconf 90' lang='grc'><strong>666666</strong></span> <span class='ocrx_word' id='word_1_369' title='bbox 844 3309 923 3373; x_wconf 87' lang='grc'><strong>6666</strong></span> <span class='ocrx_word' id='word_1_370' title='bbox 939 3294 983 3355; x_wconf 89' lang='lat' dir='ltr'><strong>di·</strong></span> <span class='ocrx_word' id='word_1_371' title='bbox 1032 3298 1165 3441; x_wconf 41' lang='grc'><strong>16666366</strong></span> <span class='ocrx_word' id='word_1_372' title='bbox 1182 3300 1281 3377; x_wconf 90' lang='lat' dir='ltr'><strong>arguit</strong></span> <span class='ocrx_word' id='word_1_373' title='bbox 1296 3297 1385 3375; x_wconf 91' lang='lat' dir='ltr'><strong>quasi</strong></span> <span class='ocrx_word' id='word_1_374' title='bbox 1400 3297 1486 3358; x_wconf 86' lang='lat' dir='ltr'><strong>Pauli</strong></span> <span class='ocrx_word' id='word_1_375' title='bbox 1503 3295 1630 3357; x_wconf 91' lang='lat' dir='ltr'><strong>nomine</strong></span> <span class='ocrx_word' id='word_1_376' title='bbox 1653 3294 1905 3374; x_wconf 78' lang='lat' dir='ltr'><strong>Theophyiaotns</strong></span> 
     </span>
    </p>

    <p class='ocr_par' dir='ltr' id='par_1_16' title="bbox 155 3381 1150 3441">
     <span class='ocr_line' id='line_1_36' title="bbox 155 3381 1150 3441; baseline 0.002 -4"><span class='ocrx_word' id='word_1_377' title='bbox 155 3383 266 3438; x_wconf 89' lang='lat' dir='ltr'><strong>cuntur</strong></span> <span class='ocrx_word' id='word_1_378' title='bbox 346 3424 354 3439; x_wconf 94' lang='lat'><strong>.</strong></span> <span class='ocrx_word' id='word_1_379' title='bbox 1077 3381 1150 3441; x_wconf 90' lang='grc'><strong>66.</strong></span> 
     </span>
    </p>

    <p class='ocr_par' dir='ltr' id='par_1_17' title="bbox 18 3455 1904 3535">
     <span class='ocr_line' id='line_1_37' title="bbox 18 3455 1904 3535; baseline -0.001 -16"><span class='ocrx_word' id='word_1_380' title='bbox 18 3508 19 3535; x_wconf 69' lang='grc'><strong>,</strong></span> <span class='ocrx_word' id='word_1_381' title='bbox 112 3456 204 3520; x_wconf 83' lang='grc'><strong>61166</strong></span> <span class='ocrx_word' id='word_1_382' title='bbox 221 3464 268 3522; x_wconf 89' lang='grc'><strong>666</strong></span> <span class='ocrx_word' id='word_1_383' title='bbox 283 3460 413 3523; x_wconf 89' lang='lat' dir='ltr'><strong>transire</strong></span> <span class='ocrx_word' id='word_1_384' title='bbox 429 3459 466 3523; x_wconf 89' lang='lat' dir='ltr'><strong>de</strong></span> <span class='ocrx_word' id='word_1_385' title='bbox 485 3475 547 3522; x_wconf 93' lang='lat' dir='ltr'><strong>uno</strong></span> <span class='ocrx_word' id='word_1_386' title='bbox 562 3460 600 3522; x_wconf 93' lang='lat' dir='ltr'><strong>ad</strong></span> <span class='ocrx_word' id='word_1_387' title='bbox 615 3460 711 3532; x_wconf 91' lang='grc'><strong>61666,</strong></span> <span class='ocrx_word' id='word_1_388' title='bbox 734 3457 817 3521; x_wconf 89' lang='grc'><strong>61666</strong></span> <span class='ocrx_word' id='word_1_389' title='bbox 843 3457 985 3530; x_wconf 87' lang='lat' dir='ltr'><strong>transire,</strong></span> <span class='ocrx_word' id='word_1_390' title='bbox 1036 3462 1118 3523; x_wconf 87' lang='lat' dir='ltr'><strong>llaec</strong></span> <span class='ocrx_word' id='word_1_391' title='bbox 1132 3457 1358 3523; x_wconf 89' lang='lat' dir='ltr'><strong>Corinthiorum</strong></span> <span class='ocrx_word' id='word_1_392' title='bbox 1374 3474 1470 3520; x_wconf 90' lang='lat' dir='ltr'><strong>coena</strong></span> <span class='ocrx_word' id='word_1_393' title='bbox 1488 3463 1552 3519; x_wconf 89' lang='lat' dir='ltr'><strong>erat</strong></span> <span class='ocrx_word' id='word_1_394' title='bbox 1567 3455 1651 3519; x_wconf 93' lang='lat' dir='ltr'><strong>illius</strong></span> <span class='ocrx_word' id='word_1_395' title='bbox 1666 3456 1804 3535; x_wconf 90' lang='lat' dir='ltr'><strong>generis,</strong></span> <span class='ocrx_word' id='word_1_396' title='bbox 1821 3461 1904 3534; x_wconf 87' lang='lat' dir='ltr'><strong>quod</strong></span> 
     </span>
    </p>

    <p class='ocr_par' dir='ltr' id='par_1_18' title="bbox 18 3535 1903 3622">
     <span class='ocr_line' id='line_1_38' title="bbox 18 3535 1903 3622; baseline -0.001 -22"><span class='ocrx_word' id='word_1_397' title='bbox 18 3548 19 3557; x_wconf 76' lang='grc'>’</span> <span class='ocrx_word' id='word_1_398' title='bbox 154 3540 203 3601; x_wconf 90' lang='grc'><strong>661</strong></span> <span class='ocrx_word' id='word_1_399' title='bbox 219 3545 354 3604; x_wconf 88' lang='lat' dir='ltr'><strong>converti</strong></span> <span class='ocrx_word' id='word_1_400' title='bbox 374 3558 467 3604; x_wconf 92' lang='lat' dir='ltr'><strong>unum</strong></span> <span class='ocrx_word' id='word_1_401' title='bbox 485 3543 515 3603; x_wconf 94' lang='grc'><strong>66</strong></span> <span class='ocrx_word' id='word_1_402' title='bbox 534 3542 632 3614; x_wconf 87' lang='grc'><strong>66666,</strong></span> <span class='ocrx_word' id='word_1_403' title='bbox 648 3547 678 3603; x_wconf 89' lang='grc'><strong>61</strong></span> <span class='ocrx_word' id='word_1_404' title='bbox 693 3542 752 3603; x_wconf 90' lang='lat' dir='ltr'><strong>hoc</strong></span> <span class='ocrx_word' id='word_1_405' title='bbox 767 3542 906 3603; x_wconf 89' lang='grc'><strong>6666666</strong></span> <span class='ocrx_word' id='word_1_406' title='bbox 922 3555 986 3599; x_wconf 91' lang='lat' dir='ltr'><strong>mo·</strong></span> <span class='ocrx_word' id='word_1_407' title='bbox 1073 3535 1180 3605; x_wconf 86' lang='lat' dir='ltr'><strong>Graeci</strong></span> <span class='ocrx_word' id='word_1_408' title='bbox 1196 3538 1298 3622; x_wconf 78' lang='grc' dir='ltr'><strong>ἀγάπη</strong></span> <span class='ocrx_word' id='word_1_409' title='bbox 1320 3539 1482 3602; x_wconf 73' lang='lat' dir='ltr'><strong>uocabant</strong></span> <span class='ocrx_word' id='word_1_410' title='bbox 1509 3538 1583 3600; x_wconf 90' lang='grc'><strong>662.</strong></span> <span class='ocrx_word' id='word_1_411' title='bbox 1607 3538 1667 3600; x_wconf 86' lang='grc'><strong>663</strong></span> <span class='ocrx_word' id='word_1_412' title='bbox 1694 3538 1776 3600; x_wconf 83' lang='grc'><strong>6666</strong></span> <span class='ocrx_word' id='word_1_413' title='bbox 1792 3538 1903 3600; x_wconf 90' lang='lat' dir='ltr'><strong>eodem</strong></span> 
     </span>
    </p>

    <p class='ocr_par' dir='ltr' id='par_1_19' title="bbox 154 3618 1902 3702">
     <span class='ocr_line' id='line_1_39' title="bbox 154 3618 1902 3702; baseline 0 -20"><span class='ocrx_word' id='word_1_414' title='bbox 154 3620 194 3682; x_wconf 93' lang='lat' dir='ltr'><strong>do</strong></span> <span class='ocrx_word' id='word_1_415' title='bbox 211 3622 300 3697; x_wconf 91' lang='lat' dir='ltr'><strong>panis</strong></span> <span class='ocrx_word' id='word_1_416' title='bbox 316 3626 434 3699; x_wconf 88' lang='lat' dir='ltr'><strong>transit,</strong></span> <span class='ocrx_word' id='word_1_417' title='bbox 451 3623 500 3686; x_wconf 93' lang='grc'><strong>661</strong></span> <span class='ocrx_word' id='word_1_418' title='bbox 515 3626 702 3687; x_wconf 90' lang='lat' dir='ltr'><strong>convertitur</strong></span> <span class='ocrx_word' id='word_1_419' title='bbox 716 3624 747 3685; x_wconf 93' lang='lat' dir='ltr'><strong>in</strong></span> <span class='ocrx_word' id='word_1_420' title='bbox 763 3638 878 3702; x_wconf 91' lang='lat' dir='ltr'><strong>corpus</strong></span> <span class='ocrx_word' id='word_1_421' title='bbox 901 3619 985 3683; x_wconf 89' lang='lat' dir='ltr'><strong>Chri·</strong></span> <span class='ocrx_word' id='word_1_422' title='bbox 1072 3625 1165 3686; x_wconf 83' lang='lat' dir='ltr'><strong>Paulo</strong></span> <span class='ocrx_word' id='word_1_423' title='bbox 1181 3631 1304 3685; x_wconf 91' lang='lat' dir='ltr'><strong>vocatur</strong></span> <span class='ocrx_word' id='word_1_424' title='bbox 1319 3637 1414 3683; x_wconf 87' lang='grc'><strong>66666</strong></span> <span class='ocrx_word' id='word_1_425' title='bbox 1430 3620 1564 3691; x_wconf 82' lang='lat' dir='ltr'><strong>Domini,</strong></span> <span class='ocrx_word' id='word_1_426' title='bbox 1580 3622 1651 3698; x_wconf 93' lang='lat' dir='ltr'><strong>quia</strong></span> <span class='ocrx_word' id='word_1_427' title='bbox 1678 3618 1773 3680; x_wconf 83' lang='lat' dir='ltr'><strong>debet</strong></span> <span class='ocrx_word' id='word_1_428' title='bbox 1802 3618 1840 3681; x_wconf 91' lang='lat' dir='ltr'><strong>ad</strong></span> <span class='ocrx_word' id='word_1_429' title='bbox 1856 3636 1902 3682; x_wconf 89' lang='lat' dir='ltr'><strong>re·</strong></span> 
     </span>
    </p>

    <p class='ocr_par' dir='ltr' id='par_1_20' title="bbox 155 3700 1898 3784">
     <span class='ocr_line' id='line_1_40' title="bbox 155 3700 1898 3784; baseline -0.001 -21"><span class='ocrx_word' id='word_1_430' title='bbox 155 3702 285 3766; x_wconf 88' lang='grc'><strong>616391.</strong></span> <span class='ocrx_word' id='word_1_431' title='bbox 1071 3705 1326 3784; x_wconf 85' lang='lat' dir='ltr'><strong>praesentandam</strong></span> <span class='ocrx_word' id='word_1_432' title='bbox 1356 3718 1486 3764; x_wconf 86' lang='lat' dir='ltr'><strong>coenam</strong></span> <span class='ocrx_word' id='word_1_433' title='bbox 1513 3700 1794 3763; x_wconf 84' lang='grc'><strong>96666661666666</strong></span> <span class='ocrx_word' id='word_1_434' title='bbox 1827 3716 1898 3762; x_wconf 92' lang='lat' dir='ltr'><strong>cum</strong></span> 
     </span>
    </p>

    <p class='ocr_par' dir='ltr' id='par_1_21' title="bbox 18 3772 1902 3867">
     <span class='ocr_line' id='line_1_41' title="bbox 18 3772 1902 3867; baseline 0 -24"><span class='ocrx_word' id='word_1_435' title='bbox 18 3772 19 3811; x_wconf 65' lang='lat'>¹</span> <span class='ocrx_word' id='word_1_436' title='bbox 110 3780 149 3843; x_wconf 89' lang='lat' dir='ltr'><strong>In</strong></span> <span class='ocrx_word' id='word_1_437' title='bbox 168 3785 372 3849; x_wconf 88' lang='lat' dir='ltr'><strong>conversione</strong></span> <span class='ocrx_word' id='word_1_438' title='bbox 387 3802 501 3867; x_wconf 88' lang='lat' dir='ltr'><strong>eorpus</strong></span> <span class='ocrx_word' id='word_1_439' title='bbox 513 3786 624 3852; x_wconf 88' lang='lat' dir='ltr'><strong>Christi</strong></span> <span class='ocrx_word' id='word_1_440' title='bbox 639 3784 747 3865; x_wconf 88' lang='lat' dir='ltr'><strong>incipit</strong></span> <span class='ocrx_word' id='word_1_441' title='bbox 759 3800 828 3849; x_wconf 90' lang='lat' dir='ltr'><strong>esse</strong></span> <span class='ocrx_word' id='word_1_442' title='bbox 841 3785 872 3846; x_wconf 93' lang='grc'><strong>66</strong></span> <span class='ocrx_word' id='word_1_443' title='bbox 885 3800 987 3846; x_wconf 90' lang='lat' dir='ltr'><strong>sacra·</strong></span> <span class='ocrx_word' id='word_1_444' title='bbox 1072 3788 1247 3865; x_wconf 88' lang='lat' dir='ltr'><strong>discipulis,</strong></span> <span class='ocrx_word' id='word_1_445' title='bbox 1264 3793 1294 3847; x_wconf 91' lang='lat' dir='ltr'><strong>et</strong></span> <span class='ocrx_word' id='word_1_446' title='bbox 1306 3784 1397 3846; x_wconf 91' lang='lat' dir='ltr'><strong>etiam</strong></span> <span class='ocrx_word' id='word_1_447' title='bbox 1412 3785 1484 3861; x_wconf 89' lang='lat' dir='ltr'><strong>quia</strong></span> <span class='ocrx_word' id='word_1_448' title='bbox 1498 3784 1593 3846; x_wconf 87' lang='lat' dir='ltr'><strong>flebat</strong></span> <span class='ocrx_word' id='word_1_449' title='bbox 1607 3780 1723 3843; x_wconf 88' lang='grc'><strong>661666</strong></span> <span class='ocrx_word' id='word_1_450' title='bbox 1738 3797 1839 3852; x_wconf 87' lang='lat' dir='ltr'><strong>sacro,</strong></span> <span class='ocrx_word' id='word_1_451' title='bbox 1871 3792 1902 3843; x_wconf 89' lang='lat' dir='ltr'><strong>et</strong></span> 
     </span>
    </p>

    <p class='ocr_par' dir='ltr' id='par_1_22' title="bbox 155 3862 1900 3948">
     <span class='ocr_line' id='line_1_42' title="bbox 155 3862 1900 3948; baseline -0.002 -21"><span class='ocrx_word' id='word_1_452' title='bbox 155 3873 272 3940; x_wconf 92' lang='lat' dir='ltr'><strong>mento,</strong></span> <span class='ocrx_word' id='word_1_453' title='bbox 290 3884 351 3930; x_wconf 92' lang='lat' dir='ltr'><strong>non</strong></span> <span class='ocrx_word' id='word_1_454' title='bbox 368 3870 638 3947; x_wconf 87' lang='lat' dir='ltr'><strong>permutationem</strong></span> <span class='ocrx_word' id='word_1_455' title='bbox 654 3868 715 3942; x_wconf 93' lang='lat' dir='ltr'><strong>sul,</strong></span> <span class='ocrx_word' id='word_1_456' title='bbox 731 3868 786 3931; x_wconf 89' lang='lat' dir='ltr'><strong>sed</strong></span> <span class='ocrx_word' id='word_1_457' title='bbox 810 3884 866 3947; x_wconf 90' lang='lat' dir='ltr'><strong>per</strong></span> <span class='ocrx_word' id='word_1_458' title='bbox 891 3872 986 3927; x_wconf 89' lang='lat' dir='ltr'><strong>mutu·</strong></span> <span class='ocrx_word' id='word_1_459' title='bbox 1073 3871 1144 3948; x_wconf 91' lang='lat' dir='ltr'><strong>quia</strong></span> <span class='ocrx_word' id='word_1_460' title='bbox 1160 3867 1409 3948; x_wconf 80' lang='lat' dir='ltr'><strong>conjungebatur</strong></span> <span class='ocrx_word' id='word_1_461' title='bbox 1423 3882 1493 3929; x_wconf 92' lang='lat' dir='ltr'><strong>cum</strong></span> <span class='ocrx_word' id='word_1_462' title='bbox 1523 3862 1734 3929; x_wconf 83' lang='lat' dir='ltr'><strong>iluctraristiae</strong></span> <span class='ocrx_word' id='word_1_463' title='bbox 1762 3878 1900 3927; x_wconf 90' lang='lat' dir='ltr'><strong>eommo-</strong></span> 
     </span>
    </p>

    <p class='ocr_par' dir='ltr' id='par_1_23' title="bbox 18 3948 1318 4029">
     <span class='ocr_line' id='line_1_43' title="bbox 18 3948 1318 4029; baseline 0.002 -22"><span class='ocrx_word' id='word_1_464' title='bbox 18 4012 20 4019; x_wconf 58' lang='grc'><strong>,</strong></span> <span class='ocrx_word' id='word_1_465' title='bbox 159 3948 273 4010; x_wconf 90' lang='lat' dir='ltr'><strong>tionem</strong></span> <span class='ocrx_word' id='word_1_466' title='bbox 291 3948 426 4027; x_wconf 88' lang='grc'><strong>6666666</strong></span> <span class='ocrx_word' id='word_1_467' title='bbox 445 3950 546 4029; x_wconf 90' lang='grc'><strong>66666</strong></span> <span class='ocrx_word' id='word_1_468' title='bbox 562 3948 636 4013; x_wconf 88' lang='grc'><strong>368.</strong></span> <span class='ocrx_word' id='word_1_469' title='bbox 1075 3951 1229 4013; x_wconf 92' lang='lat' dir='ltr'><strong>nicatione</strong></span> <span class='ocrx_word' id='word_1_470' title='bbox 1245 3949 1318 4010; x_wconf 87' lang='grc'><strong>316.</strong></span> 
     </span>
    </p>

    <p class='ocr_par' dir='ltr' id='par_1_24' title="bbox 18 4024 1901 4111">
     <span class='ocr_line' id='line_1_44' title="bbox 18 4024 1901 4111; baseline -0.001 -21"><span class='ocrx_word' id='word_1_471' title='bbox 18 4094 19 4097; x_wconf 59' lang='grc'><strong>,</strong></span> <span class='ocrx_word' id='word_1_472' title='bbox 114 4024 294 4092; x_wconf 91' lang='lat' dir='ltr'><strong>Convivium</strong></span> <span class='ocrx_word' id='word_1_473' title='bbox 322 4032 361 4093; x_wconf 95' lang='lat' dir='ltr'><strong>ob</strong></span> <span class='ocrx_word' id='word_1_474' title='bbox 377 4029 569 4107; x_wconf 77' lang='lat' dir='ltr'><strong>refrigerium</strong></span> <span class='ocrx_word' id='word_1_475' title='bbox 586 4048 756 4111; x_wconf 90' lang='lat' dir='ltr'><strong>pauperum</strong></span> <span class='ocrx_word' id='word_1_476' title='bbox 772 4030 853 4109; x_wconf 93' lang='lat' dir='ltr'><strong>quod</strong></span> <span class='ocrx_word' id='word_1_477' title='bbox 885 4026 986 4109; x_wconf 79' lang='grc' dir='ltr'>ἀγάπη</span> <span class='ocrx_word' id='word_1_478' title='bbox 1006 4072 1007 4075; x_wconf 63' lang='lat'><strong>,</strong></span> <span class='ocrx_word' id='word_1_479' title='bbox 1032 4030 1194 4095; x_wconf 89' lang='lat' dir='ltr'><strong>Cornelius</strong></span> <span class='ocrx_word' id='word_1_480' title='bbox 1209 4030 1349 4093; x_wconf 91' lang='lat' dir='ltr'><strong>centurio</strong></span> <span class='ocrx_word' id='word_1_481' title='bbox 1365 4044 1427 4090; x_wconf 90' lang='lat' dir='ltr'><strong>non</strong></span> <span class='ocrx_word' id='word_1_482' title='bbox 1443 4025 1551 4089; x_wconf 89' lang='lat' dir='ltr'><strong>habuit</strong></span> <span class='ocrx_word' id='word_1_483' title='bbox 1566 4033 1794 4089; x_wconf 88' lang='lat' dir='ltr'><strong>sacramentum</strong></span> <span class='ocrx_word' id='word_1_484' title='bbox 1822 4024 1901 4089; x_wconf 89' lang='lat' dir='ltr'><strong>Con-</strong></span> 
     </span>
    </p>

    <p class='ocr_par' dir='ltr' id='par_1_25' title="bbox 156 4107 1901 4190">
     <span class='ocr_line' id='line_1_45' title="bbox 156 4107 1901 4190; baseline -0.001 -18"><span class='ocrx_word' id='word_1_485' title='bbox 156 4111 417 4190; x_wconf 85' lang='grc'><strong>6666116666662.</strong></span> <span class='ocrx_word' id='word_1_486' title='bbox 441 4112 514 4176; x_wconf 90' lang='grc'><strong>663.</strong></span> <span class='ocrx_word' id='word_1_487' title='bbox 540 4112 618 4177; x_wconf 87' lang='lat' dir='ltr'><strong>Vide</strong></span> <span class='ocrx_word' id='word_1_488' title='bbox 643 4114 681 4175; x_wconf 93' lang='lat' dir='ltr'><strong>ad</strong></span> <span class='ocrx_word' id='word_1_489' title='bbox 709 4114 768 4174; x_wconf 93' lang='lat' dir='ltr'><strong>boc</strong></span> <span class='ocrx_word' id='word_1_490' title='bbox 794 4115 987 4190; x_wconf 92' lang='lat' dir='ltr'><strong>propositum</strong></span> <span class='ocrx_word' id='word_1_491' title='bbox 1074 4114 1253 4177; x_wconf 89' lang='lat' dir='ltr'><strong>ilrmationis</strong></span> <span class='ocrx_word' id='word_1_492' title='bbox 1268 4118 1338 4173; x_wconf 92' lang='lat' dir='ltr'><strong>ante</strong></span> <span class='ocrx_word' id='word_1_493' title='bbox 1353 4112 1554 4188; x_wconf 88' lang='lat' dir='ltr'><strong>Baptismum,</strong></span> <span class='ocrx_word' id='word_1_494' title='bbox 1568 4110 1624 4171; x_wconf 88' lang='grc'><strong>666</strong></span> <span class='ocrx_word' id='word_1_495' title='bbox 1641 4107 1784 4169; x_wconf 75' lang='lat' dir='ltr'><strong>ellectum</strong></span> <span class='ocrx_word' id='word_1_496' title='bbox 1798 4124 1901 4170; x_wconf 86' lang='lat' dir='ltr'><strong>samo·</strong></span> 
     </span>
    </p>

    <p class='ocr_par' dir='ltr' id='par_1_26' title="bbox 155 4188 1896 4275">
     <span class='ocr_line' id='line_1_46' title="bbox 155 4188 1896 4275; baseline -0.001 -22"><span class='ocrx_word' id='word_1_497' title='bbox 155 4208 236 4270; x_wconf 89' lang='grc'><strong>6666</strong></span> <span class='ocrx_word' id='word_1_498' title='bbox 251 4191 481 4256; x_wconf 78' lang='grc'><strong>6666616633.</strong></span> <span class='ocrx_word' id='word_1_499' title='bbox 499 4193 571 4257; x_wconf 86' lang='grc'><strong>638.</strong></span> <span class='ocrx_word' id='word_1_500' title='bbox 588 4194 660 4275; x_wconf 81' lang='grc'><strong>639.</strong></span> <span class='ocrx_word' id='word_1_501' title='bbox 677 4194 750 4257; x_wconf 87' lang='grc'><strong>661.</strong></span> <span class='ocrx_word' id='word_1_502' title='bbox 766 4193 922 4273; x_wconf 72' lang='lat' dir='ltr'><strong>iniquae</strong></span> <span class='ocrx_word' id='word_1_503' title='bbox 935 4208 988 4255; x_wconf 91' lang='lat' dir='ltr'><strong>no·</strong></span> <span class='ocrx_word' id='word_1_504' title='bbox 1073 4196 1168 4258; x_wconf 89' lang='lat' dir='ltr'><strong>menti</strong></span> <span class='ocrx_word' id='word_1_505' title='bbox 1182 4194 1429 4257; x_wconf 88' lang='lat' dir='ltr'><strong>Conilrmationis</strong></span> <span class='ocrx_word' id='word_1_506' title='bbox 1445 4190 1568 4269; x_wconf 84' lang='lat' dir='ltr'><strong>abipso</strong></span> <span class='ocrx_word' id='word_1_507' title='bbox 1585 4191 1647 4252; x_wconf 91' lang='lat' dir='ltr'><strong>ileo</strong></span> <span class='ocrx_word' id='word_1_508' title='bbox 1664 4188 1842 4251; x_wconf 86' lang='lat' dir='ltr'><strong>immediate</strong></span> <span class='ocrx_word' id='word_1_509' title='bbox 1857 4190 1896 4251; x_wconf 87' lang='lat' dir='ltr'><strong>si·</strong></span> 
     </span>
    </p>

    <p class='ocr_par' dir='ltr' id='par_1_27' title="bbox 156 4273 1409 4340">
     <span class='ocr_line' id='line_1_47' title="bbox 156 4273 1409 4340; baseline -0.002 -4"><span class='ocrx_word' id='word_1_510' title='bbox 156 4279 260 4336; x_wconf 86' lang='lat' dir='ltr'><strong>tantur</strong></span> <span class='ocrx_word' id='word_1_511' title='bbox 276 4274 308 4336; x_wconf 91' lang='grc'><strong>66</strong></span> <span class='ocrx_word' id='word_1_512' title='bbox 324 4274 417 4338; x_wconf 88' lang='lat' dir='ltr'><strong>verbo</strong></span> <span class='ocrx_word' id='word_1_513' title='bbox 430 4274 593 4339; x_wconf 88' lang='lat' dir='ltr'><strong>Corinthii.</strong></span> <span class='ocrx_word' id='word_1_514' title='bbox 1076 4293 1114 4340; x_wconf 90' lang='grc'><strong>66</strong></span> <span class='ocrx_word' id='word_1_515' title='bbox 1128 4282 1321 4339; x_wconf 90' lang='lat' dir='ltr'><strong>sacramento</strong></span> <span class='ocrx_word' id='word_1_516' title='bbox 1337 4273 1409 4335; x_wconf 88' lang='grc'><strong>633.</strong></span> 
     </span>
    </p>

    <p class='ocr_par' dir='ltr' id='par_1_28' title="bbox 18 4352 1897 4437">
     <span class='ocr_line' id='line_1_48' title="bbox 18 4352 1897 4437; baseline -0.003 -18"><span class='ocrx_word' id='word_1_517' title='bbox 18 4356 21 4397; x_wconf 71' lang='lat' dir='ltr'><strong>l</strong></span> <span class='ocrx_word' id='word_1_518' title='bbox 115 4355 234 4434; x_wconf 88' lang='lat' dir='ltr'><strong>Copula</strong></span> <span class='ocrx_word' id='word_1_519' title='bbox 250 4356 436 4437; x_wconf 86' lang='lat' dir='ltr'><strong>coniugalis.</strong></span> <span class='ocrx_word' id='word_1_520' title='bbox 453 4357 550 4437; x_wconf 85' lang='lat' dir='ltr'><strong>Supra</strong></span> <span class='ocrx_word' id='word_1_521' title='bbox 567 4374 596 4421; x_wconf 88' lang='lat' dir='ltr'><strong>v.</strong></span> <span class='ocrx_word' id='word_1_522' title='bbox 613 4356 731 4421; x_wconf 85' lang='lat' dir='ltr'><strong>Coitus.</strong></span> <span class='ocrx_word' id='word_1_523' title='bbox 1033 4358 1121 4422; x_wconf 92' lang='lat' dir='ltr'><strong>Idem</strong></span> <span class='ocrx_word' id='word_1_524' title='bbox 1134 4359 1253 4435; x_wconf 88' lang='lat' dir='ltr'><strong>accepit</strong></span> <span class='ocrx_word' id='word_1_525' title='bbox 1269 4363 1338 4418; x_wconf 89' lang='lat' dir='ltr'><strong>ante</strong></span> <span class='ocrx_word' id='word_1_526' title='bbox 1351 4356 1537 4434; x_wconf 79' lang='lat' dir='ltr'><strong>baptismam</strong></span> <span class='ocrx_word' id='word_1_527' title='bbox 1553 4352 1770 4415; x_wconf 86' lang='lat' dir='ltr'><strong>remissionem</strong></span> <span class='ocrx_word' id='word_1_528' title='bbox 1787 4366 1897 4430; x_wconf 89' lang='grc'><strong>66666-</strong></span> 
     </span>
    </p>

    <p class='ocr_par' dir='ltr' id='par_1_29' title="bbox 114 4436 1722 4525">
     <span class='ocr_line' id='line_1_49' title="bbox 114 4436 1722 4525; baseline -0.001 -24"><span class='ocrx_word' id='word_1_529' title='bbox 114 4436 234 4517; x_wconf 85' lang='lat' dir='ltr'><strong>Copula</strong></span> <span class='ocrx_word' id='word_1_530' title='bbox 250 4438 425 4518; x_wconf 75' lang='lat' dir='ltr'><strong>oonJugalis</strong></span> <span class='ocrx_word' id='word_1_531' title='bbox 451 4454 512 4503; x_wconf 93' lang='lat' dir='ltr'><strong>non</strong></span> <span class='ocrx_word' id='word_1_532' title='bbox 540 4446 587 4501; x_wconf 90' lang='grc'><strong>661</strong></span> <span class='ocrx_word' id='word_1_533' title='bbox 612 4443 863 4512; x_wconf 91' lang='lat' dir='ltr'><strong>sacramentum,</strong></span> <span class='ocrx_word' id='word_1_534' title='bbox 887 4452 990 4517; x_wconf 90' lang='lat' dir='ltr'><strong>neque</strong></span> <span class='ocrx_word' id='word_1_535' title='bbox 1076 4447 1175 4503; x_wconf 92' lang='lat' dir='ltr'><strong>torum</strong></span> <span class='ocrx_word' id='word_1_536' title='bbox 1190 4439 1264 4501; x_wconf 88' lang='grc'><strong>662.</strong></span> <span class='ocrx_word' id='word_1_537' title='bbox 1716 4514 1722 4525; x_wconf 31' lang='lat'>¹</span> 
     </span>
    </p>

    <p class='ocr_par' dir='ltr' id='par_1_30' title="bbox 18 4514 1898 4597">
     <span class='ocr_line' id='line_1_50' title="bbox 18 4514 1898 4597; baseline -0.003 -18"><span class='ocrx_word' id='word_1_538' title='bbox 18 4520 20 4561; x_wconf 75' lang='lat' dir='ltr'><strong>l</strong></span> <span class='ocrx_word' id='word_1_539' title='bbox 154 4534 227 4597; x_wconf 90' lang='lat' dir='ltr'><strong>pars</strong></span> <span class='ocrx_word' id='word_1_540' title='bbox 243 4518 419 4583; x_wconf 89' lang='lat' dir='ltr'><strong>essentialis</strong></span> <span class='ocrx_word' id='word_1_541' title='bbox 444 4522 628 4583; x_wconf 88' lang='lat' dir='ltr'><strong>sacramenti</strong></span> <span class='ocrx_word' id='word_1_542' title='bbox 654 4521 859 4593; x_wconf 83' lang='grc'><strong>6666666666,</strong></span> <span class='ocrx_word' id='word_1_543' title='bbox 888 4520 926 4581; x_wconf 90' lang='grc'><strong>666</strong></span> <span class='ocrx_word' id='word_1_544' title='bbox 956 4523 991 4582; x_wconf 89' lang='grc'><strong>66</strong></span> <span class='ocrx_word' id='word_1_545' title='bbox 1034 4520 1458 4595; x_wconf 82' lang='grc'><strong>666661666166666666666.</strong></span> <span class='ocrx_word' id='word_1_546' title='bbox 1488 4516 1540 4578; x_wconf 89' lang='grc'><strong>39.</strong></span> <span class='ocrx_word' id='word_1_547' title='bbox 1571 4514 1763 4579; x_wconf 85' lang='lat' dir='ltr'><strong>Concordiae</strong></span> <span class='ocrx_word' id='word_1_548' title='bbox 1793 4517 1898 4575; x_wconf 89' lang='lat' dir='ltr'><strong>eontra</strong></span> 
     </span>
    </p>

    <p class='ocr_par' dir='ltr' id='par_1_31' title="bbox 156 4594 1902 4681">
     <span class='ocr_line' id='line_1_51' title="bbox 156 4594 1902 4681; baseline -0.004 -19"><span class='ocrx_word' id='word_1_549' title='bbox 156 4599 292 4663; x_wconf 88' lang='grc'><strong>61666116</strong></span> <span class='ocrx_word' id='word_1_550' title='bbox 308 4609 532 4663; x_wconf 87' lang='lat' dir='ltr'><strong>sacramentnm</strong></span> <span class='ocrx_word' id='word_1_551' title='bbox 549 4617 693 4665; x_wconf 87' lang='lat' dir='ltr'><strong>essenon</strong></span> <span class='ocrx_word' id='word_1_552' title='bbox 711 4604 821 4681; x_wconf 87' lang='lat' dir='ltr'><strong>possit:</strong></span> <span class='ocrx_word' id='word_1_553' title='bbox 838 4602 893 4664; x_wconf 91' lang='lat' dir='ltr'><strong>sed</strong></span> <span class='ocrx_word' id='word_1_554' title='bbox 924 4608 989 4663; x_wconf 91' lang='lat' dir='ltr'><strong>tan·</strong></span> <span class='ocrx_word' id='word_1_555' title='bbox 1076 4620 1272 4667; x_wconf 89' lang='lat' dir='ltr'><strong>communem</strong></span> <span class='ocrx_word' id='word_1_556' title='bbox 1301 4602 1479 4680; x_wconf 89' lang='lat' dir='ltr'><strong>opinionem</strong></span> <span class='ocrx_word' id='word_1_557' title='bbox 1496 4599 1547 4669; x_wconf 88' lang='lat' dir='ltr'><strong>ait,</strong></span> <span class='ocrx_word' id='word_1_558' title='bbox 1578 4599 1610 4659; x_wconf 92' lang='lat' dir='ltr'><strong>in</strong></span> <span class='ocrx_word' id='word_1_559' title='bbox 1625 4598 1657 4658; x_wconf 93' lang='grc'><strong>6.</strong></span> <span class='ocrx_word' id='word_1_560' title='bbox 1688 4614 1757 4673; x_wconf 92' lang='grc'><strong>666.</strong></span> <span class='ocrx_word' id='word_1_561' title='bbox 1773 4594 1902 4657; x_wconf 86' lang='lat' dir='ltr'><strong>loannis</strong></span> 
     </span>
    </p>

    <p class='ocr_par' dir='ltr' id='par_1_32' title="bbox 156 4679 1902 4763">
     <span class='ocr_line' id='line_1_52' title="bbox 156 4679 1902 4763; baseline -0.002 -23"><span class='ocrx_word' id='word_1_562' title='bbox 156 4687 218 4743; x_wconf 94' lang='lat' dir='ltr'><strong>tum</strong></span> <span class='ocrx_word' id='word_1_563' title='bbox 235 4698 305 4759; x_wconf 91' lang='lat' dir='ltr'><strong>pars</strong></span> <span class='ocrx_word' id='word_1_564' title='bbox 319 4680 490 4761; x_wconf 85' lang='lat' dir='ltr'><strong>integralis,</strong></span> <span class='ocrx_word' id='word_1_565' title='bbox 506 4688 537 4745; x_wconf 89' lang='lat' dir='ltr'><strong>et</strong></span> <span class='ocrx_word' id='word_1_566' title='bbox 551 4683 623 4745; x_wconf 88' lang='lat' dir='ltr'><strong>ideo</strong></span> <span class='ocrx_word' id='word_1_567' title='bbox 638 4690 709 4746; x_wconf 91' lang='lat' dir='ltr'><strong>ante</strong></span> <span class='ocrx_word' id='word_1_568' title='bbox 724 4683 989 4761; x_wconf 72' lang='lat' dir='ltr'><strong>copulamappel·</strong></span> <span class='ocrx_word' id='word_1_569' title='bbox 1076 4702 1138 4749; x_wconf 90' lang='lat' dir='ltr'><strong>non</strong></span> <span class='ocrx_word' id='word_1_570' title='bbox 1154 4687 1202 4763; x_wconf 86' lang='lat' dir='ltr'><strong>agi</strong></span> <span class='ocrx_word' id='word_1_571' title='bbox 1218 4686 1257 4747; x_wconf 92' lang='lat' dir='ltr'><strong>de</strong></span> <span class='ocrx_word' id='word_1_572' title='bbox 1272 4679 1486 4747; x_wconf 89' lang='lat' dir='ltr'><strong>sacramentali</strong></span> <span class='ocrx_word' id='word_1_573' title='bbox 1502 4679 1739 4740; x_wconf 84' lang='lat' dir='ltr'><strong>manducatione</strong></span> <span class='ocrx_word' id='word_1_574' title='bbox 1769 4684 1800 4739; x_wconf 90' lang='lat' dir='ltr'><strong>et</strong></span> <span class='ocrx_word' id='word_1_575' title='bbox 1828 4683 1902 4755; x_wconf 93' lang='lat' dir='ltr'><strong>potu</strong></span> 
     </span>
    </p>

    <p class='ocr_par' dir='ltr' id='par_1_33' title="bbox 155 4758 1755 4845">
     <span class='ocr_line' id='line_1_53' title="bbox 155 4758 1755 4845; baseline -0.003 -22"><span class='ocrx_word' id='word_1_576' title='bbox 155 4762 235 4823; x_wconf 88' lang='lat' dir='ltr'><strong>latur</strong></span> <span class='ocrx_word' id='word_1_577' title='bbox 245 4762 470 4826; x_wconf 79' lang='lat' dir='ltr'><strong>Matrimonium</strong></span> <span class='ocrx_word' id='word_1_578' title='bbox 483 4771 581 4826; x_wconf 87' lang='lat' dir='ltr'><strong>return</strong></span> <span class='ocrx_word' id='word_1_579' title='bbox 608 4780 669 4828; x_wconf 94' lang='lat' dir='ltr'><strong>non</strong></span> <span class='ocrx_word' id='word_1_580' title='bbox 682 4771 928 4828; x_wconf 90' lang='lat' dir='ltr'><strong>consummatum</strong></span> <span class='ocrx_word' id='word_1_581' title='bbox 943 4782 990 4827; x_wconf 89' lang='lat' dir='ltr'><strong>sa·</strong></span> <span class='ocrx_word' id='word_1_582' title='bbox 1077 4767 1216 4845; x_wconf 90' lang='lat' dir='ltr'><strong>eorporis</strong></span> <span class='ocrx_word' id='word_1_583' title='bbox 1232 4773 1263 4828; x_wconf 90' lang='lat' dir='ltr'><strong>at</strong></span> <span class='ocrx_word' id='word_1_584' title='bbox 1276 4762 1437 4843; x_wconf 87' lang='lat' dir='ltr'><strong>sanguinis</strong></span> <span class='ocrx_word' id='word_1_585' title='bbox 1449 4761 1569 4822; x_wconf 90' lang='grc'><strong>1166666</strong></span> <span class='ocrx_word' id='word_1_586' title='bbox 1593 4760 1666 4821; x_wconf 87' lang='grc'><strong>233.</strong></span> <span class='ocrx_word' id='word_1_587' title='bbox 1682 4758 1755 4820; x_wconf 92' lang='grc'><strong>236.</strong></span> 
     </span>
    </p>

    <p class='ocr_par' dir='ltr' id='par_1_34' title="bbox 18 4838 1900 4929">
     <span class='ocr_line' id='line_1_54' title="bbox 18 4838 1900 4929; baseline -0.004 -24"><span class='ocrx_word' id='word_1_588' title='bbox 18 4874 20 4889; x_wconf 75' lang='lat'>=</span> <span class='ocrx_word' id='word_1_589' title='bbox 161 4852 354 4907; x_wconf 85' lang='lat' dir='ltr'><strong>crementum</strong></span> <span class='ocrx_word' id='word_1_590' title='bbox 372 4844 443 4907; x_wconf 88' lang='grc'><strong>683.</strong></span> <span class='ocrx_word' id='word_1_591' title='bbox 462 4844 533 4907; x_wconf 89' lang='grc'><strong>686.</strong></span> <span class='ocrx_word' id='word_1_592' title='bbox 1036 4851 1154 4929; x_wconf 83' lang='lat' dir='ltr'><strong>Corpus</strong></span> <span class='ocrx_word' id='word_1_593' title='bbox 1169 4865 1264 4910; x_wconf 89' lang='lat' dir='ltr'><strong>unum</strong></span> <span class='ocrx_word' id='word_1_594' title='bbox 1279 4861 1400 4913; x_wconf 89' lang='lat' dir='ltr'><strong>sumus,</strong></span> <span class='ocrx_word' id='word_1_595' title='bbox 1416 4844 1488 4922; x_wconf 92' lang='grc'><strong>6666</strong></span> <span class='ocrx_word' id='word_1_596' title='bbox 1503 4843 1542 4903; x_wconf 91' lang='grc'><strong>66</strong></span> <span class='ocrx_word' id='word_1_597' title='bbox 1559 4858 1619 4903; x_wconf 89' lang='grc'><strong>666</strong></span> <span class='ocrx_word' id='word_1_598' title='bbox 1637 4857 1715 4913; x_wconf 86' lang='grc'><strong>6666</strong></span> <span class='ocrx_word' id='word_1_599' title='bbox 1738 4838 1900 4919; x_wconf 87' lang='lat' dir='ltr'><strong>participa·</strong></span> 
     </span>
    </p>

    <p class='ocr_par' dir='ltr' id='par_1_35' title="bbox 18 4922 1900 5007">
     <span class='ocr_line' id='line_1_55' title="bbox 18 4922 1900 5007; baseline -0.005 -20"><span class='ocrx_word' id='word_1_600' title='bbox 18 4932 21 4973; x_wconf 74' lang='lat' dir='ltr'><strong>i</strong></span> <span class='ocrx_word' id='word_1_601' title='bbox 114 4924 231 5004; x_wconf 89' lang='lat' dir='ltr'><strong>Copula</strong></span> <span class='ocrx_word' id='word_1_602' title='bbox 247 4926 421 5007; x_wconf 87' lang='lat' dir='ltr'><strong>conjugalis</strong></span> <span class='ocrx_word' id='word_1_603' title='bbox 436 4928 558 5004; x_wconf 90' lang='lat' dir='ltr'><strong>quando</strong></span> <span class='ocrx_word' id='word_1_604' title='bbox 570 4926 771 5005; x_wconf 89' lang='lat' dir='ltr'><strong>subsequitur</strong></span> <span class='ocrx_word' id='word_1_605' title='bbox 799 4933 870 5006; x_wconf 87' lang='lat' dir='ltr'><strong>post</strong></span> <span class='ocrx_word' id='word_1_606' title='bbox 897 4943 991 5004; x_wconf 93' lang='lat' dir='ltr'><strong>spon·</strong></span> <span class='ocrx_word' id='word_1_607' title='bbox 1079 4946 1159 5006; x_wconf 90' lang='lat' dir='ltr'><strong>mus,</strong></span> <span class='ocrx_word' id='word_1_608' title='bbox 1173 4936 1203 4990; x_wconf 89' lang='grc'><strong>66</strong></span> <span class='ocrx_word' id='word_1_609' title='bbox 1219 4929 1290 5007; x_wconf 88' lang='grc'><strong>6616</strong></span> <span class='ocrx_word' id='word_1_610' title='bbox 1307 4944 1361 5005; x_wconf 90' lang='lat' dir='ltr'><strong>per</strong></span> <span class='ocrx_word' id='word_1_611' title='bbox 1378 4926 1566 5001; x_wconf 82' lang='lat' dir='ltr'><strong>Baptismum</strong></span> <span class='ocrx_word' id='word_1_612' title='bbox 1596 4922 1775 5001; x_wconf 87' lang='lat' dir='ltr'><strong>accepimus</strong></span> <span class='ocrx_word' id='word_1_613' title='bbox 1805 4937 1900 4982; x_wconf 91' lang='lat' dir='ltr'><strong>unum</strong></span> 
     </span>
    </p>

    <p class='ocr_par' dir='ltr' id='par_1_36' title="bbox 18 5004 1567 5091">
     <span class='ocr_line' id='line_1_56' title="bbox 18 5004 1567 5091; baseline -0.003 -22"><span class='ocrx_word' id='word_1_614' title='bbox 18 5014 20 5055; x_wconf 76' lang='lat'>2</span> <span class='ocrx_word' id='word_1_615' title='bbox 156 5006 231 5069; x_wconf 88' lang='lat' dir='ltr'><strong>salia</strong></span> <span class='ocrx_word' id='word_1_616' title='bbox 247 5024 303 5087; x_wconf 91' lang='lat' dir='ltr'><strong>per</strong></span> <span class='ocrx_word' id='word_1_617' title='bbox 315 5008 405 5070; x_wconf 89' lang='lat' dir='ltr'><strong>verba</strong></span> <span class='ocrx_word' id='word_1_618' title='bbox 421 5006 460 5071; x_wconf 90' lang='lat' dir='ltr'><strong>do</strong></span> <span class='ocrx_word' id='word_1_619' title='bbox 476 5008 588 5084; x_wconf 81' lang='lat' dir='ltr'><strong>loturo,</strong></span> <span class='ocrx_word' id='word_1_620' title='bbox 602 5006 713 5071; x_wconf 87' lang='lat' dir='ltr'><strong>ellectu</strong></span> <span class='ocrx_word' id='word_1_621' title='bbox 742 5008 885 5083; x_wconf 90' lang='lat' dir='ltr'><strong>maritali;</strong></span> <span class='ocrx_word' id='word_1_622' title='bbox 917 5016 989 5071; x_wconf 89' lang='lat' dir='ltr'><strong>tunc</strong></span> <span class='ocrx_word' id='word_1_623' title='bbox 1077 5012 1218 5091; x_wconf 90' lang='lat' dir='ltr'><strong>spiritum</strong></span> <span class='ocrx_word' id='word_1_624' title='bbox 1231 5010 1284 5072; x_wconf 88' lang='grc'><strong>93.</strong></span> <span class='ocrx_word' id='word_1_625' title='bbox 1315 5007 1386 5070; x_wconf 87' lang='grc'><strong>666.</strong></span> <span class='ocrx_word' id='word_1_626' title='bbox 1406 5008 1476 5067; x_wconf 82' lang='grc'><strong>196.</strong></span> <span class='ocrx_word' id='word_1_627' title='bbox 1493 5004 1567 5066; x_wconf 86' lang='grc'><strong>2613.</strong></span> 
     </span>
    </p>

    <p class='ocr_par' dir='ltr' id='par_1_37' title="bbox 156 5084 1903 5171">
     <span class='ocr_line' id='line_1_57' title="bbox 156 5084 1903 5171; baseline -0.003 -24"><span class='ocrx_word' id='word_1_628' title='bbox 156 5087 209 5148; x_wconf 92' lang='grc'><strong>6116</strong></span> <span class='ocrx_word' id='word_1_629' title='bbox 225 5090 337 5169; x_wconf 90' lang='grc'><strong>666616</strong></span> <span class='ocrx_word' id='word_1_630' title='bbox 353 5096 436 5153; x_wconf 85' lang='grc'><strong>16666</strong></span> <span class='ocrx_word' id='word_1_631' title='bbox 464 5090 563 5152; x_wconf 91' lang='lat' dir='ltr'><strong>vicem</strong></span> <span class='ocrx_word' id='word_1_632' title='bbox 588 5090 770 5165; x_wconf 91' lang='lat' dir='ltr'><strong>verborum,</strong></span> <span class='ocrx_word' id='word_1_633' title='bbox 801 5105 991 5153; x_wconf 89' lang='lat' dir='ltr'><strong>consensum</strong></span> <span class='ocrx_word' id='word_1_634' title='bbox 1038 5094 1157 5171; x_wconf 90' lang='lat' dir='ltr'><strong>Corpus</strong></span> <span class='ocrx_word' id='word_1_635' title='bbox 1173 5110 1277 5162; x_wconf 89' lang='grc'><strong>6666,</strong></span> <span class='ocrx_word' id='word_1_636' title='bbox 1293 5096 1440 5166; x_wconf 88' lang='grc'><strong>6666666</strong></span> <span class='ocrx_word' id='word_1_637' title='bbox 1455 5093 1513 5160; x_wconf 85' lang='lat' dir='ltr'><strong>est3</strong></span> <span class='ocrx_word' id='word_1_638' title='bbox 1530 5091 1560 5146; x_wconf 88' lang='lat' dir='ltr'><strong>et</strong></span> <span class='ocrx_word' id='word_1_639' title='bbox 1575 5084 1645 5163; x_wconf 91' lang='lat' dir='ltr'><strong>quio</strong></span> <span class='ocrx_word' id='word_1_640' title='bbox 1662 5089 1822 5163; x_wconf 89' lang='lat' dir='ltr'><strong>quantum,</strong></span> <span class='ocrx_word' id='word_1_641' title='bbox 1852 5098 1903 5143; x_wconf 83' lang='grc'><strong>66·</strong></span> 
     </span>
    </p>

    <p class='ocr_par' dir='ltr' id='par_1_38' title="bbox 157 5166 1557 5249">
     <span class='ocr_line' id='line_1_58' title="bbox 157 5166 1557 5249; baseline -0.003 -20"><span class='ocrx_word' id='word_1_642' title='bbox 157 5175 297 5233; x_wconf 89' lang='grc'><strong>666666</strong></span> <span class='ocrx_word' id='word_1_643' title='bbox 313 5170 566 5249; x_wconf 81' lang='lat' dir='ltr'><strong>exprimentium,</strong></span> <span class='ocrx_word' id='word_1_644' title='bbox 578 5177 608 5235; x_wconf 90' lang='grc'><strong>66</strong></span> <span class='ocrx_word' id='word_1_645' title='bbox 620 5172 690 5235; x_wconf 88' lang='grc'><strong>6666</strong></span> <span class='ocrx_word' id='word_1_646' title='bbox 703 5170 741 5233; x_wconf 93' lang='grc'><strong>66</strong></span> <span class='ocrx_word' id='word_1_647' title='bbox 754 5171 880 5233; x_wconf 85' lang='lat' dir='ltr'><strong>turmam</strong></span> <span class='ocrx_word' id='word_1_648' title='bbox 893 5170 993 5235; x_wconf 85' lang='lat' dir='ltr'><strong>Matri·</strong></span> <span class='ocrx_word' id='word_1_649' title='bbox 1079 5183 1199 5236; x_wconf 90' lang='lat' dir='ltr'><strong>tensum</strong></span> <span class='ocrx_word' id='word_1_650' title='bbox 1216 5172 1287 5235; x_wconf 85' lang='grc'><strong>336.</strong></span> <span class='ocrx_word' id='word_1_651' title='bbox 1305 5170 1378 5232; x_wconf 87' lang='grc'><strong>331.</strong></span> <span class='ocrx_word' id='word_1_652' title='bbox 1395 5168 1470 5230; x_wconf 85' lang='grc'><strong>1666</strong></span> <span class='ocrx_word' id='word_1_653' title='bbox 1485 5166 1557 5227; x_wconf 82' lang='grc'><strong>336.</strong></span> 
     </span>
    </p>

    <p class='ocr_par' dir='ltr' id='par_1_39' title="bbox 160 5243 1903 5337">
     <span class='ocr_line' id='line_1_59' title="bbox 160 5243 1903 5337; baseline -0.011 -14"><span class='ocrx_word' id='word_1_654' title='bbox 160 5251 254 5313; x_wconf 72' lang='grc'><strong>6610611</strong></span> <span class='ocrx_word' id='word_1_655' title='bbox 269 5253 403 5331; x_wconf 68' lang='grc'><strong>66611661</strong></span> <span class='ocrx_word' id='word_1_656' title='bbox 418 5250 490 5314; x_wconf 73' lang='grc'><strong>786·</strong></span> <span class='ocrx_word' id='word_1_657' title='bbox 1040 5256 1158 5334; x_wconf 89' lang='lat' dir='ltr'><strong>Corpus</strong></span> <span class='ocrx_word' id='word_1_658' title='bbox 1175 5256 1291 5317; x_wconf 90' lang='lat' dir='ltr'><strong>nullam</strong></span> <span class='ocrx_word' id='word_1_659' title='bbox 1309 5253 1445 5313; x_wconf 89' lang='lat' dir='ltr'><strong>existens</strong></span> <span class='ocrx_word' id='word_1_660' title='bbox 1461 5250 1491 5309; x_wconf 94' lang='grc'><strong>66</strong></span> <span class='ocrx_word' id='word_1_661' title='bbox 1508 5251 1576 5309; x_wconf 87' lang='grc'><strong>6666</strong></span> <span class='ocrx_word' id='word_1_662' title='bbox 1593 5246 1783 5337; x_wconf 69' lang='grc' dir='ltr'><strong>6666616666ἶ</strong></span> <span class='ocrx_word' id='word_1_663' title='bbox 1811 5243 1903 5312; x_wconf 84' lang='lat' dir='ltr'><strong>idest,</strong></span> 
     </span>
    </p>

    <p class='ocr_par' dir='ltr' id='par_1_40' title="bbox 18 5330 1905 5581">
     <span class='ocr_line' id='line_1_60' title="bbox 18 5330 1903 5414; baseline -0.002 -25"><span class='ocrx_word' id='word_1_664' title='bbox 18 5344 22 5389; x_wconf 81' lang='lat'><strong>‚¹</strong></span> <span class='ocrx_word' id='word_1_665' title='bbox 117 5330 192 5395; x_wconf 87' lang='lat' dir='ltr'><strong>Sine</strong></span> <span class='ocrx_word' id='word_1_666' title='bbox 209 5334 320 5412; x_wconf 91' lang='lat' dir='ltr'><strong>copula</strong></span> <span class='ocrx_word' id='word_1_667' title='bbox 343 5332 513 5414; x_wconf 88' lang='lat' dir='ltr'><strong>conjugali,</strong></span> <span class='ocrx_word' id='word_1_668' title='bbox 541 5333 732 5414; x_wconf 88' lang='lat' dir='ltr'><strong>conjugium,</strong></span> <span class='ocrx_word' id='word_1_669' title='bbox 763 5338 990 5397; x_wconf 88' lang='lat' dir='ltr'><strong>sacramentum</strong></span> <span class='ocrx_word' id='word_1_670' title='bbox 1079 5338 1253 5401; x_wconf 91' lang='lat' dir='ltr'><strong>secundnm</strong></span> <span class='ocrx_word' id='word_1_671' title='bbox 1267 5335 1392 5396; x_wconf 90' lang='lat' dir='ltr'><strong>modum</strong></span> <span class='ocrx_word' id='word_1_672' title='bbox 1409 5337 1535 5392; x_wconf 88' lang='lat' dir='ltr'><strong>naturae</strong></span> <span class='ocrx_word' id='word_1_673' title='bbox 1551 5345 1626 5391; x_wconf 89' lang='grc'><strong>6666</strong></span> <span class='ocrx_word' id='word_1_674' title='bbox 1654 5332 1903 5401; x_wconf 87' lang='lat' dir='ltr'><strong>eonvementem,</strong></span> 
     </span>
     <span class='ocr_line' id='line_1_61' title="bbox 158 5410 1892 5501; baseline -0.003 -26"><span class='ocrx_word' id='word_1_675' title='bbox 158 5415 283 5490; x_wconf 91' lang='lat' dir='ltr'><strong>quidem</strong></span> <span class='ocrx_word' id='word_1_676' title='bbox 300 5421 357 5489; x_wconf 88' lang='grc'><strong>666,</strong></span> <span class='ocrx_word' id='word_1_677' title='bbox 375 5415 432 5477; x_wconf 89' lang='grc'><strong>666</strong></span> <span class='ocrx_word' id='word_1_678' title='bbox 448 5416 547 5492; x_wconf 87' lang='grc'><strong>616666</strong></span> <span class='ocrx_word' id='word_1_679' title='bbox 565 5432 602 5479; x_wconf 89' lang='lat' dir='ltr'><strong>ex</strong></span> <span class='ocrx_word' id='word_1_680' title='bbox 617 5421 703 5496; x_wconf 86' lang='lat' dir='ltr'><strong>parto</strong></span> <span class='ocrx_word' id='word_1_681' title='bbox 719 5415 945 5493; x_wconf 78' lang='lat' dir='ltr'><strong>imperfectum,</strong></span> <span class='ocrx_word' id='word_1_682' title='bbox 959 5423 992 5478; x_wconf 91' lang='grc'><strong>66</strong></span> <span class='ocrx_word' id='word_1_683' title='bbox 1080 5410 1600 5497; x_wconf 76' lang='lat' dir='ltr'><strong>potestesseubiquetotum352.</strong></span> <span class='ocrx_word' id='word_1_684' title='bbox 1842 5488 1849 5501; x_wconf 33' lang='lat'>⁸</span> <span class='ocrx_word' id='word_1_685' title='bbox 1887 5489 1892 5501; x_wconf 32' lang='grc' dir='ltr'>ι</span> 
     </span>
     <span class='ocr_line' id='line_1_62' title="bbox 157 5488 1905 5581; baseline -0.003 -26"><span class='ocrx_word' id='word_1_686' title='bbox 157 5510 219 5557; x_wconf 91' lang='lat' dir='ltr'><strong>non</strong></span> <span class='ocrx_word' id='word_1_687' title='bbox 236 5503 482 5559; x_wconf 88' lang='lat' dir='ltr'><strong>consummatum</strong></span> <span class='ocrx_word' id='word_1_688' title='bbox 499 5494 571 5559; x_wconf 91' lang='grc'><strong>686.</strong></span> <span class='ocrx_word' id='word_1_689' title='bbox 1036 5501 1155 5581; x_wconf 89' lang='lat' dir='ltr'><strong>Corpus</strong></span> <span class='ocrx_word' id='word_1_690' title='bbox 1173 5515 1234 5560; x_wconf 92' lang='grc'><strong>666</strong></span> <span class='ocrx_word' id='word_1_691' title='bbox 1251 5503 1353 5577; x_wconf 89' lang='grc'><strong>666666</strong></span> <span class='ocrx_word' id='word_1_692' title='bbox 1368 5494 1504 5571; x_wconf 90' lang='lat' dir='ltr'><strong>separari</strong></span> <span class='ocrx_word' id='word_1_693' title='bbox 1521 5510 1538 5554; x_wconf 93' lang='grc'><strong>6</strong></span> <span class='ocrx_word' id='word_1_694' title='bbox 1554 5490 1646 5553; x_wconf 92' lang='grc'><strong>6666</strong></span> <span class='ocrx_word' id='word_1_695' title='bbox 1662 5506 1719 5552; x_wconf 89' lang='grc'><strong>666</strong></span> <span class='ocrx_word' id='word_1_696' title='bbox 1732 5488 1905 5557; x_wconf 76' lang='lat' dir='ltr'><strong>essentiali,</strong></span> 
     </span>
    </p>

    <p class='ocr_par' dir='ltr' id='par_1_41' title="bbox 115 5570 1905 5743">
     <span class='ocr_line' id='line_1_63' title="bbox 115 5570 1905 5663; baseline -0.004 -25"><span class='ocrx_word' id='word_1_697' title='bbox 115 5573 232 5655; x_wconf 87' lang='lat' dir='ltr'><strong>Copula</strong></span> <span class='ocrx_word' id='word_1_698' title='bbox 248 5578 422 5657; x_wconf 83' lang='lat' dir='ltr'><strong>conjugalis</strong></span> <span class='ocrx_word' id='word_1_699' title='bbox 437 5588 522 5641; x_wconf 90' lang='lat' dir='ltr'><strong>aetus</strong></span> <span class='ocrx_word' id='word_1_700' title='bbox 537 5577 699 5642; x_wconf 80' lang='lat' dir='ltr'><strong>beatificus</strong></span> <span class='ocrx_word' id='word_1_701' title='bbox 711 5578 749 5641; x_wconf 88' lang='lat' dir='ltr'><strong>ab</strong></span> <span class='ocrx_word' id='word_1_702' title='bbox 762 5577 929 5657; x_wconf 78' lang='lat' dir='ltr'><strong>Augustino</strong></span> <span class='ocrx_word' id='word_1_703' title='bbox 943 5580 987 5641; x_wconf 92' lang='lat' dir='ltr'><strong>di·</strong></span> <span class='ocrx_word' id='word_1_704' title='bbox 1076 5584 1114 5645; x_wconf 92' lang='lat' dir='ltr'><strong>ita</strong></span> <span class='ocrx_word' id='word_1_705' title='bbox 1131 5580 1225 5643; x_wconf 89' lang='grc'><strong>661666</strong></span> <span class='ocrx_word' id='word_1_706' title='bbox 1241 5581 1271 5641; x_wconf 93' lang='lat' dir='ltr'><strong>in</strong></span> <span class='ocrx_word' id='word_1_707' title='bbox 1287 5595 1322 5641; x_wconf 92' lang='lat' dir='ltr'><strong>se</strong></span> <span class='ocrx_word' id='word_1_708' title='bbox 1338 5574 1538 5647; x_wconf 89' lang='lat' dir='ltr'><strong>indivisibile,</strong></span> <span class='ocrx_word' id='word_1_709' title='bbox 1556 5573 1611 5635; x_wconf 89' lang='grc'><strong>666</strong></span> <span class='ocrx_word' id='word_1_710' title='bbox 1640 5578 1742 5649; x_wconf 89' lang='grc'><strong>661666</strong></span> <span class='ocrx_word' id='word_1_711' title='bbox 1770 5590 1786 5632; x_wconf 88' lang='grc'><strong>6</strong></span> <span class='ocrx_word' id='word_1_712' title='bbox 1813 5570 1905 5663; x_wconf 78' lang='lat' dir='ltr'><strong>modo</strong></span> 
     </span>
     <span class='ocr_line' id='line_1_64' title="bbox 154 5652 1903 5743; baseline -0.005 -22"><span class='ocrx_word' id='word_1_713' title='bbox 154 5658 245 5732; x_wconf 90' lang='lat' dir='ltr'><strong>citur,</strong></span> <span class='ocrx_word' id='word_1_714' title='bbox 261 5660 385 5738; x_wconf 92' lang='lat' dir='ltr'><strong>quando</strong></span> <span class='ocrx_word' id='word_1_715' title='bbox 400 5661 553 5743; x_wconf 84' lang='lat' dir='ltr'><strong>conjuges</strong></span> <span class='ocrx_word' id='word_1_716' title='bbox 567 5667 693 5727; x_wconf 90' lang='lat' dir='ltr'><strong>utuntur</strong></span> <span class='ocrx_word' id='word_1_717' title='bbox 719 5676 756 5725; x_wconf 89' lang='lat' dir='ltr'><strong>eo</strong></span> <span class='ocrx_word' id='word_1_718' title='bbox 772 5668 854 5738; x_wconf 88' lang='grc'><strong>6666,</strong></span> <span class='ocrx_word' id='word_1_719' title='bbox 871 5677 933 5727; x_wconf 88' lang='grc'><strong>666</strong></span> <span class='ocrx_word' id='word_1_720' title='bbox 948 5660 985 5725; x_wconf 91' lang='grc'><strong>66</strong></span> <span class='ocrx_word' id='word_1_721' title='bbox 1075 5660 1293 5738; x_wconf 86' lang='lat' dir='ltr'><strong>accidentario,</strong></span> <span class='ocrx_word' id='word_1_722' title='bbox 1311 5662 1349 5721; x_wconf 92' lang='grc'><strong>666</strong></span> <span class='ocrx_word' id='word_1_723' title='bbox 1367 5665 1399 5722; x_wconf 87' lang='grc'><strong>66</strong></span> <span class='ocrx_word' id='word_1_724' title='bbox 1414 5673 1475 5720; x_wconf 92' lang='grc'><strong>666</strong></span> <span class='ocrx_word' id='word_1_725' title='bbox 1491 5660 1623 5734; x_wconf 88' lang='grc'><strong>6666666</strong></span> <span class='ocrx_word' id='word_1_726' title='bbox 1638 5656 1740 5726; x_wconf 89' lang='grc'><strong>16666</strong></span> <span class='ocrx_word' id='word_1_727' title='bbox 1762 5652 1903 5717; x_wconf 83' lang='lat' dir='ltr'><strong>divisibi-</strong></span> 
     </span>
    </p>
   </div>
   <div class='ocr_carea' id='block_1_12' title="bbox 188 5754 1663 5818">
    <p class='ocr_par' dir='ltr' id='par_1_42' title="bbox 188 5754 1663 5818">
     <span class='ocr_line' id='line_1_65' title="bbox 188 5754 1663 5818; baseline -0.006 -3"><span class='ocrx_word' id='word_1_728' title='bbox 188 5762 346 5817; x_wconf 81' lang='lat' dir='ltr'><strong>Brtcrnttrrrv</strong></span> <span class='ocrx_word' id='word_1_729' title='bbox 365 5759 424 5818; x_wconf 81' lang='lat' dir='ltr'><strong>lot.</strong></span> <span class='ocrx_word' id='word_1_730' title='bbox 446 5760 492 5817; x_wconf 90' lang='grc'><strong>111.</strong></span> <span class='ocrx_word' id='word_1_731' title='bbox 1611 5754 1663 5807; x_wconf 87' lang='grc'><strong>1111</strong></span> 
     </span>
    </p>
   </div>
   <div class='ocr_carea' id='block_1_13' title="bbox 0 0 2046 6275">
    <p class='ocr_par' dir='ltr' id='par_1_43' title="bbox 0 0 2046 6275">
     <span class='ocr_line' id='line_1_66' title="bbox 0 0 2046 6275; baseline 0 2"><span class='ocrx_word' id='word_1_732' title='bbox 0 0 2046 6275; x_wconf 95' lang='lat' dir='ltr'><strong> </strong></span> 
     </span>
    </p>
   </div>
  </div>
 </body>
</html>
