4084 6275
777 340 872 398 electi
889 336 1067 401 SECUNDUS
1687 352 1741 409 2113

13 481 103 529 vere
118 465 275 533 Christum
290 469 390 547 insum
407 468 513 543 ileum,
531 477 561 531 et
574 472 730 536 hominem
759 476 895 539 contine-
943 476 1007 555 bigi
1023 482 1180 555 possetne
1206 480 1257 543 illa
1283 492 1369 541 noce:
1398 476 1640 545 caletica-tntum
1667 486 1807 561 taetrior,-

14 549 65 621 ri,
87 553 184 613 iurroo
198 554 298 628 losum
314 552 465 615 Christum
482 570 541 615 oua
565 572 636 619 oum
660 558 794 619 externis
815 574 896 635 sym·
944 576 1012 620 narn
1028 579 1134 638 graeca
1157 578 1224 629 vox,
1253 558 1527 639 Εἰικαριςηθεῖσαν,
1554 566 1728 645 siguificare
1758 584 1810 645 po·

15 630 114 693 bolis
130 642 357 698 sacramentum
371 652 454 697 esse.
943 647 1013 713 test,
1031 661 1125 721 super
1139 660 1231 723 noem
1247 647 1361 719 mattae
1381 649 1467 703 uetare
1491 656 1573 719 suot,
1602 654 1648 711 ret
1676 649 1808 712 barbano

36 796 43 805 ι
60 714 162 807 'tutem
178 718 342 798 oroanystus
357 716 484 784 ibidem.
500 719 555 781 sed
569 721 896 797 oculoiulerios:Pon·
943 724 1102 804 vocabolo,
1116 726 1463 795 moloculinotomnet
1475 727 1522 806 (ut
1533 748 1589 791 nris
1601 733 1809 809 reddidimus)

11 800 125 869 tatem.
143 799 255 878 iuquit,
273 802 361 879 quon
374 801 513 863 tnsttom
524 803 729 870 saluatorem.
746 822 831 885 qutun
844 823 897 869 su·
941 808 1183 873 Eucharistiom
1197 810 1333 888 scotom·
1345 810 1404 869 seo
1432 826 1492 875 uon
1518 814 1612 875 reteri
1636 817 1807 895 quidquam

7 895 91 953 pro
104 882 220 959 ipsum
233 892 289 950 est,
304 883 383 945 litet.
398 892 580 948 coenoman
593 888 639 947 orl
659 887 770 964 ipsum
790 890 896 951 enclo-
943 889 1002 951 huc
1016 892 1053 951 aa
1072 908 1136 953 rom
1156 896 1353 970 propositam.

7 977 140 1024 narniae:
160 965 204 1026 Τιι
218 967 343 1035 cinisii,
360 966 424 1027 Hoc
437 966 534 1043 [acite
548 974 607 1029 eto.
634 970 671 1030 at
694 978 779 1034 certe
802 986 898 1049 purius
987 971 1033 1035 Ex
1048 975 1106 1035 hoo
1122 976 1212 1053 igitar
1228 977 1295 1037 loco
1311 978 1432 1041 duobus
1447 977 1546 1039 mortis
1562 980 1716 1058 colligitur
1737 996 1809 1042 seo·

8 1060 120 1119 {saunas
137 1064 307 1125 uousonra
323 1065 384 1112 nou
414 1055 475 1124 est,
506 1066 610 1128 nequo
634 1060 719 1114 esset
743 1070 822 1131 onus
837 1055 897 1116 ailla
942 1054 1201 1126 sissoiustiuuan,
1218 1074 1318 1119 verare
1345 1061 1455 1123 Christi
1482 1076 1606 1123 caruem
1631 1064 1754 1139 nronrie
1777 1064 1810 1124 iu

6 1130 242 1201 excusatione.
258 1132 284 1191 si
300 1148 416 1193 merum
443 1148 552 1207 oanctn
579 1140 707 1196 tractare
732 1136 895 1209 dichemue
942 1136 1130 1199 Euolaaristin
1146 1141 1308 1202 contineri.
1327 1143 1424 1205 Primo
1440 1160 1477 1205 etr
1492 1158 1540 1216 eo,
1551 1145 1640 1222 -qoorl
1657 1146 1810 1223 simplici·

6 1209 152 1302 etiaaausi
169 1213 197 1273 is
211 1211 362 1275 Christum
378 1214 700 1295 signiticaretmlioqui
716 1218 899 1281 debuissent
942 1225 988 1279 ter
1002 1224 1112 1283 sissent
1128 1240 1237 1299 ponera
1256 1223 1464 1289 Eucharistiae
1488 1236 1547 1287 uon
1575 1242 1646 1287 esse
1670 1244 1808 1289 commu·

7 1299 121 1353 etiamr
139 1296 279 1356 laconici
295 1298 473 1359 sacerdotes
486 1312 521 1362 so
536 1314 695 1368 excusare,
711 1301 793 1378 quoa
820 1304 897 1363 tutti·
942 1318 1012 1363 nom
1029 1306 1208 1379 uarroauserl
1224 1323 1347 1373 caruem
1365 1308 1486 1371 Christi:
1502 1324 1603 1386 raeque
1616 1310 1708 1370 ullam
1723 1326 1811 1372 naen·

6 1374 82 1467 gni
97 1385 219 1451 esseut,
236 1379 287 1457 qui
304 1385 463 1457 tangerent
476 1396 550 1443 ores
580 1382 718 1444 citiores
730 1383 897 1464 illos,qood
943 1383 1056 1449 tiouoin
1073 1387 1142 1448 latuit
1158 1388 1246 1465 triani,
1265 1396 1315 1450 aut
1330 1390 1447 1469 figurae
1459 1378 1683 1468 'alicuiusliana
1699 1393 1725 1454 sl
1748 1393 1811 1455 liu·

7 1458 274 1523 riduculumcst.
940 1469 1083 1533 choristia
1117 1478 1201 1531 esset
1223 1472 1426 1551 signilleatite
1441 1490 1512 1537 curo
1538 1474 1662 1543 ctutstt,
1690 1483 1722 1537 et
1747 1492 1810 1537 noo

58 1539 243 1605 Audiamus
258 1559 341 1605 nuuc
356 1544 429 1619 naid
445 1542 514 1621 tuso
530 1561 584 1623 pro
598 1562 634 1607 se
648 1546 763 1609 adterat
777 1565 813 1609 cx
829 1545 898 1608 llio·
941 1552 1077 1620 realiter.
1095 1553 1123 1612 id
1138 1552 1278 1615 insttuus
1290 1559 1417 1619 omniuo
1432 1558 1536 1619 dicere
1548 1557 1720 1619 ‹toounssen
1735 1558 1811 1619 seri-

6 1623 240 1700 nysiorliltcrt
255 1624 346 1702 igitur
361 1628 412 1687 itta
427 1627 516 1687 verba
531 1645 570 1689 cx
584 1629 692 1689 eodem
708 1647 775 1707 can.
792 1630 893 1706 3.oar.
942 1632 1034 1695 bebat
1062 1636 1144 1695 enirn
1175 1636 1352 1720 Aaaologlant
1380 1654 1436 1718 pro
1463 1638 1645 1702 Christianis
1660 1688 1666 1710 ,
1694 1640 1810 1716 quibus
1827 1676 1828 1681 κ

9 1705 47 1763 3.
70 1704 238 1782 Pontifcm
254 1715 402 1785 opertum
414 1712 800 1785 ooneoaetittdioiclunm
824 1730 899 1791 ope·
941 1719 1133 1791 practeralin
1150 1720 1275 1779 crimina
1301 1720 1504 1793 collateratur·
1519 1723 1722 1794 ‚naanonoatto
1745 1738 1810 1785 car·

8 1789 80 1855 rit,
104 1796 136 1849 ct
149 1790 188 1851 in
200 1791 308 1866 [tanto
321 1792 473 1855 amiciciit.
595 1861 598 1867 ,
942 1800 1026 1859 nium
1044 1800 1243 1862 humanarum
1261 1802 1291 1863 iu
1305 1804 1417 1873 saeris,
1434 1811 1467 1867 ut
1480 1810 1560 1879 natet
1571 1817 1608 1865 ex
1621 1805 1809 1867 Tertulliano

38 1870 269 1960 'Respondem
285 1874 387 1934 iliram
403 1892 475 1937 esse
487 1875 728 1945 aduersariorum
751 1878 896 1955 ianoortu·
939 1881 969 1941 iu
986 1882 1178 1959 arpologctioo
1203 1902 1271 1959 can.
1288 1885 1318 1945 i.
1350 1894 1379 1947 et
1395 1902 1434 1949 ex
1448 1887 1574 1949 Minutio
1590 1887 1694 1949 Felice
1722 1889 1752 1948 iu
1769 1888 1809 1950 0·-

10 1959 171 2026 nitatem,
188 1956 281 2033 quisi
299 1957 329 2017 in
345 1974 419 2030 uuo,
436 1958 483 2019 rei
498 1959 593 2021 altero
610 1959 695 2021 ratae
721 1963 824 2035 legarat
838 1960 897 2021 Eu·
936 1966 1048 2025 carrio:
1065 1972 1094 2025 et
1109 1968 1189 2043 quoti
1212 1967 1376 2030 rnaaximuau
1394 1975 1454 2041 nst,
1471 1986 1507 2031 ex
1521 1972 1724 2049 Athenagora.
1750 1972 1809 2047 uui

10 2036 209 2097 charistianr
224 2039 324 2100 uocari
340 2056 462 2115 nauem,
478 2040 580 2103 stetim
594 2043 736 2108 clamant.
754 2043 897 2104 lluclrari-
938 2045 970 2107 in
986 2048 1125 2123 analogia
1143 2050 1179 2109 ιιι1
1198 2050 1331 2110 eundern
1350 2053 1533 2117 antoninum
1550 2053 1603 2115 tria
1620 2054 1747 2113 crirnina
1762 2068 1810 2113 re·

11 2118 117 2207 stiam
137 2120 215 2180 nihil
229 2121 374 2192 amanter
389 2139 502 2200 paoem
517 2127 639 2200 proprie
653 2126 814 2189 dicturoact
825 2142 895 2187 cum
940 2129 1019 2192 tellit
1033 2130 1108 2191 laiso
1124 2130 1308 2194 Cirristianis·
1319 2134 1455 2212 ‹abjceia3
1472 2137 1552 2210 quod
1570 2135 1665 2197 Deum
1683 2152 1742 2196 noo
1761 2151 1809 2197 cs·

10 2214 49 2291 ru
69 2202 225 2263 omuibus
240 2203 378 2265 Patribus
392 2204 567 2279 tnintinitis
579 2207 654 2270 locis
666 2208 769 2288 legant
781 2208 896 2289 tinctu·
942 2228 978 2273 so
993 2214 1167 2290 credereut3
1185 2217 1266 2293 uocat
1285 2216 1428 2278 lauunanis
1440 2219 1584 2279 rraruitms
1598 2223 1808 2289 vescerentur,

11 2284 148 2375 ristiam
165 2300 237 2345 csse
251 2301 363 2362 corpus
378 2286 501 2359 Christi,
519 2295 617 2351 taruco
635 2306 694 2351 uon
719 2294 823 2353 rotulit
845 2292 896 2350 arl-
940 2295 1022 2370 qaaod
1040 2295 1213 2372 turorniscuo
1229 2298 1396 2360 concubitu
1413 2305 1582 2361 uterentur.
1610 2299 1697 2361 Certe
1723 2302 1808 2362 clrior

12 2372 152 2457 rrurtlerc
166 2384 281 2445 coruos
296 2370 358 2429 ullo
374 2370 405 2428 in
421 2371 489 2431 loco
506 2371 628 2447 proprio
642 2375 752 2449 acoioi.
783 2377 854 2435 iiico
872 2375 894 2433 i·
940 2378 977 2437 au
995 2378 1054 2438 troc
1068 2379 1253 2441 abolendum
1270 2380 1387 2455 crimen
1415 2385 1543 2443 omuino
1565 2382 1730 2444 cttoenceru
1754 2382 1810 2443 luit

12 2457 107 2523 gutur
123 2466 239 2525 parieta
254 2452 354 2511 uocari
369 2450 601 2519 Eracliaristiant,
618 2458 673 2517 sed
698 2473 809 2533 oauctn
825 2472 896 2517 coe·
942 2458 1191 2521 Claristicuruern
1206 2480 1222 2521 n
1239 2462 1420 2525 etnisuauts
1437 2481 1497 2525 raon
1525 2466 1657 2530 coruerli.
1690 2467 1748 2524 uisi
1766 2467 1807 2525 si-

12 2530 138 2593 testem
169 2539 201 2593 ct
215 2533 363 2602 airinom,
382 2551 443 2595 raon
461 2535 622 2597 triticeum:
641 2556 710 2599 nam
725 2541 896 2616 paruloautc
940 2541 1128 2619 gollicatiae.⁴
1142 2545 1176 2605 ua
1189 2546 1306 2606 etiarnsi
1324 2548 1355 2606 io
1369 2546 1485 2608 crimen
1502 2564 1563 2609 noo
1587 2549 1695 2609 luisset
1722 2547 1807 2608 Clari·

12 2613 66 2688 (ut
83 2612 237 2693 diximus)
252 2616 336 2677 ideur
362 2616 528 2693 Dionysius
553 2622 662 2681 scribit
686 2640 757 2685 eum
785 2639 895 2699 parient
939 2625 1047 2685 silanis
1063 2625 1229 2705 objectant,
1248 2628 1360 2689 stultus
1376 2630 1484 2693 luisset
1507 2628 1667 2699 lustinus..
1682 2633 1707 2689 si
1736 2631 1806 2691 abs·

10 2712 93 2756 osse
109 2697 247 2757 laostiaun
264 2700 331 2775 ioso
350 2700 496 2775 putatitiae
513 2701 605 2780 longe
621 2704 847 2783 niguiemonte
864 2710 896 2765 ot
939 2724 1001 2783 que
1017 2708 1078 2770 ullu
1110 2710 1294 2771 neccessitate
1316 2712 1634 2791 mysteriareiigiouis
1664 2710 1806 2773 facillima

13 2780 229 2841 excusatione
243 2780 287 2841 illl
302 2798 381 2861 opus
391 2784 443 2858 sit,
469 2786 551 2862 quoe
577 2802 642 2849 rem
668 2794 726 2849 taio
753 2787 895 2850 attentam
939 2791 1215 2866 ipseincrorlibilia
1232 2794 1298 2855 suis
1314 2794 1415 2865 verbis
1432 2795 1566 2861 lecisset.
1583 2798 1620 2855 nal
1645 2795 1802 2856 ettrniouru

15 2864 296 2926 tractareaudeat.
938 2872 1151 2949 imperatorem
1164 2875 1317 2940 scribens

980 2954 1136 3028 Scaurulo,
1155 2958 1183 3017 id
1200 2958 1373 3034 colligimus
1389 2974 1426 3020 ex
1441 2963 1669 3036 compatratione
1685 2959 1801 3019 liticin-

939 3035 1054 3132 ristiae,
1071 3056 1160 3131 quam
1177 3040 1246 3101 lacit
1259 3040 1398 3103 lustinus
1413 3058 1482 3104 euru
1499 3043 1644 3122 mysterio
1667 3044 1806 3103 iucarna-

369 3157 488 3222 ltlll
509 3155 566 3247 ιι.
939 3120 1450 3282 ilelialsitlullttt.lt*
1469 3132 1594 3270 illiti
1619 3124 1810 3269 illitis

939 3284 1023 3348 aliud
1040 3288 1216 3365 mysterium
1234 3307 1333 3367 oenoe
1349 3289 1488 3367 otffiettan
1503 3307 1563 3368 qua
1579 3291 1660 3352 enim
1674 3289 1807 3366 uolentia

215 3369 428 3428 seooooaaotas
442 3365 580 3424 Ecclesiae
592 3364 627 3421 ab
641 3381 712 3422 anuo
939 3366 1007 3429 llcri
1024 3372 1132 3444 notauit,
1151 3379 1182 3433 ut
1197 3373 1276 3432 licus
1291 3372 1511 3442 incarnaretur,
1528 3373 1635 3435 eadem
1658 3373 1734 3434 iteri·
1751 3388 1806 3450 po·

313 3447 617 3509 centurionumve.
942 3450 1039 3512 tuisse
1055 3453 1177 3522 attollat
1192 3455 1280 3531 patris
1296 3454 1383 3516 tieret
1394 3471 1478 3518 caro.
1495 3455 1549 3517 ilbi
1564 3457 1624 3525 nisi
1640 3456 1741 3533 reipsa
1756 3469 1806 3514 ue·

715 3562 721 3574 ι
943 3533 979 3594 111
992 3533 1153 3604 alllrmore.
1170 3553 1278 3613 nauem
1295 3537 1358 3598 lteri
1374 3553 1509 3606 caruem,
1526 3539 1581 3600 scd
1596 3539 1697 3600 solunt
1709 3536 1805 3616 signi-

279 3648 514 3705 ruscimannus.
528 3644 646 3704 mmm·
944 3615 1073 3684 licative,
1091 3619 1198 3680 trustra
1226 3621 1349 3680 atldueit
1375 3607 1547 3697 clemoium
1572 3619 1802 3681 incarnationis:

944 3699 1063 3766 nattum
1079 3701 1165 3762 enirn
1177 3709 1223 3762 est
1239 3703 1416 3764 auiraoulunt
1433 3703 1543 3777 lacero,
1562 3706 1594 3764 ul
1610 3705 1699 3782 porris
1710 3702 1805 3779 sigui-

930 3782 1013 3842 ‘ucat
1029 3799 1141 3859 cornus
1157 3783 1280 3846 Claristi.

59 3863 599 3942 rostapostotorumdtsetnotostn
626 3861 768 3923 Secunda
795 3868 896 3926 aetate
984 3863 1150 3944 Utrumque
1179 3873 1391 3942 ornamentum
1421 3867 1555 3930 solvero·
1574 3867 1677 3928 nititur
1700 3868 1806 3931 l’etrns

20 3949 191 4011 Ecclesiae
207 3955 270 4010 tres
285 3949 434 4014 habemus
451 3953 545 4009 testes
560 3945 699 4023 insigues
729 3951 760 4006 et
774 3945 897 4008 indubi·
944 3955 1066 4026 martyr,
1083 3957 1113 4010 ct
1127 3955 1310 4012 contrarium
1326 3951 1415 4010 etiarn
1432 3950 1578 4028 colligere
1594 3965 1629 4011 ex
1655 3950 1713 4011 troc
1736 3951 1804 4013 loco

24 4039 120 4104 latos,
137 4031 295 4094 lustinum
310 4039 482 4108 martyrem,
499 4028 584 4090 Pioro
599 4027 624 4088 l.
655 4028 843 4103 pontificem,
867 4038 899 4092 et
941 4027 1053 4100 iustiui
1069 4030 1099 4091 in
1116 4032 1171 4093 lib.
1189 4040 1292 4094 contra
1315 4024 1527 4100 Garuliuerom.
1555 4033 1677 4108 obiecto
1704 4033 1752 4094 13.
1775 4041 1807 4095 et

21 4114 206 4176 irenaeum.
223 4112 362 4176 lustinus
376 4113 468 4190 igitur
482 4117 593 4189 martyr
609 4112 638 4170 io
659 4109 799 4186 cuculonia
814 4112 844 4172 2.
860 4114 898 4174 ad
944 4111 1014 4174 151.
1031 4113 1073 4174 Art
1091 4115 1224 4192 Primum
1239 4120 1378 4176 nostrum
1393 4115 1728 4192 respondealosttuum
1744 4133 1804 4177 nou

22 4197 220 4258 Antoninum
234 4196 461 4273 imperatorem:
485 4195 530 4255 sio
546 4192 678 4272 loquitur
692 4192 731 4254 de
756 4191 899 4256 luctuari·
942 4193 1059 4258 dixisse
1074 4214 1183 4274 nauem
1200 4196 1407 4260 Euclraaristia‘e
1423 4213 1494 4259 esse
1516 4196 1644 4274 luuram
1666 4197 1805 4276 corporis

20 4284 94 4342 sua.
112 4279 160 4342 (la
173 4295 233 4358 γαρ
244 4295 402 4358 receptor,
416 4273 488 4338 οὐδὲ
507 4272 606 4336 κοινὸν
626 4270 710 4351 πόμα
719 4293 814 4353 ταυτα
823 4274 898 4356 λαμ·
943 4278 1066 4350 curisti,
1083 4281 1138 4342 sed
1154 4282 1269 4342 dixisse
1284 4296 1355 4342 esse
1371 4280 1470 4355 insutu
1488 4279 1743 4359 corpusquiaita
1758 4281 1805 4342 in·

22 4361 174 4440 βαίνομεν,
191 4357 271 4424 ἀλλὰ
283 4357 440 4441 irapinas
451 4357 503 4420 διὰ
514 4355 607 4437 iliaci
628 4353 707 4418 Θεοῦ
720 4375 899 4438 rapacanin-
944 4366 990 4421 ter
1004 4377 1039 4424 se
1055 4362 1135 4442 loqari
1153 4364 1294 4426 solebant
1321 4362 1481 4426 Christiani
1509 4378 1545 4423 eo
1569 4369 1719 4438 toruoore,
1746 4379 1805 4425 nec

19 4443 89 4516 ἓεὶς
106 4441 354 4524 1ἠσοῡς11ριςὸς
371 4439 569 4523 curiosioris
578 4437 632 4501 καὶ
641 4435 750 4519 σάρκα.
762 4440 815 4502 καὶ
823 4439 901 4520 orno
943 4442 1039 4506 luisse
1056 4445 1237 4524 periculam.
1255 4462 1294 4506 ue
1309 4445 1424 4506 ethnici
1441 4451 1591 4523 putarraut.
1612 4461 1669 4505 uias
1685 4461 1754 4506 uere
1776 4453 1807 4507 et

19 4523 94 4607 ὑπὲρ
107 4527 254 4605 nonanta<
265 4526 351 4604 ημῶν
362 4522 458 4586 inea:
474 4519 554 4586 cinai
568 4520 620 4584 καὶ
640 4519 691 4599 τὴν
704 4519 733 4582 ὀὶ
746 4521 836 4605 εὐχῆς
847 4523 898 4587 ita'-
943 4532 1065 4602 proprie
1081 4531 1244 4593 comedere
1258 4543 1381 4591 carnem
1398 4526 1519 4596 Christi.
1538 4535 1598 4588 turn
1626 4528 1694 4602 quia
1722 4529 1807 4590 ultre·

18 4627 74 4687 aso
88 4607 147 4669 roi
160 4606 240 4670 Θεοῦ
253 4625 313 4688 παρ
323 4605 415 4670 danai
428 4605 674 4688 ἐιχαριςηὸεισαν
685 4603 848 4685 aponiano?
858 4599 899 4686 ἦς
943 4608 1150 4685 ratiostiuus,
1181 4627 1292 4689 panem
1319 4616 1350 4672 et
1375 4610 1478 4673 riuum
1504 4611 1631 4690 proponi
1660 4611 1689 4670 iu
1720 4626 1808 4672 sacra

20 4685 104 4770 αἱμα
127 4688 184 4751 καὶ
202 4688 314 4772 σάρκες
333 4690 414 4754 κατὰ
435 4686 603 4770 μεταβολὴν
617 4684 773 4768 τρέφονται
785 4686 897 4767 ἡμῶν.
944 4707 1063 4768 mensa,
1079 4698 1141 4756 tntu
1157 4695 1226 4772 uaria
1243 4699 1382 4770 poterant
1406 4693 1497 4765 lueile
1522 4693 1654 4770 gentilos
1680 4693 1805 4767 cottiae-

19 4770 141 4836 actaea
163 4771 217 4834 coia
227 4771 501 4855 σαρκαιιοιηὲέντος
521 4769 630 4849 insci,
652 4767 705 4831 καὶ
723 4769 832 4851 σάρκα.
845 4771 899 4835 καὶ
945 4791 991 4845 re,
1008 4775 1098 4838 verbu
1114 4777 1164 4838 illa
1180 4775 1303 4838 Christi:
1319 4776 1384 4838 ltoc
1397 4780 1444 4838 est
1458 4791 1574 4855 cot-pm
1587 4791 1706 4838 meram.
1724 4793 1740 4836 n
1755 4775 1807 4836 iu·

21 4847 103 4935 αἱμα
114 4853 295 4936 {caldaeam
308 4849 469 4920 etinctum
479 4857 566 4918 enim
576 4861 612 4918 nt
623 4869 826 4917 calamonem
838 4874 898 4934 no·
944 4855 1025 4919 stiuo
1041 4859 1140 4932 citata,
1157 4874 1227 4922 esse
1242 4859 1443 4936 intelligenda
1459 4858 1729 4930 sacramentalitcn
1743 4863 1807 4919 tum

20 4937 898 5018 aucmncqnecommamempoturotaoccsomimaasaect
942 4941 1077 5018 denique
1100 4945 1168 5021 quia
1191 4941 1331 5004 lustinus
1352 4941 1485 5004 dicebat.
1514 4959 1574 5002 nou
1599 4940 1735 5028 cujusvis
1751 4941 1804 5001 uo·

22 5023 306 5099 quemadmodum
326 5023 527 5100 perverbum
536 5020 894 5084 Dciincernntaaalesus
940 5023 1032 5085 ruinis
1053 5041 1178 5088 carnem
1200 5043 1215 5085 a
1239 5023 1418 5087 Christianis
1441 5025 1641 5094 manducari,
1677 5023 1731 5084 seat
1756 5039 1807 5084 so·

25 5104 174 5167 christum
185 5103 461 5175 Soioctornoster,
472 5111 502 5165 et
522 5105 894 5180 oernenaataonnoinem
940 5103 1000 5166 lius
1016 5105 1139 5184 Christi,
1156 5109 1208 5187 qui
1223 5107 1285 5190 jaro
1300 5113 1520 5182 resurrexerat,
1544 5112 1574 5168 ct
1589 5109 1619 5167 iu
1636 5106 1757 5168 eoelum
1776 5125 1807 5166 a·

23 5187 203 5262 proculato
211 5186 892 5261 matranocuit:stccttompcrpuacesoorbi
939 5190 1115 5252 scenderat.

25 5269 80 5331 lieu·
90 5270 136 5331 ola
146 5271 221 5348 ipae
235 5269 476 5333 &colonarium
489 5271 614 5348 foetum
627 5266 754 5335 σι’ὁιιιιι.
770 5285 813 5332 cc
827 5283 892 5347 quo
980 5273 1015 5331 11
1028 5271 1135 5335 Petrus
1150 5279 1263 5352 martyr
1277 5272 1370 5333 multa
1387 5270 1530 5340 diceudo,
1545 5272 1621 5334 uitril
1634 5273 1720 5332 dicit.
1734 5271 1806 5332 lium

27 5355 211 5431 manumet
224 5369 340 5415 comes
353 5359 485 5415 malane
497 5368 557 5430 per
570 5351 783 5414 notationem
797 5353 893 5416 cion·
932 5354 1057 5418 etiamsi
1076 5354 1241 5418 Christiani
1257 5355 1297 5416 ita
1312 5356 1393 5416 tuter
1407 5369 1442 5414 se
1469 5354 1688 5431 loquerentur,
1708 5364 1809 5415 tanuen

29 5437 188 5498 tarsitius
200 5436 499 5511 instimularent
511 5437 690 5506 oerncmci
699 5435 899 5514 conculcem
941 5437 1050 5500 debuit
1062 5439 1207 5501 defensor
1221 5437 1462 5501 christianorum
1478 5437 1653 5515 imperatori
1670 5437 1807 5508 etlrnico,

30 5531 91 5579 ease
105 5520 216 5580 edocti
228 5519 437 5580 commitatae
448 5520 484 5579 art
497 5518 622 5579 uerbum
633 5529 670 5576 ex
681 5532 792 5591 graeco
808 5518 899 5580 intor-
947 5527 979 5582 et
991 5519 1133 5599 imperito
1148 5538 1249 5585 rerum
1266 5527 1450 5586 nostrarum,
1468 5521 1620 5598 explicare
1637 5526 1755 5596 tropum
1779 5519 1809 5580 in

30 5606 167 5673 prelatus
182 5617 266 5662 suna:
282 5603 353 5678 quia
369 5603 455 5677 lauacri
471 5603 573 5662 solcnt
588 5599 733 5660 haeretici
748 5617 900 5675 saerreuu·
948 5603 1011 5664 illis
1025 5604 1127 5667 verbis
1142 5605 1352 5678 coustitutum
1369 5601 1480 5678 alioqui
1509 5619 1569 5664 uon
1594 5603 1730 5670 tollebat,
1753 5603 1810 5664 sed

30 5681 901 5762 metoeciuterprctatiouibuscatholicorumsolumanr·
948 5687 1081 5768 augebat
1093 5689 1301 5769 suspicionem
1316 5683 1466 5762 oriminis,
1484 5683 1664 5748 Christianis
1685 5685 1811 5754 obiecti.
