4084 6275
790 467 801 480 .
826 421 926 482 ttutltt
943 422 1067 484 Phthns
1648 404 1652 410 ⁴
1700 423 1753 481 tot

92 566 243 633 Secundo:
266 564 340 640 Ouia
364 563 392 626 l.
409 559 541 626 Timotb.
557 559 588 624 3.
604 558 767 640 Apostolus
781 556 907 631 Paulus,
953 566 1145 640 argumenta.
1157 559 1291 624 Primum
1302 563 1361 639 est,
1372 565 1443 642 quia
1454 565 1540 630 multi
1552 563 1688 626 reiorum
1699 559 1816 632 dicunt,

27 650 28 665 ¹
54 662 85 714 ut
96 655 183 715 etiam
197 651 330 729 Philipp.
345 648 374 710 l.
387 654 419 710 et
432 650 470 709 ad
484 645 585 706 litum
601 644 631 706 l.
646 655 771 721 semper
782 648 908 718 conjun·
954 643 1102 724 diaconos
1115 662 1174 707 trun
1187 663 1202 706 n
1216 643 1352 718 Christo,
1362 649 1415 709 sed
1431 652 1469 712 ab
1485 647 1633 728 apostulis
1648 642 1816 711 institutos,

27 736 28 745 ’
53 740 95 816 git
107 737 253 797 diaconos
274 749 344 794 cum
366 729 533 809 episcopis,
551 729 642 800 idest,
659 743 729 788 cum
742 725 911 788 secerdoti·
954 733 987 788 ut
1001 727 1084 806 patet
1103 745 1140 790 ex
1162 727 1311 806 Oppriann
1333 729 1386 791 tib.
1403 731 1433 794 3.
1464 725 1816 807 musicorumque
1862 747 1864 752 ·

27 822 28 895 ζ
52 827 108 881 bus
120 811 726 895 intelligitcnimnomineepiscoporum‚
740 809 911 886 etiampre·
955 811 1047 888 epist.
1064 809 1095 873 3.
1112 818 1142 874 ιιι
1154 811 1293 884 banraso,
1318 813 1409 891 epist.
1426 815 1456 877 4.
1474 817 1510 876 lit
1525 811 1731 881 coinfirmatur,
1748 807 1820 886 qnia

26 966 29 981 ,
51 905 201 980 superos,
217 906 251 961 ut
271 899 506 978 chrysostomus
532 894 623 957 docet
645 894 679 954 in
689 889 911 954 commentario
954 896 1096 955 videntur
1108 895 1227 956 diaconi
1242 909 1278 954 ea
1291 898 1454 959 occasione
1470 899 1599 976 quadam
1615 889 1755 960 instituti,
1773 888 1814 950 ni·

27 990 28 999 ’
53 988 157 1046 ιιοιιιιιι
173 985 322 1045 locorum.
956 975 1068 1036 mirum
1089 976 1130 1039 ob
1153 992 1288 1037 murmur
1303 975 1499 1056 Oraccomm:
1523 987 1554 1042 et
1567 979 1634 1042 soto
1650 973 1820 1036 ministerio

91 1067 204 1130 lertio:
228 1066 303 1141 Quia
318 1067 381 1124 hut.
398 1060 432 1121 d.
446 1057 570 1121 Oiaconi
585 1056 765 1120 ordinantur
778 1072 835 1135 per
850 1071 912 1116 ma·
954 1072 1133 1120 mensarum
1149 1057 1274 1132 addicti,
1290 1066 1322 1120 ιιι
1337 1070 1421 1138 patet
1434 1063 1498 1124 hcl.
1516 1063 1546 1126 O.
1806 1056 1808 1062 ’

26 1150 28 1235 ζ
53 1166 110 1211 ιιιιε
123 1145 457 1227 ιιιιροειιιοιιειιι,ἱιιεει,
470 1141 563 1205 simili
575 1142 767 1202 caeremonia
778 1155 836 1217 qua
847 1137 913 1218 epi·
997 1139 1194 1218 ltespondeo:
1218 1140 1399 1220 cyprianum
1422 1145 1549 1208 tortasse
1565 1145 1597 1204 in
1612 1159 1647 1205 ea
1663 1136 1817 1202 sententia

26 1240 28 1299 i
52 1233 137 1308 scopi
154 1239 184 1294 et
200 1229 382 1310 presbyteri.
956 1221 1064 1298 luisse,
1078 1232 1110 1285 ut
1122 1223 1310 1286 existimaret
1323 1226 1515 1290 diaconatum
1531 1247 1548 1289 a
1564 1226 1683 1288 Christo
1700 1221 1820 1284 institu-

91 1317 215 1392 Ouartc:
233 1313 307 1387 Quia
323 1308 444 1374 diaconi
469 1307 502 1367 in
527 1303 667 1366 absentia
692 1304 913 1383 episcoporum
958 1310 1022 1366 tum
1037 1321 1098 1368 nou
1120 1305 1228 1384 luisse,
1245 1311 1278 1369 ut
1299 1323 1354 1370 nos
1369 1311 1428 1373 alin
1443 1312 1511 1374 loco
1527 1311 1699 1374 retulimus.
1718 1305 1826 1366 tortas·

27 1410 28 1415 ’
52 1404 183 1476 possunt
197 1396 361 1477 baptizare,
376 1387 597 1453 Eucharistiam
612 1388 697 1462 dare,
714 1386 915 1449 reconciliare
958 1403 993 1450 se
1005 1389 1098 1450 etiam
1110 1390 1211 1466 solum
1223 1389 1300 1452 telle
1313 1390 1595 1466 decere,Ohristum
1607 1408 1669 1452 nou
1683 1389 1826 1449 ordinas·

49 1482 247 1556 poenitentes
263 1477 427 1556 publicos,
458 1469 639 1549 praedicare
664 1486 700 1530 ne
723 1470 788 1531 iere
811 1470 912 1529 emnia
958 1486 993 1534 sc
1007 1472 1260 1543 ullosdinconos,
1285 1473 1826 1552 sicutordineritepiseoposetpre·

27 1628 28 1631 ,
51 1581 178 1624 rnunera
195 1563 411 1640 episcoporum
441 1563 472 1617 et
486 1552 734 1632 presbyterorum
761 1555 790 1611 in
808 1567 913 1612 eorum
958 1554 1111 1632 sbyteros:
1128 1555 1182 1616 sed
1199 1571 1260 1616 non
1276 1557 1348 1620 inde
1362 1561 1513 1638 sequitur,
1529 1557 1640 1623 Christi
1658 1571 1719 1616 aon
1734 1551 1822 1613 insti·

27 1652 28 1661 ’
51 1647 191 1706 absentia
207 1658 364 1704 exercere:
377 1655 414 1700 ex
430 1653 490 1716 quo
505 1638 657 1714 sequitur,
673 1651 728 1696 eos
743 1637 839 1712 pratia
858 1633 914 1693 liei
958 1640 1055 1700 tuisse
1079 1641 1136 1700 boc
1158 1647 1395 1702 sacramentum:
1411 1659 1480 1704 nam
1497 1643 1587 1705 etiarn
1603 1639 1720 1700 nullum
1736 1633 1832 1699 Chri-¹

52 1728 182 1806 spectati
198 1727 348 1803 indigere,
373 1739 407 1784 ac
423 1720 551 1799 proinde
565 1733 672 1780 eorum
686 1715 915 1780 Ordiaetiuuem
959 1725 1026 1782 stus
1047 1718 1259 1793 centanam,
1283 1728 1314 1783 et
1329 1730 1428 1786 tamen
1450 1724 1582 1788 institnit
1601 1724 1825 1784 sacramentnm

27 1820 28 1829 ¹
52 1828 124 1871 csse
139 1817 375 1870 sacramentum.
399 1802 594 1865 antecedens
615 1808 708 1880 patet.
721 1801 792 1862 dam
808 1802 847 1860 de
862 1798 916 1858 Ba·
960 1799 1216 1866 Conlirmutionis.
1228 1802 1320 1867 Porro
1332 1805 1481 1869 Damasus
1506 1804 1709 1870 ethnacletus
1722 1799 1824 1864 solum

27 1884 28 1897 ¹
52 1896 167 1970 ptismo
183 1892 213 1953 id
230 1895 380 1952 testantur
394 1886 601 1949 Tertullianus
630 1888 660 1944 in
676 1884 729 1945 lib.
747 1886 785 1943 de
801 1882 916 1960 ltaptis·
959 1886 1073 1945 docent
1094 1884 1247 1948 Christum
1269 1885 1440 1953 instituisse
1463 1895 1577 1952 tuntum
1602 1887 1679 1949 duos
1695 1883 1827 1948 Ordines

53 1992 113 2045 mu,
132 1981 164 2035 et
179 1973 384 2050 llieronymns
399 1971 430 2030 in
448 1967 503 2030 lib.
516 1974 620 2030 contra
633 1965 853 2028 Lucilcrianus:
870 1964 914 2026 De
960 1968 1165 2042 sacerdotum,
1183 1970 1273 2046 idest,
1287 1972 1503 2050 episcoporum
1515 1973 1546 2034 in
1558 1969 1705 2049 apostolis
1717 1974 1831 2043 etpre-

50 2049 851 2135 Eucharistia‚qnodvidelicetdiaconiEucharistiam
865 2049 918 2108 tal·
962 2051 1155 2131 sbpterorum
1166 2051 1197 2113 in
1214 2051 1442 2136 i2.discipulis:
1458 2055 1488 2117 id
1505 2057 1586 2135 quod
1601 2051 1740 2116 scribunt
1755 2065 1829 2110 con·

52 2143 98 2200 cis
120 2140 297 2201 ministrare
319 2134 450 2216 possint,
474 2140 555 2212 patet
577 2150 614 2194 ex
629 2133 761 2208 concilio
776 2131 918 2202 nicaeno,
960 2139 1004 2193 tra
1019 2134 1273 2213 chorepiscopos,
1298 2139 1350 2215 qui
1372 2138 1493 2201 tertium
1515 2154 1615 2218 penus
1630 2134 1826 2202 sacerdotum

52 2239 121 2283 ran.
147 2221 198 2282 rt.
223 2223 315 2282 immo
337 2220 411 2280 otim
425 2217 579 2278 ordinarie
594 2215 713 2276 diaconi
736 2215 917 2291 sauguinem
962 2218 1058 2280 rideri
1070 2217 1224 2284 volebant,
1237 2235 1308 2281 cum
1320 2227 1422 2284 tamen
1437 2237 1542 2284 revera
1559 2220 1635 2282 nihii
1652 2221 1768 2282 essent.
1781 2213 1827 2275 nl·

52 2306 173 2365 ltomini
191 2303 404 2365 ministrabant
419 2301 543 2377 populo,
560 2306 593 2362 ut
607 2302 690 2378 patet
704 2311 742 2357 ex
757 2296 918 2375 cypriano,
964 2301 991 2360 si
1007 2298 1193 2378 presbyteri.
1209 2298 1314 2381 Itaque
1331 2320 1392 2366 non
1409 2311 1523 2386 negant
1538 2305 1567 2364 hi
1584 2299 1746 2380 pontifices
1762 2297 1826 2358 dia·

52 2405 148 2449 serm.
173 2389 205 2448 tt.
228 2389 267 2448 de
290 2386 397 2464 lapsis.
413 2383 457 2444 Oe
471 2381 721 2444 reconciliatione
735 2380 919 2458 poeaitenti-
963 2398 1073 2454 conos,
1088 2391 1119 2444 et
1130 2383 1207 2444 alios
1219 2383 1351 2448 Ordines
1364 2387 1552 2449 inlerioresa
1568 2385 1689 2448 Christo
1706 2379 1827 2444 institu-

53 2488 114 2542 nm,
131 2477 217 2548 patet
230 2487 266 2530 cx
278 2472 386 2529 codem
402 2465 563 2545 cypriano,
580 2464 634 2525 lib.
650 2462 683 2524 3:
698 2467 789 2539 epist.
807 2462 859 2522 ll.
875 2460 919 2522 Oe
966 2471 1026 2536 tos,
1049 2465 1105 2526 sed
1128 2473 1243 2544 negant
1263 2485 1334 2531 esse
1349 2471 1446 2532 ullum
1460 2469 1605 2533 Ordinem
1620 2465 1826 2537 sacerdotum,

54 2553 287 2628 'oraedicatione
302 2554 428 2612 testatur
442 2547 620 2627 Gregorius,
638 2546 691 2607 lib.
708 2545 740 2606 4.
757 2545 850 2622 epist.
866 2542 919 2606 88.
966 2553 1088 2628 praeter
1104 2564 1182 2626 quus
1194 2549 1257 2626 jam
1271 2551 1381 2614 dictae.
1671 2575 1673 2587 .

54 2638 89 2695 lit
113 2639 194 2696 haec
217 2636 335 2696 ridetur
356 2632 446 2702 ratio,
460 2646 515 2691 eur
529 2630 648 2690 diaconi
664 2629 701 2688 ad
718 2626 921 2689 hierarchiam
1006 2631 1050 2690 ad
1075 2629 1340 2696 confirmationem
1366 2635 1573 2712 Respondeo:
1599 2629 1644 2694 Ex
1665 2626 1829 2693 occasione

52 2720 283 2796 pertineant,et
304 2715 428 2794 populis
449 2727 593 2791 praeesse
607 2714 759 2784 dicentur,
775 2726 834 2772 una
850 2727 920 2772 cum
965 2712 1088 2789 quidem
1102 2715 1257 2776 ordinatos
1275 2717 1390 2795 primos
1405 2719 1566 2790 diaconos,
1582 2715 1637 2778 sed
1650 2729 1712 2775 non
1728 2725 1832 2774 exoc-

52 2802 217 2878 cpiacupis
233 2806 263 2859 ct
279 2798 477 2876 presbyteris,
494 2803 526 2857 ut
541 2801 623 2874 patet
638 2811 673 2855 ex
690 2794 874 2871 iheronymo
890 2794 922 2853 iu
966 2795 1091 2856 caelone
1107 2797 1263 2858 tarentum
1279 2815 1350 2862 essa
1362 2799 1507 2862 Ordinem
1521 2801 1734 2861 diaconorum.

49 2886 81 2944 ιι.
100 2883 217 2959 capud
234 2882 347 2955 Titum,-
362 2886 392 2941 et
405 2895 442 2940 ex
455 2877 666 2956 Oionysioqni
681 2875 712 2936 in
730 2875 921 2936 Ecclesiasti·
1005 2877 1396 2954 numerumnunerum
1409 2884 1747 2944 ministresmensarnm
1760 2873 1834 2942 iuis·

49 2985 85 3025 ra
99 2965 276 3026 hierarchia
291 2979 352 3023 noo
364 2962 451 3040 ponit
462 2961 521 3022 nisi
533 2963 590 3021 hos
602 2966 662 3021 tres
673 2957 816 3029 Ordines,
829 2973 920 3043 quarn
967 2975 1003 3021 se
1019 2961 1168 3022 diaconos
1184 2968 1322 3039 tempore
1337 2967 1558 3043 apostolorum:
1575 2979 1648 3025 nam
1661 2959 1785 3022 diaconi
1802 2973 1835 3018 a·

49 3049 82 3108 bi
99 3049 160 3109 soli
178 3054 255 3108 sunt
270 3044 464 3106 hierarchici:
486 3041 647 3104 interiores
661 3040 743 3103 enirn
758 3055 820 3101 uon
836 3056 923 3117 prae·
966 3047 1035 3104 rant
1050 3044 1142 3104 etiam
1156 3044 1318 3124 Philippus
1333 3057 1365 3108 et
1378 3047 1508 3122 Ephesi,
1525 3053 1555 3108 et
1569 3047 1599 3107 in
1616 3045 1716 3111 Creta,
1733 3047 1766 3102 ut
1781 3057 1835 3118 pa·

46 3138 123 3191 sunt
139 3130 271 3208 populo,
288 3129 344 3192 sed
358 3131 475 3190 tautum
490 3125 627 3188 seruiunt
640 3122 853 3202 superioribus
864 3121 923 3187 Or·
966 3129 1011 3187 tet
1025 3142 1063 3187 ex
1078 3126 1220 3204 epistolis
1235 3129 1318 3192 Pauli
1335 3131 1372 3192 ad
1389 3130 1505 3210 Philip.
1536 3129 1573 3191 ad
1599 3125 1793 3190 Timotheum
1807 3127 1838 3185 et

47 3214 195 3276 dinibus.
968 3207 1113 3283 'iitnm3et
1126 3218 1225 3273 tamen
1243 3215 1273 3273 in
1289 3214 1352 3276 illis
1367 3215 1444 3275 loeis
1460 3230 1521 3275 nen
1533 3214 1673 3274 vivobant
1688 3206 1832 3270 Christia-

89 3296 222 3369 Quinto:
247 3294 433 3355 Iliaconatus
453 3290 552 3353 semel
573 3297 732 3368 acceptus,
755 3304 922 3365 numquam
968 3292 999 3349 ni
1016 3295 1231 3371 communiter,
1246 3301 1278 3355 ιιι
1292 3304 1376 3357 esset
1391 3313 1469 3374 opus
1482 3296 1629 3357 ministris
1643 3306 1832 3353 mensarum.

48 3380 212 3452 amittitur,
231 3387 291 3438 nec
311 3381 413 3454 potest
426 3374 535 3452 repeti:
552 3372 644 3453 igitur
659 3372 806 3453 imprimit
819 3374 924 3433 chara·
969 3371 1089 3435 Deinde
1105 3375 1154 3435 illa
1172 3385 1230 3437 tam
1242 3377 1391 3440 solemnis
1406 3377 1563 3440 Ordinatio
1588 3393 1644 3455 per
1655 3388 1765 3435 manus
1780 3376 1836 3433 im·

48 3471 181 3534 cterem,
201 3475 279 3536 ergo
294 3465 343 3521 est
356 3462 593 3519 sacramentum.
972 3456 1170 3534 positionem,
1184 3468 1269 3521 certe
1282 3460 1395 3521 indicat
1409 3461 1505 3530 aliud,
1528 3477 1617 3537 quarn
1633 3458 1736 3521 solum
1751 3470 1836 3515 men·

88 3544 325 3621 Respondent:
349 3540 477 3613 Quidam
504 3539 698 3601 diaconatum
719 3554 790 3601 esse
818 3552 927 3617 perpe·
971 3554 1075 3601 sarum
1091 3541 1306 3604 ministerium.
1320 3544 1489 3611 Praeterea,
1505 3542 1664 3620 Philippus
1680 3555 1718 3600 ex
1732 3537 1835 3598 diaeo-

49 3632 149 3699 inum,
166 3642 231 3687 non
246 3641 284 3685 ex
295 3624 484 3688 charactere.
498 3623 554 3684 sed
567 3638 604 3683 ex
619 3623 748 3699 quadarn
764 3638 926 3697 consecra·
973 3625 1022 3682 nis
1039 3623 1157 3700 primis,
1175 3642 1236 3687 non
1251 3626 1343 3686 dabat
1356 3641 1481 3704 opernm
1499 3626 1614 3686 mensis
1644 3621 1810 3697 praecipue
1826 3665 1833 3692 ‚

49 3712 148 3783 tione,
162 3716 195 3769 et
208 3707 282 3786 quia
296 3712 343 3768 est
354 3704 488 3783 olllciqm
501 3706 540 3766 de
548 3704 618 3789 inre
631 3705 747 3767 dirino.
763 3705 825 3767 Sed
840 3704 924 3765 solu·
973 3705 1030 3767 scd
1046 3706 1265 3783 praedicationi
1296 3716 1324 3770 et
1340 3708 1506 3786 Baptismo,
1519 3708 1621 3769 detor.
1637 3704 1668 3767 u.
1680 3702 1833 3777 lienique.

49 3795 91 3853 tio
102 3806 167 3853 non
181 3788 354 3851 ratetliam
366 3790 392 3850 si
404 3788 529 3849 aliunde
542 3793 644 3865 potest
656 3789 925 3867 proreuire,quam
974 3789 1012 3848 ab
1029 3789 1253 3867 antiquissimis
1268 3791 1459 3868 temporibus
1473 3790 1594 3852 diaconi
1616 3794 1689 3850 snat
1703 3782 1837 3847 ministri

48 3891 86 3935 cn
97 3876 340 3943 characterem
351 3885 412 3932 non
424 3870 523 3949 possit
533 3870 628 3931 amitti
641 3871 831 3947 diaconatus;
843 3876 929 3932 certe
973 3870 1076 3933 altaris
1100 3876 1131 3933 et
1142 3880 1415 3946 sacramentorum,
1432 3880 1464 3936 ut
1480 3880 1561 3949 patet
1575 3888 1613 3933 ex
1626 3870 1747 3932 iustine
1762 3882 1834 3945 apo·

47 3961 117 4017 ruet
132 3952 323 4034 principalis
345 3953 422 4014 ratio
438 3953 671 4022 catholicorum,
688 3970 747 4031 qua
764 3954 837 4014 iude
855 3967 925 4031 pro·
970 3954 1246 4033 ingrannum,
1276 3965 1307 4019 et
1331 3962 1375 4019 ex'
1396 3957 1541 4021 omnibus
1569 3952 1703 4032 antiquis
1732 3957 1834 4013 anete-

47 4041 299 4117 bant,quaedam
312 4043 503 4097 sacramenta
516 4034 693 4114 imprimere
704 4035 938 4109 characterem,
971 4036 1069 4099 ribus.

47 4122 120 4199 quia
138 4138 204 4184 non
221 4125 359 4200 possunt
373 4120 483 4198 repeti.
1012 4120 1188 4183 Secundum
1203 4128 1415 4201 argumentum
1429 4120 1566 4195 est:Quio
1583 4116 1705 4182 diaconi
1720 4114 1836 4177 nullam

85 4204 212 4267 Deinde
230 4219 297 4265 non
314 4207 398 4264 esset
411 4200 605 4263 consecratio
621 4198 924 4276 diaconorum,0rdi·
971 4201 1086 4264 habent
1102 4208 1282 4282 potestatem
1296 4205 1427 4268 lactendi
1443 4204 1556 4283 aliquid
1573 4196 1808 4282 supernaturale
1825 4241 1834 4269 ,

47 4289 143 4358 natio,
162 4286 226 4348 nisi
244 4291 333 4347 esset
347 4290 584 4362 sacramentum:
600 4289 684 4346 esset
698 4285 780 4346 enim
795 4285 926 4363 simplex
973 4292 1025 4346 aut
1039 4284 1183 4351 ellectum
1198 4290 1343 4368 aliquem,
1361 4288 1414 4368 qui
1436 4288 1476 4349 sit
1491 4288 1607 4361 irritus,
1632 4286 1659 4347 si
1674 4282 1756 4345 tiata
1771 4296 1834 4343 non

46 4368 140 4432 cilicii
163 4368 337 4445 iniunctip.
359 4366 441 4429 Nihil
462 4370 564 4429 autem
585 4366 726 4446 impedit,
742 4383 804 4446 quo
824 4369 927 4428 miuus
973 4366 1117 4433 diacono:
1134 4369 1214 4448 lirpo
1231 4388 1291 4433 non
1308 4371 1424 4433 habent
1438 4370 1597 4450 proprium
1612 4370 1835 4439 characterem3

45 4454 147 4530 possit
162 4452 310 4517 cilicium
326 4450 403 4517 tolli.
420 4454 452 4511 et
465 4455 573 4529 postea
589 4450 699 4511 iterum
713 4449 812 4511 reddi:
828 4450 927 4511 lmmo
973 4452 1131 4514 character
1146 4454 1227 4515 enirn
1243 4454 1330 4517 datur
1345 4452 1382 4515 ad
1406 4452 1597 4533 operandum
1626 4446 1835 4528 simpliciter,

45 4536 130 4597 nulla
143 4541 255 4613 potest
271 4534 349 4612 tingi
363 4534 461 4607 major
476 4533 679 4604 consecratio,
696 4533 722 4593 si
739 4533 778 4593 ita
792 4533 927 4594 vocanda
974 4548 1036 4595 non
1053 4536 1091 4597 nd
1106 4535 1187 4599 bene
1203 4536 1407 4613 operandum.
1678 4530 1680 4537 ’

44 4625 92 4679 est
104 4620 270 4681 dedicatio
283 4631 436 4695 personae
448 4619 531 4676 extra
545 4620 745 4687 sacramenta,
759 4630 850 4692 qnam
865 4630 927 4675 mo·
1013 4616 1209 4697 despondeo:
1226 4618 1290 4681 Non
1307 4634 1381 4681 osse
1396 4618 1435 4681 de
1451 4615 1587 4680 essentia
1602 4609 1837 4682 sacramenti,ut

43 4704 240 4765 nachorem.
266 4698 326 4780 qui
349 4697 414 4760 lieo
434 4705 656 4761 consecrantur
677 4714 733 4776 per
754 4697 926 4758 solemnem
972 4700 1025 4779 qui
1042 4698 1117 4762 illud
1130 4702 1235 4777 habet,
1252 4702 1366 4781 aliquid
1391 4699 1624 4780 supernaturale
1639 4696 1763 4767 elllniat,
1779 4694 1837 4755 sed

27 4783 345 4861 tprolessionem3-et
358 4786 458 4843 tamen
466 4782 548 4860 justa
564 4780 840 4856 caussa,etsummi
856 4796 931 4857 pon·
976 4784 1052 4845 satis
1068 4790 1125 4861 est,
1142 4784 1168 4847 si
1184 4784 1224 4846 sit
1238 4786 1431 4846 caeremonia
1447 4784 1610 4845 conterens
1625 4779 1764 4860 gratiam.
1782 4775 1838 4837 lie·

27 4867 137 4931 :rihcis
153 4865 401 4947 dispensatione
423 4869 555 4943 possunt
575 4865 686 4925 iterum
709 4864 748 4925 ad
769 4862 929 4925 saeculum
974 4883 1035 4944 que
1050 4872 1098 4928 est
1111 4882 1217 4929 nerum
1232 4866 1465 4943 universaliter,
1482 4866 1563 4945 quod
1579 4865 1737 4927 character
1748 4859 1837 4920 detur

27 4989 29 5004 ι
44 4951 161 5021 redire,
181 4956 217 5014 ιιι
232 4947 411 5012 doctissimi
434 4945 488 5007 riri
514 4953 656 5019 censent,
672 4954 702 5010 et
717 4945 856 5024 exempla
872 4946 927 5007 ali·
973 4949 1012 5009 ad
1028 4950 1217 5024 operandum
1233 4950 1436 5026 simpliciter,
1453 4955 1485 5010 ut
1501 4954 1581 5027 patet
1606 4963 1643 5010 er
1658 4945 1835 5009 charactere

27 5048 104 5109 iqua
118 5040 292 5097 testantur.
306 5030 410 5107 licque
421 5027 497 5091 iliud
513 5028 626 5103 obstat,
641 5030 723 5108 quod
738 5030 778 5091 sit
792 5028 926 5090 officinm
971 5029 1230 5100 Conllrmationis,
1252 5034 1302 5111 qui
1326 5032 1413 5094 datur
1434 5032 1471 5093 ad
1494 5028 1694 5109 prolitendam
1717 5024 1808 5086 Odem
1826 5040 1835 5081 :

45 5117 84 5177 de
98 5117 169 5189 inre
186 5117 314 5178 divino:
331 5113 360 5174 id
377 5111 459 5173 enim
475 5112 575 5172 selum
590 5111 709 5189 probat,
722 5111 837 5175 debere
852 5126 923 5173 esse
971 5130 1062 5191 quam
1078 5122 1177 5177 tamen
1192 5114 1284 5193 aliqui
1298 5114 1511 5177 catechumeni
1523 5114 1590 5175 sine
1604 5113 1779 5173 charactere
1793 5107 1838 5166 iu·

26 5197 189 5262 :Ecclesia
202 5200 371 5264 diaconos,
385 5193 441 5257 sed
455 5209 515 5256 non
529 5193 637 5271 probat
650 5195 755 5266 istum,
772 5200 823 5256 ant
836 5193 922 5255 illum
972 5198 1091 5258 terdum
1104 5198 1218 5275 optime
1231 5196 1422 5273 prolitentur,
1436 5190 1539 5275 usque'
1547 5196 1582 5256 ad
1595 5192 1755 5271 sanguinis
1768 5204 1838 5265 pro·

45 5282 163 5345 debere
178 5294 316 5360 semper
337 5294 407 5340 esse
429 5276 603 5339 diaconum.
619 5276 724 5355 ltaque
740 5284 846 5356 posset
860 5278 924 5339 tolli
971 5280 1171 5342 lusionemmt
1185 5280 1285 5359 aliqua
1300 5280 1468 5341 confirmati
1485 5294 1546 5339 non
1562 5277 1674 5338 audent
1690 5271 1837 5351 proliteri.

27 5366 83 5427 tab
95 5383 160 5429 uno
173 5364 378 5432 diaconatus,
392 5358 497 5421 etdarl
513 5360 612 5421 alteri:
626 5360 706 5421 sicut
721 5362 811 5422 etiam
827 5360 866 5422 de
879 5363 928 5439 ju·
1013 5361 1147 5424 'tertium
1169 5369 1401 5441 arpurnentnm.
1425 5362 1605 5423 Oiacoaatus
1627 5356 1769 5429 aratoria,
1792 5362 1841 5415 est

26 5461 79 5509 tre
93 5449 204 5509 divino
227 5452 293 5520 est,
319 5448 353 5503 ut
367 5443 428 5504 sint
442 5440 474 5502 in
490 5440 629 5503 Ecclesia
644 5442 783 5521 episcopi
798 5458 868 5504 cum
881 5452 928 5520 jn·
973 5446 1096 5507 traditio
1112 5445 1181 5507 libri
1204 5446 1443 5525 evangeliorum,
1467 5450 1500 5507 ιιι
1514 5444 1644 5505 habetur
1659 5440 1690 5502 ln
1707 5436 1841 5500 concilio

27 5531 246 5605 trisdietioue,
261 5533 297 5592 et
308 5532 412 5589 temen
423 5528 526 5605 potest
535 5540 675 5587 summus
686 5524 822 5603 pontifex
831 5526 931 5588 auler-
975 5526 1158 5591 florentino.
1181 5526 1242 5591 Sed
1265 5545 1334 5590 cum
1356 5529 1569 5593 ordinarentur
1591 5523 1680 5603 primi
1702 5520 1836 5591 diaconi,

27 5617 35 5678 ,ι
48 5630 82 5675 re
92 5614 131 5677 ab
142 5615 307 5693 episcopo
321 5607 546 5689 episcopatum,
558 5607 659 5688 quoad
669 5605 928 5683 iurisdictionem,
976 5627 1039 5673 non
1061 5618 1147 5674 erant
1168 5611 1316 5690 scriptum
1340 5610 1545 5691 evangelium3
1562 5623 1636 5685 erpo
1650 5606 1698 5669 rel
1713 5604 1757 5667 ilii
1773 5618 1836 5664 rron

26 5702 76 5765 ret
90 5697 157 5761 dari
173 5697 284 5760 alteri.
976 5693 1151 5756 habuerunt
1166 5710 1270 5757 rernm
1287 5700 1525 5768 sacramentum,
1542 5692 1589 5755 rel
1607 5692 1728 5754 nonest
1743 5703 1843 5751 sacra·

87 5771 931 5857 Sedcontrabancpropqsitiouemobjiciunturaliqua
977 5784 1114 5841 mentum
1128 5778 1320 5841 diaconatus.
