4084 6275
296 350 351 406 utu
848 344 1131 409 obstupescere
1149 344 1392 409 EUGHleSTlhE

222 479 277 553 dit,
300 479 454 560 siquidem
481 474 627 541 contiuuo
654 482 758 541 eurota
777 484 826 542 est
852 482 892 546 nb
917 480 1080 547 incurabili
1125 482 1289 563 imaginem
1303 479 1369 553 lici,
1385 478 1459 541 licet
1482 494 1545 543 non
1569 474 1660 541 lacilc
1683 482 1840 556 appareat,
1866 474 1898 541 ia
1929 496 1993 559 qno

221 564 341 627 morbo.
359 561 546 636 Quisautem
560 559 664 624 credat
689 560 820 625 abosum
842 571 874 629 et
886 564 1080 643 superstitio·
1125 566 1272 629 consistet
1285 562 1453 625 similitudo
1467 560 1547 625 inter
1560 560 1657 623 ileum
1686 564 1717 621 el
1732 558 1902 635 huminem,
1917 578 1990 625 cum

221 660 292 707 nem
310 650 381 709 tanti
399 642 537 713 miraculi
550 658 692 706 caussam
707 659 779 709 esse
792 646 952 723 potuisset
964 647 1074 723 ddde,
1124 647 1217 711 homo
1231 650 1271 711 sit
1285 644 1464 724 corporalis,
1480 644 1596 715 linitus,
1616 640 1871 723 mutabilis31leos
1886 645 1992 707 incor-

221 729 302 805 quod
319 729 345 791 si
361 726 522 807 imperilia,
537 731 570 789 el
583 725 762 801 superstitio
785 734 843 802 est,
860 746 999 793 mensam
1020 729 1078 794 Do·
1125 732 1249 809 perulis,
1267 729 1448 798 immensus,
1463 724 1674 797 immutabilis,
1690 722 1776 799 dicit,
1795 724 1890 789 muita
1917 741 1992 791 esse

221 810 295 872 mini
308 825 416 873 roeere
426 811 531 883 attare,
548 813 580 871 et
593 806 746 872 Christum
761 808 794 873 in
821 809 1012 875 Eucharistia
1028 828 1079 875 co·
1124 812 1290 893 eiusmodi,
1306 826 1385 889 quae
1399 809 1482 875 eliud
1498 815 1581 884 sunt,
1596 807 1679 871 aliud
1695 806 1839 871 ridentur
1853 824 1939 885 esse,
1959 817 1993 873 et

219 892 297 963 lere,
320 909 382 957 non
397 894 462 955 sola
478 890 641 969 Gorgonis,
652 892 710 957 scd
724 893 816 955 adam
830 893 899 974 ipse
913 893 1079 975 Gregorius
1124 896 1210 971 ponit
1224 894 1399 972 exemplum
1413 894 1452 955 dc
1467 888 1668 965 Eucharistia,
1679 905 1839 967 quae-rere
1853 900 1901 955 est
1917 909 1986 957 cor·

220 975 413 1041 accusandus
427 973 485 1036 erit
499 972 670 1051 imperitiae
703 978 735 1037 el
748 976 988 1059 superstitionis.
1004 976 1094 1051 Nam¹
1124 995 1183 1057 pus
1198 976 1320 1051 Christi,
1338 984 1369 1037 et
1390 982 1490 1037 lemen
1517 975 1593 1037 nihil
1619 973 1722 1036 minus
1750 988 1821 1035 esse
1851 975 1985 1054 ridetur3

219 1056 286 1134 ipso
302 1064 360 1131 est,
377 1057 428 1137 qui
444 1066 581 1131 mensam
595 1062 682 1119 uocat
696 1058 802 1129 altore,
815 1064 846 1119 et
856 1060 910 1136 qut
924 1059 1078 1123 Christum
1123 1077 1193 1123 com
1209 1060 1251 1135 id,
1269 1058 1350 1139 qood
1365 1065 1491 1138 apparel
1506 1056 1652 1127 exterius,
1666 1057 1706 1119 sit
1717 1054 1882 1119 rolundum
1895 1063 1928 1121 et
1941 1061 1987 1121 in·

217 1138 251 1200 in
265 1139 453 1203 Eucharistie
467 1140 526 1201 coli
542 1137 626 1215 dicit3
642 1138 741 1218 ipsius
755 1140 838 1203 enim
852 1140 1002 1221 Gregorii,
1016 1158 1078 1205 non
1123 1144 1285 1213 sensibile,
1302 1148 1332 1205 el
1347 1141 1476 1221 proinde
1491 1140 1579 1203 ralde
1594 1138 1745 1201 dissimile
1761 1144 1880 1217 corpori
1899 1139 1989 1205 cirri·

220 1220 391 1300 Gorgoniac
417 1222 603 1285 rerbasunt
624 1222 697 1285 illa:
723 1219 996 1289 namurcum
1014 1222 1080 1303 fide
1123 1225 1173 1287 sti.
1194 1226 1353 1297 Videmus,
1383 1224 1493 1301 innuit,
1523 1222 1612 1303 quod
1637 1222 1761 1301 occepit
1785 1222 1934 1285 Soloutor
1948 1224 1989 1289 in

217 1304 398 1381 procubuit,
412 1320 497 1377 curn,
520 1304 582 1385 gui
599 1319 698 1385 super
715 1306 938 1384 medactum,
955 1322 1080 1391 mopere
1122 1322 1242 1370 monus
1252 1323 1342 1381 suus,
1357 1307 1457 1371 ueluti
1471 1305 1670 1385 eaunpettstc
1683 1302 1789 1375 hobel,
1808 1307 1900 1385 praed
1911 1322 1988 1369 sur·

217 1404 294 1452 uoce
305 1388 463 1452 obtestans
477 1392 536 1451 etc.
1120 1392 1208 1455 remit
1223 1408 1244 1453 a
1258 1405 1371 1463 coeno,
1387 1394 1418 1452 el
1432 1393 1556 1467 coemit
1582 1387 1675 1453 hoec.
1698 1393 1727 1449 et
1754 1402 1830 1451 curn
1856 1391 1986 1467 pretias

1121 1473 1245 1549 episset,
1262 1473 1358 1537 eliuth
1374 1472 1439 1535 ttae
1453 1488 1562 1537 mcum
1576 1477 1631 1541 est.
1644 1469 1714 1535 ttae
1724 1476 1755 1533 et
1779 1470 1856 1533 ttoc.
1881 1470 1921 1533 Et
1935 1473 1989 1535 tu·-

1121 1557 1234 1619 dernus
1249 1557 1338 1636 quod
1350 1570 1420 1618 nou
1434 1555 1573 1635 uepucle
1586 1558 1643 1627 est,
1659 1552 1985 1631 aequanimiterne

1119 1638 1260 1718 imupini
1272 1639 1309 1702 in
1323 1654 1434 1710 corne,
1450 1654 1519 1702 ηοη
1532 1635 1690 1701 inuisibili
1704 1634 1833 1705 deitati,
1858 1650 1929 1701 nou
1943 1638 1987 1699 li·

497 1785 504 1799 ,
588 1786 596 1801 ,
1118 1720 1300 1785 neomeniis
1314 1719 1546 1785 membrorum:
1560 1719 1620 1783 ltoc
1635 1719 1723 1783 coint
1747 1723 1793 1780 est
1817 1722 1985 1783 rotundae

426 1784 654 1851 mmmmm
665 1800 693 1850 ⁸·
708 1786 862 1867 Epltrem.
1118 1802 1255 1880 formos,
1271 1807 1301 1867 el
1313 1803 1513 1879 insensibile,
1529 1806 1692 1882 poculum
1718 1800 1764 1865 od
1786 1802 1986 1880 putentium.

1118 1886 1270 1951 Elooluit
1282 1902 1342 1965 per
1354 1886 1499 1963 prolium
1514 1886 1633 1949 dicere:
1648 1884 1714 1947 Hoc
1727 1898 1839 1947 meum
1850 1888 1906 1954 eet,
1916 1885 1987 1949 Hoc

250 1957 386 2051 'Sanetus
399 1957 546 2036 Ephrem,
573 1960 711 2040 aequalis
736 1963 929 2044 superiorum
952 1965 1075 2031 Patrem
1119 1972 1149 2031 et
1162 1968 1238 2043 Hoc·
1254 1974 1284 2031 el
1296 1984 1391 2033 nemo
1405 1966 1584 2045 confidem
1596 1965 1860 2039 meetsermone
1875 1968 1936 2046 qui
1952 1984 1991 2029 e·

201 2038 413 2135 ,luttouippe
428 2049 534 2136 sencto
549 2041 662 2107 Basilio
678 2044 844 2120 familiaris,
861 2064 898 2110 ac
910 2055 1010 2111 tantae
1021 2068 1076 2113 au·
1118 2052 1190 2114 nim
1202 2066 1273 2116 nou
1286 2052 1388 2115 credit
1401 2067 1468 2113 esee
1481 2052 1592 2147 ipsum
1603 2048 1857 2126 uennneaeetdtt
1870 2064 1893 2110 u
1905 2066 1989 2129 pru·

216 2129 410 2217 etorrtanspt
424 2128 620 2219 epusnscripta
636 2127 759 2207 publice
774 2135 844 2209 post
858 2130 978 2195 dininas
994 2132 1087 2215 Scri,
1119 2135 1176 2207 lio,
1194 2141 1223 2196 ct
1235 2134 1350 2197 sulum.
1368 2133 1449 2197 llaec
1460 2132 1524 2197 ille.

216 2208 321 2300 plorans
336 2223 366 2267 m
383 2206 519 2272 Ecclesia
536 2207 722 2285 legerentur,
739 2217 772 2274 ut
796 2216 923 2277 testatur
946 2229 973 2277 s.
1000 2216 1075 2279 ilie·
1159 2215 1216 2279 iiic
1231 2230 1306 2279 sane
1321 2217 1408 2279 loeus
1423 2215 1551 2277 omnino
1566 2212 1731 2277 convincit.
1747 2212 1822 2275 llam
1836 2212 1921 2290 quod
1936 2214 1985 2275 di·

215 2304 284 2380 ron.
299 2304 329 2382 tn
346 2290 434 2383 catal.
451 2289 593 2368 scriptor.
609 2292 640 2359 ls
665 2309 739 2373 ergo
764 2296 797 2356 in
821 2295 877 2357 lib.
904 2297 943 2359 da
969 2305 1075 2361 natura
1119 2296 1160 2362 cil
1177 2298 1367 2377 Epiphanius
1384 2304 1526 2377 oportere
1552 2298 1680 2360 eredere
1704 2311 1777 2359 esse
1801 2294 1905 2373 ipsum
1932 2312 1990 2359 re·

214 2368 271 2463 De}
286 2386 412 2467 mammo
426 2372 602 2467 Sssilllfln‘lfl,
619 2390 688 2453 cap.
705 2375 827 2453 &Quid
843 2381 1012 2455 scruteris,
1031 2383 1075 2443 in·
1119 2398 1199 2451 rum,
1216 2382 1353 2444 excludit
1368 2387 1483 2459 tropos,
1501 2386 1532 2444 et
1547 2379 1728 2457 praesertim
1742 2394 1813 2441 oum
1828 2376 1921 2439 addat
1933 2394 1988 2441 ex·

214 2458 290 2545 quit,
306 2454 554 2520 aruerutobrlto?
565 2457 669 2538 siisto
683 2460 809 2523 curiose
832 2462 976 2536 umoris,
1005 2479 1076 2527 ηοη
1119 2464 1223 2527 cidere
1238 2481 1255 2525 a
1271 2464 1436 2540 salutemet
1454 2463 1483 2524 id
1500 2478 1560 2525 non
1577 2459 1810 2535 ereduntpuod
1825 2460 1916 2523 etiarn
1932 2464 1989 2523 ad-

212 2552 287 2611 pom
298 2534 402 2631 fidelis
414 2537 588 2614 vocaberis,
605 2540 663 2605 scd
676 2543 834 2605 eumerus.
859 2544 933 2608 Esto
952 2543 1073 2623 fidelis,
1120 2545 1166 2609 dil
1181 2561 1251 2609 esse
1268 2546 1297 2607 ld
1313 2546 1515 2619 credendum,
1532 2546 1606 2607 licet
1619 2544 1731 2609 sensus
1750 2549 1938 2623 repugnent,
1955 2562 1988 2605 a·

215 2623 313 2696 utque
327 2634 496 2692 innocens,
511 2622 677 2700 participo
691 2624 731 2687 de
741 2626 952 2689 immaculato
965 2645 1076 2708 corpo·
1119 2630 1295 2709 perlisslme
1311 2634 1439 2692 testatur
1452 2644 1514 2689 non
1526 2626 1610 2707 loqui
1625 2641 1697 2689 eum
1718 2624 1758 2689 de
1783 2623 1988 2705 stguitleatte·

213 2716 251 2761 re
265 2699 395 2797 Domini
409 2704 468 2798 tui,
482 2701 547 2780 lide
572 2693 774 2784 plenissimo,
801 2716 906 2771 certus
930 2713 1019 2790 quod
1041 2728 1075 2775 o·
1119 2727 1170 2785 ne,
1187 2712 1242 2775 sed
1259 2713 1297 2775 de
1312 2711 1426 2789 reipsa:
1443 2726 1515 2773 nam
1530 2724 1643 2773 sensus
1658 2724 1720 2773 non
1734 2708 1827 2771 modo
1850 2723 1912 2771 nou
1935 2724 1988 2777 re·

214 2798 319 2877 prtum
329 2799 439 2862 tpsttm
451 2792 619 2864 aculeorum
629 2790 780 2853 eonmdis.
795 2790 884 2870 lpnis
908 2792 1074 2860 irnmorlo·
1118 2801 1267 2873 pugnant,
1284 2794 1340 2857 sed
1356 2796 1447 2857 etiam
1459 2792 1615 2873 jutunuut
1626 2791 1790 2855 credamus
1802 2806 1982 2855 sacramen·

218 2868 257 2926 las
271 2874 348 2928 sunt
360 2869 518 2949 mpsleriu
534 2868 862 2941 terminationem
876 2890 1075 2953 eupersctu·
1118 2881 1181 2939 tum
1197 2874 1384 2957 significare.

214 2948 290 3022 luri,
306 2964 348 3010 ne
360 2950 399 3012 in
411 2951 559 3029 ipsorum
575 2955 832 3032 perscrutatione
860 2956 1075 3024 combtucris.
1158 2958 1356 3036 Respondent
1369 2954 1585 3029 adversariae
1601 2954 1766 3035 praecipue
1784 2956 1890 3017 Petrus
1903 2970 1987 3017 mar·

213 3028 296 3125 Haec
310 3030 374 3127 ille.
390 3032 428 3094 Et
443 3034 529 3094 intra:
545 3034 610 3097 Hoc
623 3052 705 3102 sone
718 3038 848 3102 emcedit
872 3054 1002 3107 omnem
1015 3044 1075 3107 cd·
1119 3046 1165 3121 tgr
1179 3042 1208 3103 in
1225 3044 1280 3105 lib.
1298 3048 1401 3104 eontra
1417 3041 1630 3111 Gardtnerum,
1658 3039 1782 3118 obiecto
1811 3035 1881 3100 t8tt.
1911 3038 1988 3117 Epi·

213 3118 431 3187 mcrotrouern,
447 3131 577 3180 omnem
588 3124 738 3193 urentem
751 3136 942 3203 omnemque
952 3139 1073 3206 sermm
1118 3126 1263 3202 phaninm
1280 3125 1364 3204 loqui
1380 3125 1419 3188 de
1433 3122 1698 3204 representatione
1714 3120 1853 3200 corporis
1878 3118 1988 3184 Domi·

213 3198 493 3278 nem,guodlecit
518 3199 611 3264 uobis
638 3203 829 3282 turipcnitus
851 3205 956 3271 Pilius
986 3207 1074 3276 Chri·
1118 3207 1160 3281 ni,
1177 3209 1307 3272 aurello
1323 3207 1631 3282 dicere,eredeudum
1647 3203 1988 3284 essepauemEucha·

214 3285 282 3341 stus
297 3278 580 3378 Solcotornosler.
595 3284 1075 3366 tpnernuspintnmmcndu·
1117 3291 1220 3352 rtstiac
1236 3306 1306 3353 nere
1329 3305 1400 3352 esse
1427 3306 1540 3369 corpus
1569 3287 1680 3352 christi
1706 3287 1985 3367 repraesentatire,

216 3362 372 3457 cundum,
389 3380 429 3426 oc
445 3363 621 3430 brbecdtun
642 3369 803 3447 praestitit
827 3371 932 3449 nebu,
958 3389 1076 3455 corpus
1120 3372 1194 3435 licet
1208 3374 1289 3435 nulla
1304 3379 1448 3450 appareat
1462 3373 1494 3435 in
1509 3387 1588 3451 pene
1603 3369 1773 3435 similitudo
1787 3385 1858 3432 cum
1871 3384 1985 3448 corpo·

212 3445 335 3506 emttcet
351 3451 381 3508 et
393 3447 591 3526 sanguinem
601 3465 711 3514 suum.
725 3451 809 3516 Eacc
823 3453 889 3517 itte.
1120 3471 1154 3516 re
1169 3453 1291 3518 christi.
1307 3454 1342 3517 ld
1357 3469 1428 3518 rere
1443 3469 1480 3517 ex
1496 3469 1532 3518 eo
1544 3453 1739 3534 potissimum
1754 3449 1883 3530 colligit,
1896 3453 1986 3531 quod

232 3527 301 3619 „dd
318 3529 376 3591 hoc
392 3531 598 3593 testimonium
615 3547 718 3614 neque
732 3536 924 3615 respondent
936 3538 1078 3602 aduersa·
1120 3536 1310 3617 Epiphanius
1325 3553 1435 3616 panem
1449 3537 1522 3598 dicit
1536 3551 1607 3600 csse
1623 3551 1736 3615 corpus
1750 3532 1874 3610 Christi:
1902 3533 1987 3596 atlir·

214 3622 267 3680 rtt,
283 3625 384 3687 neone
399 3612 589 3691 respondere
604 3615 719 3694 alicuid
735 3625 876 3696 possunt.
898 3621 969 3683 llam
997 3621 1076 3686 dilll·
1120 3620 1278 3682 malcaim
1293 3620 1336 3694 id,
1363 3620 1444 3698 quod
1471 3619 1621 3682 Dominus
1647 3618 1768 3694 accepit
1794 3615 1827 3679 in
1858 3632 1985 3692 manue,

215 3691 313 3786 cultas
327 3694 364 3755 ad
380 3695 580 3769 eredendum,
602 3699 737 3781 mysterii
766 3700 1019 3780 inscrutabilius,
1046 3709 1078 3768 et
1121 3703 1265 3783 noctique
1280 3703 1321 3764 eil
1335 3703 1510 3775 rotundum,
1528 3709 1559 3766 et
1574 3699 1755 3766 insensibile
1780 3713 1865 3775 csse;
1893 3699 1986 3776 illud,

213 3776 395 3838 mtraoulom
409 3792 561 3858 superaus
575 3795 699 3844 omnem
714 3789 847 3846 mentem
864 3784 957 3865 (quae
971 3787 1026 3848 tria
1042 3789 1075 3850 itt
1120 3786 1361 3864 inquamipsum
1377 3791 1515 3849 uocatum
1530 3801 1548 3846 a
1564 3782 1683 3846 Christo
1700 3797 1755 3862 per
1774 3781 1902 3858 gratiam
1915 3797 1986 3844 our·

214 3854 275 3917 boc
290 3866 481 3922 sacramento
496 3863 651 3940 praedicet
675 3879 704 3925 s.
729 3863 878 3947 Ephrem)
903 3868 1074 3932 clarissime
1119 3884 1177 3945 pus
1193 3868 1303 3946 ipsine.
1320 3867 1409 3928 Panis
1425 3873 1525 3930 autem
1542 3865 1694 3928 rotundus
1725 3870 1756 3928 et
1771 3863 1983 3936 insensibilis,

214 3942 774 4015 testantur,nonesseEueharistiam
822 3965 912 4012 anem
935 3951 1074 4014 materia·
1117 3950 1209 4022 idest,
1227 3949 1421 4028 panisrorus
1451 3946 1666 4011 admaterialis
1692 3953 1883 4026 conpotest
1909 3961 1984 4010 esse

214 4019 287 4115 lem,
305 4023 357 4101 qni
372 4031 486 4090 unium
501 4025 657 4104 significet
670 4044 784 4107 corpus
797 3965 931 4106 Bomini,
954 4033 1010 4095 sed
1025 4049 1075 4096 es·
1120 4048 1233 4108 eorpus
1248 4032 1382 4100 bomini,
1400 4031 1458 4092 nisi
1473 4029 1745 4110 repraesentativa.

213 4117 250 4166 se
263 4120 367 4182 tpsnm
387 4124 494 4201 ‘terum
520 4108 641 4174 Ilumini
664 4127 789 4191 corpus.
816 4114 912 4184 Adde,
939 4115 1020 4194 quod
1037 4115 1076 4178 E·
1160 4113 1220 4176 Sed
1238 4115 1314 4177 boec
1328 4113 1440 4176 solutio
1455 4113 1544 4176 lacilc
1559 4113 1658 4176 relelli
1673 4115 1776 4192 potest
1803 4109 1920 4188 duplici
1936 4129 1985 4174 ra·

213 4188 323 4278 phrem
339 4189 409 4252 iaott
423 4190 598 4254 antithesim
614 4194 779 4269 noandum:
795 4195 870 4259 dicit
883 4197 967 4260 enim
986 4197 1075 4261 mira·
1120 4193 1403 4273 lione.l‘rimo,qoia
1418 4195 1610 4274 Epiphanius
1625 4211 1687 4256 non
1702 4195 1771 4258 sine
1790 4209 1900 4256 caussa
1917 4211 1986 4258 mu·

212 4267 399 4344 btleluisse,
416 4275 497 4351 quod
523 4275 638 4353 angeli,
664 4276 717 4355 qui
743 4283 816 4339 sunt
840 4279 1025 4359 incorporei,
1042 4281 1075 4343 in
1119 4279 1192 4342 latit
1206 4280 1437 4342 conclusionem
1454 4280 1485 4340 itt
1515 4278 1742 4357 comparatione
1766 4273 1984 4340 Eucharistiae

216 4364 517 4434 corporeassumpto
543 4357 759 4422 manducarint
783 4359 870 4425 cibos
895 4379 1073 4441 corporeos:
1121 4376 1190 4422 curn
1205 4361 1342 4424 homine.
1358 4359 1432 4423 llam
1448 4377 1519 4424 oum
1535 4360 1665 4425 dixisset
1685 4357 1844 4422 hominem
1867 4374 1941 4420 esse
1957 4361 1984 4422 i·

215 4436 271 4494 sed
287 4436 456 4503 mirabilius
472 4453 554 4512 esse,
571 4440 653 4518 quod
668 4456 726 4502 nos
751 4442 894 4508 homines
918 4446 1072 4524 corporei,
1120 4444 1272 4522 maginem
1288 4442 1354 4516 ilci,
1371 4443 1444 4506 lieet
1461 4460 1521 4506 non
1537 4447 1681 4522 appareat
1708 4439 1877 4504 similitudo
1899 4441 1984 4504 inter

214 4523 246 4577 et
260 4515 332 4579 lutei
349 4521 546 4584 comedamus
560 4523 677 4602 ignem,
693 4527 725 4584 el
738 4525 892 4601 spiritum,
905 4527 997 4603 idest,
1006 4545 1075 4610 cor·
1119 4526 1217 4589 Deum
1246 4533 1276 4588 et
1290 4525 1459 4588 hominem:
1476 4525 1635 4588 debuisset
1656 4524 1760 4588 dicere
1784 4537 1983 4602 consequen-

213 4615 272 4676 pus
287 4601 422 4668 coeleste
438 4603 562 4668 Christi.
578 4606 616 4668 tt
640 4605 723 4669 nulla
751 4613 835 4670 esset
862 4609 1074 4674 admirationis
1120 4615 1176 4680 ter,
1195 4623 1305 4687 paoem
1322 4607 1535 4672 Eucharistiae
1550 4624 1620 4672 esse
1646 4606 1811 4686 imaginent
1839 4606 1983 4683 corporis

214 4685 366 4772 censensi>
380 4690 492 4747 tantum
507 4687 538 4748 in
555 4685 644 4764 signo
658 4703 771 4766 corpus
786 4686 898 4753 Christi
911 4695 1074 4757 manduca·
1119 4691 1331 4762 [lominidieel
1347 4707 1408 4754 non
1429 4697 1574 4770 appareat
1587 4689 1756 4772 similitudo
1771 4688 1851 4748 inter
1865 4704 1985 4766 punem

178 4831 183 4841 ,
213 4779 330 4842 remum
345 4766 438 4830 immo
453 4767 621 4834 mirabilior
635 4772 730 4838 multo
744 4769 853 4836 luisset
866 4773 920 4839 illa
944 4776 1073 4856 angelo·
1119 4779 1149 4836 et
1164 4789 1276 4852 carpos
1292 4772 1425 4850 llomini3
1441 4773 1471 4836 id
1487 4771 1569 4836 enim
1585 4771 1742 4852 requirere
1758 4769 1919 4832 ridebatur
1931 4787 1982 4832 ra.

213 4863 281 4910 rum
296 4850 501 4926 manducatio,
517 4868 610 4937 quam
624 4859 728 4919 nostra
743 4853 796 4926 sit,
1119 4855 1160 4918 tio
1176 4856 1307 4932 exempli
1324 4855 1418 4918 allati.
1434 4857 1469 4917 lt
1483 4872 1545 4916 nen
1560 4854 1599 4926 ita
1614 4855 1700 4928 dixit,
1726 4852 1782 4916 sed
1809 4851 1851 4914 ait
1865 4866 1981 4930 panem

743 4987 747 4992 .
1120 4938 1328 5001 Eucharistiae
1342 4953 1413 5000 esse
1428 4941 1529 5018 ipsunt
1545 4953 1648 5001 rerum
1664 4951 1778 5030 corpus
1793 4933 1927 4997 llemini.
1941 4933 1981 4999 El

503 5067 654 5134 vcara
675 5073 744 5142 xx.
1119 5019 1983 5179 tertullumtrcastrametatus

1117 5203 1185 5250 rum
1200 5201 1324 5262 corpus;
1340 5190 1371 5246 et
1386 5190 1486 5246 tamen
1503 5201 1562 5247 non
1580 5187 1681 5248 minus
1697 5183 1789 5246 bomo
1815 5188 1864 5244 est
1888 5196 1983 5246 rerns

535 1600 655 1665 caput
675 1602 756 1669 xlx.

398 5251 667 5323 retineremur.
691 5257 883 5338 Epiphanii.
1117 5269 1199 5331 Deos
1214 5271 1481 5344 repraesentativa,
1497 5284 1567 5330 cum
1583 5267 1624 5330 sit
1646 5268 1716 5347 eius
1744 5266 1858 5344 imago,
1886 5281 1980 5344 qoam

842 5379 847 5388 ·
1066 5411 1074 5420 ,
1116 5354 1156 5414 sit
1170 5349 1430 5430 peredrersarios
1445 5348 1636 5416 Eucharistia
1662 5364 1766 5412 rerum
1790 5361 1906 5423 corpus
1931 5363 1983 5409 re-

223 5503 228 5513 ,
251 5421 382 5486 Sanctus
395 5418 587 5517 Epiphanius
602 5427 738 5492 omnium
753 5431 948 5509 superiorum
958 5447 1070 5512 aequa·
1118 5432 1351 5511 praesentative.
1369 5431 1520 5509 Quorsum
1538 5435 1629 5512 igitur
1644 5431 1722 5492 haec
1750 5430 1888 5500 mutatio,
1916 5430 1982 5494 nisi

208 5503 248 5596 hs
264 5501 349 5582 (narn
362 5511 455 5569 ,ettam
471 5506 633 5574 Athanasio
649 5510 806 5576 tanttlarts
830 5514 896 5592 init,
922 5516 994 5577 licet
1006 5532 1070 5578 om·
1118 5523 1149 5578 nl
1161 5514 1416 5594 intelligeremus,
1435 5531 1495 5577 non
1508 5514 1641 5578 conlerri
1657 5511 1892 5588 Eucharistiam,
1910 5521 1944 5574 ut
1955 5511 1981 5574 i·

207 5585 304 5650 nibus
326 5591 543 5672 supervixerit)
568 5592 601 5656 in
626 5592 787 5671 ancorato,
814 5597 897 5663 eirca
921 5596 1069 5672 medium,
1118 5598 1271 5676 maginem
1287 5614 1357 5659 cunt
1373 5597 1511 5674 homine3
1526 5597 1582 5660 sed
1608 5595 1842 5670 Eueltaristiam‚
1871 5599 1981 5674 quate·

209 5684 282 5733 cum
296 5669 410 5736 docere
426 5673 702 5758 tellethoutiuem
716 5693 787 5742 rere
812 5695 883 5746 esse
907 5679 1018 5745 iactum
1032 5681 1071 5746 ad
1119 5699 1176 5744 nus
1192 5685 1222 5744 to
1237 5698 1272 5744 ua
1288 5696 1358 5744 tere
1373 5681 1548 5744 continetur
1564 5697 1676 5760 eorpus
1686 5677 1826 5744 Domini?
