4084 6275
191 313 246 374 ote
996 300 1101 368 77757777

194 444 340 510 55575577
361 443 541 524 speciebus,
566 447 598 506 ol
615 441 775 508 continent
790 459 914 524 corpus,
932 459 1025 522 quam
1112 441 1359 506 communicatur
1369 441 1441 504 508.
1459 456 1561 520 55555
1572 440 1638 504 5115
1662 439 1725 502 5175
1757 435 1955 502 7550517577

196 527 317 607 corpori
335 527 459 600 Christi,
475 531 507 587 57
523 529 570 587 557
584 525 643 586 555
660 526 829 603 speciebus
843 525 926 590 ibid.
1113 530 1215 604 potest
1231 525 1261 585 in
1279 531 1471 586 sacramento
1488 525 1626 585 existens
1641 523 1715 585 300.

153 609 280 689 0575577
294 609 427 683 Domini,
446 608 611 670 57557555
628 608 807 685 speciebus.
837 608 936 687 magis
952 622 1027 670 con·
1072 605 1190 684 Corpus
1205 606 1328 669 Domini
1343 613 1403 669 ndo
1420 606 1485 667 dari
1499 606 1646 684 indignis,
1666 606 1725 666 luit
1740 601 1896 666 haeresis
1910 600 1960 662 05

196 694 280 754 75577
295 691 370 751 75775
385 689 541 764 55577050,
567 705 625 752 555
650 705 713 752 555
737 690 887 769 pignoris,
916 695 946 752 57
973 687 1028 751 577·
1113 689 1379 766 75555775557575,
1396 703 1477 768 5555
1491 688 1640 750 reiulatur
1663 686 1740 749 571.
1758 684 1842 748 372.
1861 681 1957 744 05177-

198 773 292 834 menti
309 772 415 846 divini,
430 787 521 850 55575
544 771 724 850 speciebus
740 779 772 834 ul
787 772 947 834 continent
962 786 1029 832 cor·
1115 771 1214 832 nistae
1226 769 1316 831 etiam
1337 771 1456 848 dicuat,
1473 786 1535 832 aon
1551 767 1732 832 manducari
1765 767 1836 829 nisi
1862 781 1882 824 5
1903 765 1958 843 piis

199 871 257 932 pus
273 854 393 914 homini
408 853 489 916 ibid.
1115 851 1296 913 bominibus
1309 850 1382 912 377.

155 935 276 1013 057555
291 944 320 996 57
335 936 463 1014 sanguis
477 933 610 1005 Domini,
628 935 718 996 etiam
742 935 881 1014 praecise
893 939 1028 1014 sumpta,
1075 931 1195 1011 Corpus
1211 932 1323 995 Christi
1340 949 1411 996 rere
1428 933 1631 994 manducatur
1655 946 1711 994 ore
1733 925 1917 1006 corporali.
1932 933 1959 988 et
1990 1007 1995 1015 η

199 1035 260 1079 555
277 1021 350 1078 5557
364 1017 425 1078 755
441 1017 644 1077 instrumenta
661 1016 829 1078 lormatitcr
845 1015 1029 1078 conierendi
1116 1031 1177 1075 non
1191 1017 1293 1077 solum
1315 1030 1369 1078 ore
1382 1014 1534 1094 spirituali
1551 1029 1607 1091 par
1636 1011 1730 1074 iidem
1747 1019 1782 1073 et
1798 1009 1956 1088 gratiam,

198 1101 339 1177 gratiam,
357 1099 413 1160 sed
430 1115 538 1171 unum,
555 1103 586 1158 ct
601 1105 648 1159 ast
663 1100 772 1159 cadem
798 1101 895 1160 777755
919 1098 948 1158 75
964 1113 1030 1160 557·
1115 1113 1171 1158 555
1185 1098 1344 1176 energiam
1360 1095 1408 1175 (57
1422 1097 1591 1174 755555757
1605 1092 1817 1171 calvinistae)
1841 1098 1876 1153 57
1890 1089 1958 1152 clic-

199 1195 274 1257 pore
304 1187 334 1241 et
362 1180 541 1258 sanguine,
564 1179 659 1254 77555
682 1181 812 1243 babetur
839 1196 876 1242 ex
899 1180 1030 1259 conjun·
1116 1183 1211 1254 ctum3
1228 1185 1259 1239 et
1273 1187 1505 1257 consequenter
1520 1178 1725 1240 manducatur
1738 1191 1810 1237 non
1826 1173 1960 1237 soluma

199 1259 301 1323 ctione
314 1259 352 1322 ad
368 1261 556 1324 divinitatem
571 1259 644 1322 778.
920 1273 930 1304 ¹
1117 1261 1190 1337 piis,
1207 1260 1264 1322 sed
1280 1260 1371 1320 eliam
1389 1261 1427 1320 ab
1444 1258 1549 1337 impiis
1563 1257 1636 1320 377.

156 1343 276 1420 057555
292 1343 412 1404 0575757
427 1359 489 1405 555
505 1343 606 1404 557557
620 1343 650 1403 75
666 1357 720 1404 ore
735 1341 887 1414 lidelium,
912 1340 968 1404 sed
986 1347 1031 1404 el·
1073 1340 1193 1418 Corpus
1210 1339 1323 1404 Christi
1339 1345 1472 1403 sumitur
1497 1341 1537 1402 ab
1553 1340 1657 1418 impiis
1683 1337 1963 1401 sacramentaliter

198 1426 257 1484 iam
275 1427 304 1485 in
321 1425 407 1485 altari
424 1430 454 1486 et
469 1425 552 1486 75575
567 1424 676 1500 555775,
698 1431 872 1504 agnoscunt
893 1423 1031 1504 Scriptu-
1118 1431 1247 1497 tantom3
1264 1440 1320 1484 seu
1336 1423 1367 1483 in
1383 1422 1474 1502 signo
1488 1422 1601 1483 risibili
1615 1426 1735 1482 tantum
1751 1421 1806 1496 (ut
1824 1419 1963 1495 loquitur

199 1522 250 1568 755
274 1512 305 1567 57
320 1505 423 1569 Patres
438 1504 509 1568 500.
527 1505 601 1569 702.
1117 1519 1144 1566 5.
1159 1502 1363 1584 Augustinus)
1386 1520 1441 1565 seu
1465 1503 1619 1579 corporali
1645 1503 1882 1569 instrumento,
1907 1517 1961 1560 noa

159 1587 279 1665 Corpus
291 1589 412 1650 Domini
429 1605 490 1650 non
513 1592 712 1649 eonserratur
726 1586 1031 1666 abbaareticis,qcia
1117 1592 1219 1647 autern
1231 1586 1347 1648 utiliter
1372 1593 1404 1648 et
1418 1586 1588 1661 iructuosc3
1605 1601 1666 1646 non
1684 1586 1773 1646 enim
1791 1583 1962 1661 spirituali·

203 1686 263 1730 non
277 1677 450 1748 agnoscunt
461 1674 689 1730 sacramentum
705 1670 734 1730 in
749 1685 806 1732 usu
822 1669 895 1731 502.
1118 1675 1164 1728 757
1176 1669 1461 1744 nutriuntur,pralia
1474 1667 1618 1729 videlicet
1634 1673 1666 1727 et
1676 1665 1881 1727 remissione
1896 1680 1960 1740 per·

160 1749 280 1828 Corpus
296 1758 324 1812 57
340 1752 466 1829 sangnis
484 1750 617 1824 homini,
643 1757 690 1812 est
714 1751 889 1814 baereditas
916 1749 1032 1814 Christi
1117 1758 1254 1812 55757557
1270 1749 1343 1811 282.
1358 1748 1431 1809 302.
1448 1749 1521 1811 310.
1538 1747 1613 1809 317.
1630 1746 1703 1810 328.
1731 1747 1801 1808 330
1819 1747 1871 1808 od
1893 1745 1957 1806 557.
2006 1806 2007 1809 ,

203 1832 293 1894 55575
309 1833 413 1894 7577575
429 1831 502 1894 703.
1119 1830 1191 1892 350.
1209 1830 1281 1891 577.
1299 1830 1372 1892 358.
1386 1830 1448 1892 370
1463 1831 1509 1893 ed
1523 1829 1597 1892 372.
1613 1829 1687 1891 300.

160 1912 280 1990 057555
296 1913 407 1974 0577577
423 1916 505 1992 5557
519 1912 650 1975 sumitur
665 1913 696 1974 in
727 1913 931 1988 Eucharistiae,
943 1929 1033 1976 7555·
1079 1908 1199 1992 057555
1216 1911 1357 1975 christia
1374 1911 1521 1974 07577555
1531 1911 1742 1972 manducatur
1756 1923 1829 1970 non
1846 1908 1888 1970 ad
1900 1924 1957 1969 eor·

204 2001 252 2055 tur
267 1995 484 2073 completivum
501 1997 638 2058 anartium
655 2001 793 2058 veterum
809 1994 1034 2060 sacrificiorum
1120 2011 1180 2073 pas
1192 1994 1389 2055 nutriendum
1407 2009 1492 2056 more
1507 1993 1648 2056 ciborum
1659 1992 1900 2069 corporalium.
1911 1994 1957 2052 557

204 2075 277 2137 320.
454 2093 456 2098 ’
1120 2077 1157 2136 57
1173 2076 1307 2137 animam
1337 2076 1571 2137 sustentandam
1582 2081 1613 2135 et
1627 2074 1776 2135 alendam
1794 2071 1878 2133 283.
1893 2071 1958 2133 7775

162 2157 282 2234 057555
298 2155 726 2221 0577577575571775557705775
753 2166 889 2223 velerum
914 2157 1034 2221 inlicita
1120 2174 1201 2229 5555
1217 2155 1450 2219 77555757200.
1474 2156 1548 2219 275.
1572 2154 1644 2219 507.
1672 2153 1751 2216 508.
1777 2153 1864 2216 310.
1894 2153 1955 2214 stt.

204 2240 348 2300 distantia
365 2238 439 2301 377.
519 2259 521 2264 ’
757 2289 760 2293 .
1106 2237 1282 2300 mesot.
1298 2239 1371 2301 373.

163 2319 281 2396 Corpus
295 2327 324 2381 57
339 2322 467 2398 sanguis
480 2320 600 2380 bomini
617 2322 730 2384 suntid
747 2321 1035 2398 sacrificiumnood
1080 2319 1198 2398 Corpus
1215 2321 1326 2382 Christi
1344 2336 1406 2382 non
1429 2319 1530 2381 solum
1546 2318 1658 2380 animis
1684 2317 1825 2393 nostris,
1851 2317 1907 2377 557
1921 2324 1954 2376 et-

206 2404 236 2461 in
255 2401 349 2464 missa
371 2405 497 2482 proprie
524 2400 651 2465 5057757
682 2409 713 2466 57
739 2403 931 2466 57577055757
960 2403 1034 2466 507.
1120 2402 1181 2463 7557
1198 2403 1382 2478 5575577555
1397 2417 1470 2464 7575
1484 2401 1737 2480 5557555775755
1752 2401 1957 2477 corporaliter
2006 2400 2007 2409 ’

205 2482 279 2544 508.
1121 2484 1286 2544 5775577757
1301 2491 1332 2546 57
1348 2486 1472 2560 proprie
1488 2482 1620 2544 sumitur
1640 2481 1714 2542 277.
1733 2481 1816 2542 280.
1834 2480 1908 2540 stt.
2006 2542 2007 2563 ,

165 2563 284 2642 Corpus
300 2562 424 2640 Christi,
442 2569 477 2627 ut
491 2564 624 2627 rictirna.
642 2563 718 2627 Vide
732 2583 759 2630 7.
773 2565 915 2628 Victima.
1081 2563 1183 2643 Aliqui
1201 2565 1346 2627 dixerunt
1361 2581 1422 2627 non
1439 2580 1532 2642 posse
1546 2564 1647 2642 557775
1662 2579 1732 2631 555,
1747 2563 1808 2643 557
1822 2564 1957 2624 comede
2006 2600 2007 2653 3

165 2646 284 2725 Corpus
300 2652 330 2708 57
345 2647 473 2726 sanguis
495 2645 606 2708 Christi
620 2649 751 2710 sumitur
766 2648 797 2710 in
813 2665 921 2723 coena,
939 2654 972 2712 ut
987 2663 1038 2709 ca·
1124 2647 1200 2707 bant
1215 2663 1330 2726 eorpus
1347 2645 1457 2709 Christi
1474 2647 1505 2706 in
1522 2662 1591 2708 7575
1608 2644 1752 2708 Ecclesia
1770 2645 1955 2716 5555777577,
2006 2658 2007 2685 l

206 2745 239 2789 ro
255 2733 287 2790 et
301 2730 428 2805 sanguis
451 2728 592 2794 victimae
609 2745 664 2807 pro
691 2731 782 2792 nobis
811 2731 934 2794 oblatae
963 2730 1036 2793 305.
1124 2736 1229 2790 555775
1246 2745 1325 2806 57755
1337 2728 1530 2804 Augustinus
1545 2727 1618 2789 288.

207 2808 283 2870 Vide
299 2813 390 2870 ellam
407 2810 479 2871 270.
1083 2810 1282 2886 0575577575
1301 2811 1491 2888 Augustinus
1508 2825 1563 2887 per
1583 2824 1699 2886 corpus
1728 2807 1851 2871 Christi
1876 2807 1959 2869 75757·

164 2890 283 2968 057555
301 2896 331 2952 57
345 2893 472 2966 sanguis
485 2890 598 2954 Christi
615 2891 734 2954 555775
751 2906 847 2954 coena
865 2938 873 2969 ,
900 2899 934 2956 57
948 2893 1039 2956 57555
1125 2894 1200 2953 7575
1215 2893 1327 2969 5557577
1348 2907 1462 2970 557555
1475 2890 1587 2953 0577577
1603 2891 1772 2968 mysticum
1789 2889 1888 2964 2835

207 2980 239 3034 57
261 2977 352 3048 55755
368 2972 440 3036 503.
458 2972 531 3034 507.
1085 2973 1322 3050 CorpusChrisli
1340 2975 1422 3050 5557
1436 2979 1501 3034 5757
1515 2973 1546 3033 75
1560 2971 1750 3046 terris,idem
1768 2971 1878 3050 quoad
1894 2970 1960 3030 sab

166 3054 284 3132 Corpus
300 3054 412 3116 Christi
428 3055 540 3131 accipit
556 3054 683 3116 formam
699 3053 760 3116 eibi
790 3071 847 3134 per
875 3071 1038 3120 eonsecra-
1083 3121 1086 3125 ,
1127 3058 1269 3116 stantiam
1287 3056 1503 3129 manducatur,
1531 3069 1593 3115 non
1610 3054 1693 3115 idem
1709 3053 1821 3132 quoad
1839 3053 1958 3114 modom

212 3135 414 3200 7755575527.
432 3133 504 3196 528.
1127 3138 1268 3213 55557557
1284 3144 1315 3198 57
1337 3138 1512 3212 qualitatem
1528 3135 1602 3198 520.

169 3216 288 3296 057555
305 3216 416 3279 Christi
431 3217 542 3278 dicitur
554 3217 643 3279 cibus
666 3223 696 3279 57
712 3218 770 3279 7775
786 3218 947 3280 hominum
964 3218 1037 3283 307.
1086 3218 1205 3296 057555
1220 3236 1324 3291 55575,
1342 3217 1496 3280 Christum
1512 3234 1631 3284 creare.
1648 3216 1854 3279 sanctificare
1880 3220 1913 3277 el
1927 3216 1965 3277 di·

171 3297 294 3373 057555
309 3296 422 3360 Christi
438 3298 542 3360 datum
573 3300 723 3377 apostolis
739 3302 987 3364 manducandum
1009 3303 1043 3363 in
1129 3302 1246 3373 ridere,
1258 3302 1414 3377 quomodo
1430 3301 1490 3362 boe
1505 3301 1681 3377 intelligere
1696 3300 1880 3360 debeamus
1893 3297 1964 3358 307.

210 3380 317 3441 altlrna
335 3396 443 3452 coena,
462 3397 523 3441 non
542 3381 596 3441 luit
609 3388 792 3459 panaceam.
818 3388 849 3443 ut
865 3388 975 3446 755557
989 3385 1044 3445 577·
1133 3384 1286 3444 Sacerdos
1302 3383 1402 3458 dicit,
1431 3382 1538 3470 accipe
1566 3396 1680 3459 corpus
1706 3388 1772 3443 ete.
1806 3380 1884 3441 575.
1900 3378 1965 3441 338.

152 3476 156 3483 ·
212 3462 276 3540 qui,
293 3462 349 3525 sed
367 3475 513 3523 carneum
529 3462 602 3525 575.
621 3460 696 3525 Vide
712 3464 751 3526 de
767 3464 826 3525 hoe
843 3479 947 3527 errore
975 3482 1043 3527 557·
1131 3463 1206 3526 830.

211 3544 298 3623 55775
312 3545 441 3622 5555557
459 3543 531 3605 387.
1086 3546 1142 3608 7715
1159 3545 1250 3617 55775,
1265 3562 1325 3623 555
1343 3561 1459 3625 557555
1474 3544 1595 3607 Domini
1612 3560 1709 3621 55557
1723 3542 1827 3605 altare
1844 3542 1964 3621 ponitur

172 3623 291 3702 Corpus
308 3640 453 3686 carneum
470 3641 508 3687 55
525 3624 721 3705 57557755757
736 3625 775 3687 de
792 3642 872 3703 pane
888 3626 959 3689 377.
1131 3628 1167 3688 57
1185 3627 1238 3687 057
1254 3627 1417 3700 bonorem,
1433 3642 1504 3689 7575
1533 3643 1569 3687 55
1595 3626 1689 3687 755775
1704 3626 1828 3686 5575775
1850 3629 1913 3693 557.
1928 3634 1964 3685 et·

172 3708 290 3783 Corpus
306 3706 417 3768 Christi
435 3708 539 3768 datam
563 3708 727 3785 discipulis
750 3708 781 3768 in
797 3709 903 3770 citima
919 3724 1016 3771 coena
1034 3756 1043 3781 ,
1133 3710 1221 3770 iamsi
1235 3708 1337 3771 757575
1362 3724 1424 3770 555
1438 3707 1568 3779 dicatur,
1592 3707 1703 3779 olieru,
1734 3708 1789 3771 751
1803 3706 1961 3769 offerimus

213 3788 270 3861 luit
283 3788 425 3863 mortale,
439 3790 494 3849 sed
511 3790 613 3851 datum
628 3789 690 3851 illis
718 3791 810 3851 modo
835 3790 999 3853 immortali
1017 3796 1048 3852 et
1133 3790 1207 3851 503.
1224 3789 1297 3851 507.
1314 3789 1386 3850 525.
1403 3787 1567 3852 570577.

214 3869 402 3948 impassibili
420 3868 492 3931 837.
1046 3883 1048 3886 ·
1092 3869 1211 3951 057555
1228 3869 1340 3933 Christi
1356 3887 1411 3933 cur
1425 3870 1545 3933 dicatur
1558 3869 1605 3951 (in
1626 3868 1731 3933 uerbis
1758 3869 1963 3932 consecratio·

172 3950 317 4028 Corporis
330 3951 378 4012 sui
393 3948 521 4029 liguram
539 3950 771 4014 dedileristus
784 3953 1042 4031 apostolisidesl,
1135 3955 1196 4031 nis)
1209 3959 1267 4028 est,
1285 3960 1315 4015 57
1329 3969 1391 4014 555
1404 3952 1456 4013 057
1471 3951 1544 4016 273.

214 4032 374 4110 explicuit,
392 4032 458 4094 sire
474 4034 718 4112 implevit,quam
736 4036 765 4096 in
782 4051 863 4114 pane
876 4036 1047 4097 Hieremias
1092 4029 1239 4114 Corporis
1254 4034 1458 4113 etsanguinis
1472 4034 1593 4096 homini
1620 4031 1867 4097 scemmentalls
1891 4049 1964 4094 man-

217 4119 364 4193 posucral
379 4113 451 4175 002.
773 4144 775 4147 -
1133 4117 1257 4177 ducatio
1279 4123 1309 4177 et
1324 4124 1417 4195 polus
1446 4116 1578 4178 babetur
1595 4116 1625 4177 in
1648 4115 1679 4177 0.
1697 4131 1769 4193 555.
1786 4114 1886 4176 ioan.
1901 4114 1964 4174 255.

174 4195 297 4273 057555
310 4212 399 4257 55575
416 4210 486 4257 cum
502 4196 583 4256 dicat
598 4194 739 4259 Christus
755 4213 826 4260 5555
851 4198 882 4259 777
899 4195 1047 4259 Euchari·
1133 4198 1207 4259 250.
1223 4204 1333 4277 etseq.

217 4279 287 4351 5775,
302 4276 441 4355 77757555
472 4293 528 4339 555
557 4293 629 4339 7575
653 4294 789 4358 5557575,
806 4282 997 4343 5757557575
1014 4296 1047 4341 5·
1092 4279 1237 4358 05755775
1253 4280 1379 4342 5557755
1396 4279 1520 4357 5755775
1546 4277 1579 4341 75
1601 4278 1696 4340 757755
1726 4276 1967 4346 Eucharistiae,

219 4360 324 4419 mnino
338 4365 395 4433 est,
414 4359 570 4437 55755575
588 4360 725 4423 5770555
755 4363 878 4423 ntenliri
908 4378 969 4423 non
992 4378 1047 4441 po·
1134 4364 1235 4422 solum
1254 4376 1368 4441 eorpus
1384 4361 1569 4438 intelligitur
1585 4406 1592 4436 ,
1609 4368 1641 4421 et
1655 4361 1786 4421 nomine
1815 4361 1970 4436 sanguis.

216 4440 363 4503 7557273.
878 4447 888 4455 “
1134 4444 1221 4505 55155
1236 4445 1378 4521 sanguim
1402 4458 1461 4503 nec
1484 4450 1585 4503 tamen
1611 4441 1797 4502 distrahitur
1823 4456 1970 4515 557555.

175 4520 295 4597 057555
311 4537 406 4583 55557
422 4523 577 4599 55557575
594 4523 693 4599 555577
708 4523 761 4586 7577
780 4525 895 4586 mundo
911 4540 1048 4587 commu·
1135 4525 1299 4603 sanguine,
1314 4530 1347 4586 ut
1359 4522 1445 4585 initio
1461 4524 1633 4584 notavimus
1648 4525 1679 4584 75
1696 4525 1759 4583 7755
1773 4525 1896 4583 eodem
1911 4538 1972 4582 rer·

217 4602 327 4663 nicari:
346 4609 376 4664 el
393 4609 493 4665 lamen
510 4620 636 4683 semper
652 4608 805 4685 integrum
829 4606 1046 4669 5755575310.
1137 4606 1178 4667 ho
1195 4622 1310 4683 corpus
1326 4604 1440 4666 Christi
1455 4603 1531 4666 270.
1546 4604 1619 4666 277.

217 4682 290 4743 320.
307 4682 380 4746 Vide
397 4685 436 4748 dc
451 4688 630 4765 sumptione
645 4688 786 4765 corporis
815 4688 939 4750 0575757
969 4690 1002 4751 75
1018 4705 1047 4751 7.
1092 4687 1237 4762 05755775
1253 4700 1366 4749 7755755
1384 4688 1540 4765 55575555
1555 4686 1723 4763 accipiatur
1740 4686 1771 4744 in
1789 4684 1847 4743 illa
1861 4701 1973 4761 propo·

218 4762 416 4829 Communia.
1135 4768 1328 4831 sitionetlloe
1344 4775 1391 4831 est
1406 4783 1520 4845 corpas
1536 4784 1637 4829 menro
1650 4766 1972 4846 269.‘2ill.etsep.m·

175 4846 294 4926 Corpus
311 4846 422 4909 Christi
439 4848 530 4910 intrat
560 4865 617 4931 per
636 4864 672 4912 os
694 4850 1000 4923 communicantium,
1018 4856 1049 4913 57
1135 4850 1198 4911 7755
1227 4849 1453 4912 5557577557557
1476 4849 1688 4926 expositiones
1715 4849 1880 4909 55555757
1905 4850 1974 4909 272.

217 4930 370 5007 557755775
386 4930 416 4990 75
432 4932 592 4992 stomacho
618 4932 798 5009 speciebus,
816 4934 886 4995 sine
913 4934 973 4995 ulla
997 4932 1047 4994 sui
1134 4932 1207 4995 200.
1222 4948 1392 5011 eorumque
1407 4936 1586 5009 argumenta
1603 4930 1857 4991 551755757277.

215 5010 355 5073 75557555
372 5010 544 5073 7557577757
563 5028 645 5088 5555;
660 5012 741 5075 57557
756 5020 825 5077 5575
840 5016 1047 5077 consecratio·
1094 5014 1237 5092 Corporis
1252 5013 1363 5077 Christi
1380 5014 1584 5076 consecratio.
1608 5012 1683 5073 ilide
1709 5028 1738 5072 7.
1755 5009 1974 5071 0555557505.

216 5093 394 5235 5515233575
413 5137 420 5166 ,
438 5093 507 5157 5755
522 5094 587 5157 5775
609 5095 794 5159 detrimento
807 5112 864 5160 555
878 5098 922 5160 757
940 5112 1001 5159 555
1016 5114 1048 5158 e·
1135 5097 1211 5240 igin
1227 5098 1366 5175 corporis
1383 5094 1493 5157 Christi
1509 5094 1700 5173 praesentia,
1713 5092 1745 5154 ia
1761 5094 1974 5171 terrisonus

218 5190 249 5234 75
325 5201 351 5237 7.
1201 5224 1207 5239 .

177 5252 296 5329 057555
311 5257 422 5319 Christi
439 5257 554 5317 nullam
571 5257 601 5318 in
615 5272 650 5319 se
665 5259 837 5319 laesionem
851 5258 975 5339 patitur,
993 5276 1047 5321 ne·
1093 5259 1218 5337 Corpori
1228 5258 1340 5321 Christi
1356 5259 1434 5320 uniri
1445 5257 1636 5336 hypostatice
1653 5255 1780 5333 species
1793 5272 1974 5316 5775755755·

218 5352 363 5411 5555555
385 5355 477 5401 55575
500 5340 638 5401 55757575
661 5342 768 5401 55777777
783 5358 852 5403 cam
879 5344 1047 5403 manduca·
1136 5344 1224 5410 tales.
1242 5356 1328 5402 error
1343 5347 1402 5401 est.
1420 5342 1493 5401 vide
1508 5341 1599 5401 etiarn
1622 5338 1758 5399 absurda
1776 5336 1854 5399 170.

217 5421 267 5478 757
279 5418 482 5498 0555577505
495 5422 605 5483 57577777
621 5428 721 5483 757555
737 5438 808 5485 5555
824 5424 1048 5487 sacramentale
1093 5423 1136 5485 777
1151 5423 1266 5484 551555
1282 5422 1496 5484 sacramentali
1523 5420 1612 5498 panis
1633 5425 1665 5481 57
1685 5420 1832 5496 55755775
1855 5418 1970 5480 Christi

218 5504 249 5557 57
265 5498 374 5562 delinit
388 5516 460 5565 osse
476 5503 567 5567 cibus
582 5504 745 5567 sensibilis
756 5504 829 5567 525.
1134 5522 1196 5567 555
1212 5506 1308 5567 577757
1320 5504 1560 5566 communicatio
1575 5501 1757 5563 idiomatum
1774 5500 1853 5563 258.

177 5576 296 5657 057555
310 5582 421 5646 0577577
444 5599 506 5646 555
524 5586 656 5649 laeditur
671 5602 709 5649 ex
724 5601 760 5650 eo
777 5588 858 5667 quod
885 5587 924 5650 ab
941 5586 1046 5668 impiis
1093 5585 1221 5668 Corpori
1236 5584 1348 5650 Christi
1364 5587 1434 5664 5575
1456 5586 1558 5647 551755
1571 5582 1772 5646 57777555755
1795 5583 1830 5644 75
1853 5582 1973 5647 sucas
