<?xml version="1.0" encoding="UTF-8"?>
<!DOCTYPE html PUBLIC "-//W3C//DTD XHTML 1.0 Transitional//EN"
    "http://www.w3.org/TR/xhtml1/DTD/xhtml1-transitional.dtd">
<html xmlns="http://www.w3.org/1999/xhtml" xml:lang="en" lang="en">
 <head>
  <title>
</title>
<meta http-equiv="Content-Type" content="text/html;charset=utf-8" />
  <meta name='ocr-system' content='tesseract 3.04.00' />
  <meta name='ocr-capabilities' content='ocr_page ocr_carea ocr_par ocr_line ocrx_word'/>
</head>
<body>
  <div class='ocr_page' id='page_1' title='image "./operaomnia03unkngoog/operaomnia03unkngoog_0067.png"; bbox 0 0 4084 6275; ppageno 0'>
   <div class='ocr_carea' id='block_1_1' title="bbox 1750 45 1762 93">
    <p class='ocr_par' dir='ltr' id='par_1_1' title="bbox 1750 45 1762 93">
     <span class='ocr_line' id='line_1_1' title="bbox 1750 45 1762 93; baseline 0 0"><span class='ocrx_word' id='word_1_1' title='bbox 1750 45 1762 93; x_wconf 88' lang='lat' dir='ltr'><strong>t</strong></span> 
     </span>
    </p>
   </div>
   <div class='ocr_carea' id='block_1_2' title="bbox 823 340 1756 405">
    <p class='ocr_par' dir='ltr' id='par_1_2' title="bbox 823 340 1756 405">
     <span class='ocr_line' id='line_1_2' title="bbox 823 340 1756 405; baseline -0.008 -3"><span class='ocrx_word' id='word_1_2' title='bbox 823 340 921 403; x_wconf 73' lang='lat' dir='ltr'><strong>eluet·</strong></span> <span class='ocrx_word' id='word_1_3' title='bbox 936 342 1061 405; x_wconf 78' lang='lat' dir='ltr'><strong>PRADUS</strong></span> <span class='ocrx_word' id='word_1_4' title='bbox 1721 341 1756 395; x_wconf 77' lang='lat'><strong>57</strong></span> 
     </span>
    </p>
   </div>
   <div class='ocr_carea' id='block_1_3' title="bbox 51 466 1832 5771">
    <p class='ocr_par' dir='ltr' id='par_1_3' title="bbox 51 466 1825 726">
     <span class='ocr_line' id='line_1_3' title="bbox 55 466 1822 559; baseline 0.001 -26"><span class='ocrx_word' id='word_1_5' title='bbox 55 482 92 533; x_wconf 83' lang='lat' dir='ltr'><strong>er</strong></span> <span class='ocrx_word' id='word_1_6' title='bbox 118 466 189 533; x_wconf 85' lang='lat' dir='ltr'><strong>illis</strong></span> <span class='ocrx_word' id='word_1_7' title='bbox 208 470 323 535; x_wconf 76' lang='lat' dir='ltr'><strong>serbis.</strong></span> <span class='ocrx_word' id='word_1_8' title='bbox 339 468 474 538; x_wconf 75' lang='lat' dir='ltr'><strong>Detrulm</strong></span> <span class='ocrx_word' id='word_1_9' title='bbox 492 474 636 552; x_wconf 78' lang='lat' dir='ltr'><strong>uerbum,</strong></span> <span class='ocrx_word' id='word_1_10' title='bbox 658 479 740 557; x_wconf 86' lang='lat' dir='ltr'><strong>quid</strong></span> <span class='ocrx_word' id='word_1_11' title='bbox 759 484 806 542; x_wconf 81' lang='lat' dir='ltr'><strong>eat</strong></span> <span class='ocrx_word' id='word_1_12' title='bbox 828 490 930 559; x_wconf 78' lang='lat' dir='ltr'><strong>nque·</strong></span> <span class='ocrx_word' id='word_1_13' title='bbox 962 480 1099 552; x_wconf 90' lang='lat' dir='ltr'><strong>mundat,</strong></span> <span class='ocrx_word' id='word_1_14' title='bbox 1121 484 1273 558; x_wconf 73' lang='lat' dir='ltr'><strong>qnatenus</strong></span> <span class='ocrx_word' id='word_1_15' title='bbox 1295 476 1393 559; x_wconf 82' lang='lat' dir='ltr'><strong>gignit</strong></span> <span class='ocrx_word' id='word_1_16' title='bbox 1411 476 1516 549; x_wconf 85' lang='lat' dir='ltr'><strong>tidem,</strong></span> <span class='ocrx_word' id='word_1_17' title='bbox 1530 493 1611 557; x_wconf 88' lang='lat' dir='ltr'><strong>quae</strong></span> <span class='ocrx_word' id='word_1_18' title='bbox 1631 483 1680 541; x_wconf 85' lang='lat' dir='ltr'><strong>nst</strong></span> <span class='ocrx_word' id='word_1_19' title='bbox 1700 476 1822 539; x_wconf 86' lang='lat' dir='ltr'><strong>initium</strong></span> 
     </span>
     <span class='ocr_line' id='line_1_4' title="bbox 52 552 1825 645; baseline 0.002 -30"><span class='ocrx_word' id='word_1_20' title='bbox 52 552 124 615; x_wconf 80' lang='lat' dir='ltr'><strong>nisa·</strong></span> <span class='ocrx_word' id='word_1_21' title='bbox 133 556 304 633; x_wconf 75' lang='lat' dir='ltr'><strong>uquatllt:</strong></span> <span class='ocrx_word' id='word_1_22' title='bbox 313 557 578 623; x_wconf 83' lang='lat' dir='ltr'><strong>Acceditocrbtnn</strong></span> <span class='ocrx_word' id='word_1_23' title='bbox 588 561 633 623; x_wconf 86' lang='lat' dir='ltr'><strong>nd</strong></span> <span class='ocrx_word' id='word_1_24' title='bbox 643 563 834 625; x_wconf 80' lang='lat' dir='ltr'><strong>elementum</strong></span> <span class='ocrx_word' id='word_1_25' title='bbox 847 569 877 625; x_wconf 92' lang='lat' dir='ltr'><strong>et</strong></span> <span class='ocrx_word' id='word_1_26' title='bbox 885 562 921 641; x_wconf 74' lang='lat' dir='ltr'><strong>fit</strong></span> <span class='ocrx_word' id='word_1_27' title='bbox 959 558 1196 645; x_wconf 77' lang='lat' dir='ltr'><strong>justificationis,</strong></span> <span class='ocrx_word' id='word_1_28' title='bbox 1209 569 1309 624; x_wconf 90' lang='lat' dir='ltr'><strong>tamen</strong></span> <span class='ocrx_word' id='word_1_29' title='bbox 1321 561 1411 624; x_wconf 91' lang='lat' dir='ltr'><strong>etiam</strong></span> <span class='ocrx_word' id='word_1_30' title='bbox 1420 562 1592 640; x_wconf 76' lang='lat' dir='ltr'><strong>Baptismus</strong></span> <span class='ocrx_word' id='word_1_31' title='bbox 1602 562 1741 633; x_wconf 87' lang='lat' dir='ltr'><strong>mandat,</strong></span> <span class='ocrx_word' id='word_1_32' title='bbox 1754 576 1825 622; x_wconf 89' lang='lat' dir='ltr'><strong>cum</strong></span> 
     </span>
     <span class='ocr_line' id='line_1_5' title="bbox 51 638 1677 726; baseline 0.005 -30"><span class='ocrx_word' id='word_1_33' title='bbox 51 640 369 701; x_wconf 72' lang='lat' dir='ltr'><strong>snernmannmnut:</strong></span> <span class='ocrx_word' id='word_1_34' title='bbox 385 638 472 705; x_wconf 87' lang='lat' dir='ltr'><strong>Dnde</strong></span> <span class='ocrx_word' id='word_1_35' title='bbox 483 648 575 719; x_wconf 84' lang='lat' dir='ltr'><strong>tantu</strong></span> <span class='ocrx_word' id='word_1_36' title='bbox 587 644 689 709; x_wconf 78' lang='grc' dir='ltr'>τιτιεε</span> <span class='ocrx_word' id='word_1_37' title='bbox 708 660 827 726; x_wconf 82' lang='lat' dir='ltr'><strong>equae,</strong></span> <span class='ocrx_word' id='word_1_38' title='bbox 844 649 921 707; x_wconf 83' lang='lat' dir='ltr'><strong>etat</strong></span> <span class='ocrx_word' id='word_1_39' title='bbox 965 647 1065 709; x_wconf 86' lang='lat' dir='ltr'><strong>statim</strong></span> <span class='ocrx_word' id='word_1_40' title='bbox 1079 644 1183 707; x_wconf 85' lang='lat' dir='ltr'><strong>abluat</strong></span> <span class='ocrx_word' id='word_1_41' title='bbox 1196 648 1304 707; x_wconf 85' lang='lat' dir='ltr'><strong>sordes</strong></span> <span class='ocrx_word' id='word_1_42' title='bbox 1317 646 1453 707; x_wconf 84' lang='lat' dir='ltr'><strong>omniurn</strong></span> <span class='ocrx_word' id='word_1_43' title='bbox 1470 650 1677 722; x_wconf 89' lang='lat' dir='ltr'><strong>peccatoram.</strong></span> 
     </span>
    </p>

    <p class='ocr_par' dir='ltr' id='par_1_4' title="bbox 51 724 1831 1136">
     <span class='ocr_line' id='line_1_6' title="bbox 52 724 1829 807; baseline 0.002 -23"><span class='ocrx_word' id='word_1_44' title='bbox 52 734 182 796; x_wconf 81' lang='lat' dir='ltr'><strong>corpus</strong></span> <span class='ocrx_word' id='word_1_45' title='bbox 196 724 355 801; x_wconf 59' lang='lat' dir='ltr'><strong>tungensi</strong></span> <span class='ocrx_word' id='word_1_46' title='bbox 368 738 425 787; x_wconf 87' lang='lat' dir='ltr'><strong>car</strong></span> <span class='ocrx_word' id='word_1_47' title='bbox 437 724 557 797; x_wconf 81' lang='grc' dir='ltr'>ειιιιει,</span> <span class='ocrx_word' id='word_1_48' title='bbox 570 727 639 789; x_wconf 79' lang='lat' dir='ltr'><strong>nisi</strong></span> <span class='ocrx_word' id='word_1_49' title='bbox 648 726 786 807; x_wconf 68' lang='grc' dir='ltr'>ιεειεειε</span> <span class='ocrx_word' id='word_1_50' title='bbox 797 728 923 791; x_wconf 74' lang='lat' dir='ltr'><strong>cerda?</strong></span> <span class='ocrx_word' id='word_1_51' title='bbox 1003 729 1048 791; x_wconf 90' lang='lat' dir='ltr'><strong>Ad</strong></span> <span class='ocrx_word' id='word_1_52' title='bbox 1062 730 1141 790; x_wconf 82' lang='lat' dir='ltr'><strong>hauc</strong></span> <span class='ocrx_word' id='word_1_53' title='bbox 1151 728 1361 807; x_wconf 89' lang='lat' dir='ltr'><strong>quaestionem</strong></span> <span class='ocrx_word' id='word_1_54' title='bbox 1374 728 1552 805; x_wconf 75' lang='lat' dir='ltr'><strong>respondet:</strong></span> <span class='ocrx_word' id='word_1_55' title='bbox 1566 728 1720 790; x_wconf 75' lang='lat' dir='ltr'><strong>duriatum</strong></span> <span class='ocrx_word' id='word_1_56' title='bbox 1733 725 1829 788; x_wconf 83' lang='lat' dir='ltr'><strong>dixis·</strong></span> 
     </span>
     <span class='ocr_line' id='line_1_7' title="bbox 53 800 1831 893; baseline 0.006 -34"><span class='ocrx_word' id='word_1_57' title='bbox 53 800 124 861; x_wconf 67' lang='lat' dir='ltr'><strong>&gt;ian</strong></span> <span class='ocrx_word' id='word_1_58' title='bbox 140 801 236 881; x_wconf 90' lang='lat' dir='ltr'><strong>igitur</strong></span> <span class='ocrx_word' id='word_1_59' title='bbox 250 808 310 869; x_wconf 85' lang='lat' dir='ltr'><strong>laoc</strong></span> <span class='ocrx_word' id='word_1_60' title='bbox 330 806 457 869; x_wconf 85' lang='lat' dir='ltr'><strong>rerbnm</strong></span> <span class='ocrx_word' id='word_1_61' title='bbox 485 815 532 871; x_wconf 89' lang='lat' dir='ltr'><strong>est</strong></span> <span class='ocrx_word' id='word_1_62' title='bbox 552 806 684 872; x_wconf 81' lang='lat' dir='ltr'><strong>verbum</strong></span> <span class='ocrx_word' id='word_1_63' title='bbox 709 811 919 881; x_wconf 87' lang='lat' dir='ltr'><strong>institutionis,</strong></span> <span class='ocrx_word' id='word_1_64' title='bbox 956 828 1012 893; x_wconf 84' lang='lat' dir='ltr'><strong>se:</strong></span> <span class='ocrx_word' id='word_1_65' title='bbox 1033 810 1314 883; x_wconf 69' lang='lat' dir='ltr'><strong>loamuatdiestia</strong></span> <span class='ocrx_word' id='word_1_66' title='bbox 1335 810 1626 889; x_wconf 73' lang='lat' dir='ltr'><strong>proponendam,</strong></span> <span class='ocrx_word' id='word_1_67' title='bbox 1649 819 1680 871; x_wconf 89' lang='lat' dir='ltr'><strong>et</strong></span> <span class='ocrx_word' id='word_1_68' title='bbox 1702 826 1762 871; x_wconf 93' lang='lat' dir='ltr'><strong>non</strong></span> <span class='ocrx_word' id='word_1_69' title='bbox 1784 808 1831 869; x_wconf 92' lang='lat' dir='ltr'><strong>di·</strong></span> 
     </span>
     <span class='ocr_line' id='line_1_8' title="bbox 52 887 1830 972; baseline 0.006 -30"><span class='ocrx_word' id='word_1_70' title='bbox 52 899 130 943; x_wconf 87' lang='lat' dir='ltr'><strong>cum</strong></span> <span class='ocrx_word' id='word_1_71' title='bbox 148 891 269 948; x_wconf 87' lang='lat' dir='ltr'><strong>certum</strong></span> <span class='ocrx_word' id='word_1_72' title='bbox 285 887 341 951; x_wconf 79' lang='lat' dir='ltr'><strong>sit</strong></span> <span class='ocrx_word' id='word_1_73' title='bbox 358 896 479 967; x_wconf 85' lang='lat' dir='ltr'><strong>praeter</strong></span> <span class='ocrx_word' id='word_1_74' title='bbox 493 892 619 953; x_wconf 85' lang='lat' dir='ltr'><strong>verbum</strong></span> <span class='ocrx_word' id='word_1_75' title='bbox 646 893 858 967; x_wconf 82' lang='lat' dir='ltr'><strong>institutionis,</strong></span> <span class='ocrx_word' id='word_1_76' title='bbox 874 909 922 955; x_wconf 89' lang='lat' dir='ltr'><strong>sa·</strong></span> <span class='ocrx_word' id='word_1_77' title='bbox 964 894 1060 965; x_wconf 85' lang='lat' dir='ltr'><strong>risse,</strong></span> <span class='ocrx_word' id='word_1_78' title='bbox 1074 894 1178 956; x_wconf 76' lang='lat' dir='ltr'><strong>Dandi</strong></span> <span class='ocrx_word' id='word_1_79' title='bbox 1190 893 1265 955; x_wconf 90' lang='lat' dir='ltr'><strong>estis</strong></span> <span class='ocrx_word' id='word_1_80' title='bbox 1280 899 1404 970; x_wconf 86' lang='lat' dir='ltr'><strong>propter</strong></span> <span class='ocrx_word' id='word_1_81' title='bbox 1415 894 1617 972; x_wconf 78' lang='lat' dir='ltr'><strong>Baptismum,</strong></span> <span class='ocrx_word' id='word_1_82' title='bbox 1632 895 1701 971; x_wconf 89' lang='lat' dir='ltr'><strong>qnia</strong></span> <span class='ocrx_word' id='word_1_83' title='bbox 1718 892 1749 953; x_wconf 88' lang='lat' dir='ltr'><strong>in</strong></span> <span class='ocrx_word' id='word_1_84' title='bbox 1764 906 1830 953; x_wconf 89' lang='lat' dir='ltr'><strong>om·</strong></span> 
     </span>
     <span class='ocr_line' id='line_1_9' title="bbox 51 974 1829 1049; baseline 0.006 -26"><span class='ocrx_word' id='word_1_85' title='bbox 51 974 219 1029; x_wconf 80' lang='lat' dir='ltr'><strong>aramenta</strong></span> <span class='ocrx_word' id='word_1_86' title='bbox 234 978 376 1033; x_wconf 86' lang='lat' dir='ltr'><strong>constare</strong></span> <span class='ocrx_word' id='word_1_87' title='bbox 391 988 429 1035; x_wconf 85' lang='lat' dir='ltr'><strong>ex</strong></span> <span class='ocrx_word' id='word_1_88' title='bbox 441 974 544 1037; x_wconf 89' lang='lat' dir='ltr'><strong>rerbis</strong></span> <span class='ocrx_word' id='word_1_89' title='bbox 562 1018 572 1048; x_wconf 90' lang='lat'><strong>,</strong></span> <span class='ocrx_word' id='word_1_90' title='bbox 594 976 797 1040; x_wconf 88' lang='lat' dir='ltr'><strong>atelementis</strong></span> <span class='ocrx_word' id='word_1_91' title='bbox 811 980 842 1039; x_wconf 91' lang='lat' dir='ltr'><strong>et</strong></span> <span class='ocrx_word' id='word_1_92' title='bbox 862 992 925 1038; x_wconf 89' lang='lat' dir='ltr'><strong>uon</strong></span> <span class='ocrx_word' id='word_1_93' title='bbox 967 979 997 1039; x_wconf 91' lang='lat' dir='ltr'><strong>ni</strong></span> <span class='ocrx_word' id='word_1_94' title='bbox 1015 978 1212 1039; x_wconf 88' lang='lat' dir='ltr'><strong>mundatione</strong></span> <span class='ocrx_word' id='word_1_95' title='bbox 1226 978 1291 1037; x_wconf 84' lang='lat' dir='ltr'><strong>sire</strong></span> <span class='ocrx_word' id='word_1_96' title='bbox 1305 992 1341 1037; x_wconf 88' lang='lat' dir='ltr'><strong>en</strong></span> <span class='ocrx_word' id='word_1_97' title='bbox 1357 976 1451 1037; x_wconf 83' lang='lat' dir='ltr'><strong>tiatira</strong></span> <span class='ocrx_word' id='word_1_98' title='bbox 1462 984 1668 1049; x_wconf 77' lang='lat' dir='ltr'><strong>santamente,</strong></span> <span class='ocrx_word' id='word_1_99' title='bbox 1692 975 1757 1037; x_wconf 86' lang='lat' dir='ltr'><strong>site</strong></span> <span class='ocrx_word' id='word_1_100' title='bbox 1778 991 1829 1035; x_wconf 80' lang='lat' dir='ltr'><strong>es·</strong></span> 
     </span>
     <span class='ocr_line' id='line_1_10' title="bbox 52 1051 1830 1136; baseline 0.006 -27"><span class='ocrx_word' id='word_1_101' title='bbox 52 1063 131 1109; x_wconf 88' lang='lat' dir='ltr'><strong>csse</strong></span> <span class='ocrx_word' id='word_1_102' title='bbox 149 1051 235 1113; x_wconf 90' lang='lat' dir='ltr'><strong>nuda</strong></span> <span class='ocrx_word' id='word_1_103' title='bbox 251 1054 414 1117; x_wconf 86' lang='lat' dir='ltr'><strong>elementa.</strong></span> <span class='ocrx_word' id='word_1_104' title='bbox 465 1082 468 1087; x_wconf 89' lang='lat'><em>·</em></span> <span class='ocrx_word' id='word_1_105' title='bbox 967 1066 1010 1122; x_wconf 88' lang='lat' dir='ltr'><strong>tra</strong></span> <span class='ocrx_word' id='word_1_106' title='bbox 1026 1064 1264 1127; x_wconf 90' lang='lat' dir='ltr'><strong>sacramentum,</strong></span> <span class='ocrx_word' id='word_1_107' title='bbox 1281 1074 1404 1136; x_wconf 89' lang='lat' dir='ltr'><strong>semper</strong></span> <span class='ocrx_word' id='word_1_108' title='bbox 1418 1061 1464 1119; x_wconf 83' lang='lat' dir='ltr'><strong>tis</strong></span> <span class='ocrx_word' id='word_1_109' title='bbox 1480 1060 1648 1120; x_wconf 90' lang='lat' dir='ltr'><strong>mundandi</strong></span> <span class='ocrx_word' id='word_1_110' title='bbox 1673 1062 1770 1119; x_wconf 91' lang='lat' dir='ltr'><strong>oritur</strong></span> <span class='ocrx_word' id='word_1_111' title='bbox 1791 1072 1830 1119; x_wconf 82' lang='lat' dir='ltr'><strong>ea</strong></span> 
     </span>
    </p>

    <p class='ocr_par' dir='ltr' id='par_1_5' title="bbox 53 1131 1832 2541">
     <span class='ocr_line' id='line_1_11' title="bbox 103 1131 1828 1223; baseline 0.006 -33"><span class='ocrx_word' id='word_1_112' title='bbox 103 1131 209 1195; x_wconf 90' lang='lat' dir='ltr'><strong>Aliam</strong></span> <span class='ocrx_word' id='word_1_113' title='bbox 220 1134 295 1200; x_wconf 87' lang='lat' dir='ltr'><strong>item</strong></span> <span class='ocrx_word' id='word_1_114' title='bbox 309 1137 527 1201; x_wconf 86' lang='lat' dir='ltr'><strong>chatolicorum</strong></span> <span class='ocrx_word' id='word_1_115' title='bbox 537 1141 693 1205; x_wconf 69' lang='lat' dir='ltr'><strong>&#39;sententia</strong></span> <span class='ocrx_word' id='word_1_116' title='bbox 709 1150 766 1215; x_wconf 91' lang='lat' dir='ltr'><strong>est,</strong></span> <span class='ocrx_word' id='word_1_117' title='bbox 782 1142 922 1223; x_wconf 88' lang='lat' dir='ltr'><strong>Augusti-</strong></span> <span class='ocrx_word' id='word_1_118' title='bbox 967 1142 1072 1211; x_wconf 83' lang='lat' dir='ltr'><strong>narbo.</strong></span> <span class='ocrx_word' id='word_1_119' title='bbox 1097 1141 1171 1203; x_wconf 88' lang='lat' dir='ltr'><strong>llam</strong></span> <span class='ocrx_word' id='word_1_120' title='bbox 1186 1143 1212 1204; x_wconf 87' lang='lat' dir='ltr'><strong>si</strong></span> <span class='ocrx_word' id='word_1_121' title='bbox 1228 1141 1262 1203; x_wconf 91' lang='lat' dir='ltr'><strong>tlt</strong></span> <span class='ocrx_word' id='word_1_122' title='bbox 1280 1142 1442 1202; x_wconf 88' lang='lat' dir='ltr'><strong>&#39;mundatio</strong></span> <span class='ocrx_word' id='word_1_123' title='bbox 1468 1149 1551 1203; x_wconf 82' lang='lat' dir='ltr'><strong>extra</strong></span> <span class='ocrx_word' id='word_1_124' title='bbox 1580 1148 1828 1210; x_wconf 86' lang='lat' dir='ltr'><strong>sacramentum,</strong></span> 
     </span>
     <span class='ocr_line' id='line_1_12' title="bbox 55 1216 1830 1301; baseline 0.007 -30"><span class='ocrx_word' id='word_1_125' title='bbox 55 1229 136 1273; x_wconf 89' lang='lat' dir='ltr'><strong>num</strong></span> <span class='ocrx_word' id='word_1_126' title='bbox 154 1216 242 1291; x_wconf 87' lang='lat' dir='ltr'><strong>loqui</strong></span> <span class='ocrx_word' id='word_1_127' title='bbox 258 1219 358 1279; x_wconf 91' lang='lat' dir='ltr'><strong>solum</strong></span> <span class='ocrx_word' id='word_1_128' title='bbox 373 1221 413 1282; x_wconf 90' lang='lat' dir='ltr'><strong>de</strong></span> <span class='ocrx_word' id='word_1_129' title='bbox 425 1223 517 1284; x_wconf 80' lang='lat' dir='ltr'><strong>uerbo</strong></span> <span class='ocrx_word' id='word_1_130' title='bbox 532 1223 761 1291; x_wconf 84' lang='lat' dir='ltr'><strong>caeremoniali,</strong></span> <span class='ocrx_word' id='word_1_131' title='bbox 778 1240 834 1287; x_wconf 89' lang='lat' dir='ltr'><strong>seu</strong></span> <span class='ocrx_word' id='word_1_132' title='bbox 850 1244 922 1288; x_wconf 90' lang='lat' dir='ltr'><strong>con·</strong></span> <span class='ocrx_word' id='word_1_133' title='bbox 967 1225 1144 1289; x_wconf 85' lang='lat' dir='ltr'><strong>necessario</strong></span> <span class='ocrx_word' id='word_1_134' title='bbox 1169 1224 1203 1285; x_wconf 92' lang='lat' dir='ltr'><strong>llt</strong></span> <span class='ocrx_word' id='word_1_135' title='bbox 1215 1240 1271 1301; x_wconf 90' lang='lat' dir='ltr'><strong>per</strong></span> <span class='ocrx_word' id='word_1_136' title='bbox 1284 1224 1436 1287; x_wconf 89' lang='lat' dir='ltr'><strong>actualem</strong></span> <span class='ocrx_word' id='word_1_137' title='bbox 1450 1223 1554 1285; x_wconf 91' lang='lat' dir='ltr'><strong>lldem:</strong></span> <span class='ocrx_word' id='word_1_138' title='bbox 1570 1223 1648 1285; x_wconf 87' lang='lat' dir='ltr'><strong>fides</strong></span> <span class='ocrx_word' id='word_1_139' title='bbox 1663 1231 1767 1285; x_wconf 89' lang='lat' dir='ltr'><strong>autem</strong></span> <span class='ocrx_word' id='word_1_140' title='bbox 1792 1240 1830 1285; x_wconf 76' lang='lat' dir='ltr'><strong>en</strong></span> 
     </span>
     <span class='ocr_line' id='line_1_13' title="bbox 53 1300 1827 1383; baseline 0.006 -28"><span class='ocrx_word' id='word_1_141' title='bbox 53 1300 247 1361; x_wconf 82' lang='lat' dir='ltr'><strong>secretorio.</strong></span> <span class='ocrx_word' id='word_1_142' title='bbox 261 1300 344 1373; x_wconf 81' lang='lat' dir='ltr'><strong>Quae</strong></span> <span class='ocrx_word' id='word_1_143' title='bbox 359 1304 510 1366; x_wconf 89' lang='lat' dir='ltr'><strong>sententia</strong></span> <span class='ocrx_word' id='word_1_144' title='bbox 524 1306 694 1369; x_wconf 88' lang='lat' dir='ltr'><strong>meliorest</strong></span> <span class='ocrx_word' id='word_1_145' title='bbox 707 1307 921 1371; x_wconf 88' lang='lat' dir='ltr'><strong>caelerisdaa·</strong></span> <span class='ocrx_word' id='word_1_146' title='bbox 966 1306 1083 1379; x_wconf 89' lang='lat' dir='ltr'><strong>auditu,</strong></span> <span class='ocrx_word' id='word_1_147' title='bbox 1099 1306 1220 1369; x_wconf 87' lang='lat' dir='ltr'><strong>auditus</strong></span> <span class='ocrx_word' id='word_1_148' title='bbox 1235 1313 1336 1368; x_wconf 90' lang='lat' dir='ltr'><strong>antem</strong></span> <span class='ocrx_word' id='word_1_149' title='bbox 1359 1323 1413 1383; x_wconf 89' lang='lat' dir='ltr'><strong>per</strong></span> <span class='ocrx_word' id='word_1_150' title='bbox 1438 1307 1565 1367; x_wconf 83' lang='lat' dir='ltr'><strong>aurbum</strong></span> <span class='ocrx_word' id='word_1_151' title='bbox 1591 1305 1713 1381; x_wconf 83' lang='lat' dir='ltr'><strong>Christi,</strong></span> <span class='ocrx_word' id='word_1_152' title='bbox 1741 1306 1827 1368; x_wconf 88' lang='lat' dir='ltr'><strong>llum.</strong></span> 
     </span>
     <span class='ocr_line' id='line_1_14' title="bbox 55 1378 1828 1468; baseline 0.006 -29"><span class='ocrx_word' id='word_1_153' title='bbox 55 1378 133 1439; x_wconf 81' lang='lat' dir='ltr'><strong>ltus:</strong></span> <span class='ocrx_word' id='word_1_154' title='bbox 152 1386 257 1445; x_wconf 81' lang='grc' dir='ltr'>ιεειεε</span> <span class='ocrx_word' id='word_1_155' title='bbox 274 1384 366 1449; x_wconf 84' lang='lat' dir='ltr'><strong>habet</strong></span> <span class='ocrx_word' id='word_1_156' title='bbox 380 1387 439 1449; x_wconf 89' lang='lat' dir='ltr'><strong>hon</strong></span> <span class='ocrx_word' id='word_1_157' title='bbox 460 1404 555 1453; x_wconf 86' lang='lat' dir='ltr'><strong>uuum</strong></span> <span class='ocrx_word' id='word_1_158' title='bbox 577 1390 816 1463; x_wconf 88' lang='lat' dir='ltr'><strong>incommodum,</strong></span> <span class='ocrx_word' id='word_1_159' title='bbox 839 1394 921 1468; x_wconf 93' lang='lat' dir='ltr'><strong>quod</strong></span> <span class='ocrx_word' id='word_1_160' title='bbox 968 1390 1017 1453; x_wconf 88' lang='lat' dir='ltr'><strong>to.</strong></span> <span class='ocrx_word' id='word_1_161' title='bbox 1036 1390 1069 1452; x_wconf 88' lang='lat' dir='ltr'><strong>st</strong></span> <span class='ocrx_word' id='word_1_162' title='bbox 1083 1405 1155 1451; x_wconf 86' lang='grc' dir='ltr'>τετε</span> <span class='ocrx_word' id='word_1_163' title='bbox 1169 1389 1326 1452; x_wconf 89' lang='lat' dir='ltr'><strong>mundatio</strong></span> <span class='ocrx_word' id='word_1_164' title='bbox 1338 1388 1412 1450; x_wconf 87' lang='lat' dir='ltr'><strong>litia</strong></span> <span class='ocrx_word' id='word_1_165' title='bbox 1424 1390 1828 1465; x_wconf 86' lang='lat' dir='ltr'><strong>sacramento;.clementum</strong></span> 
     </span>
     <span class='ocr_line' id='line_1_15' title="bbox 55 1467 1828 1551; baseline 0.006 -31"><span class='ocrx_word' id='word_1_166' title='bbox 55 1476 123 1521; x_wconf 89' lang='lat' dir='ltr'><strong>non</strong></span> <span class='ocrx_word' id='word_1_167' title='bbox 141 1470 247 1539; x_wconf 88' lang='lat' dir='ltr'><strong>potest</strong></span> <span class='ocrx_word' id='word_1_168' title='bbox 272 1467 403 1532; x_wconf 85' lang='lat' dir='ltr'><strong>reddere</strong></span> <span class='ocrx_word' id='word_1_169' title='bbox 418 1486 569 1543; x_wconf 74' lang='lat' dir='ltr'><strong>caussam,</strong></span> <span class='ocrx_word' id='word_1_170' title='bbox 582 1488 637 1534; x_wconf 87' lang='lat' dir='ltr'><strong>cur</strong></span> <span class='ocrx_word' id='word_1_171' title='bbox 650 1472 836 1547; x_wconf 72' lang='lat' dir='ltr'><strong>Augustinus</strong></span> <span class='ocrx_word' id='word_1_172' title='bbox 849 1476 923 1536; x_wconf 87' lang='lat' dir='ltr'><strong>alle·</strong></span> <span class='ocrx_word' id='word_1_173' title='bbox 967 1474 1093 1551; x_wconf 89' lang='lat' dir='ltr'><strong>quidem</strong></span> <span class='ocrx_word' id='word_1_174' title='bbox 1107 1478 1166 1547; x_wconf 88' lang='lat' dir='ltr'><strong>est;</strong></span> <span class='ocrx_word' id='word_1_175' title='bbox 1181 1474 1262 1549; x_wconf 89' lang='lat' dir='ltr'><strong>quad</strong></span> <span class='ocrx_word' id='word_1_176' title='bbox 1279 1472 1416 1535; x_wconf 85' lang='lat' dir='ltr'><strong>mundat.</strong></span> <span class='ocrx_word' id='word_1_177' title='bbox 1432 1472 1489 1533; x_wconf 88' lang='lat' dir='ltr'><strong>sed</strong></span> <span class='ocrx_word' id='word_1_178' title='bbox 1501 1476 1534 1531; x_wconf 91' lang='lat' dir='ltr'><strong>ut</strong></span> <span class='ocrx_word' id='word_1_179' title='bbox 1554 1472 1703 1532; x_wconf 89' lang='lat' dir='ltr'><strong>mundare</strong></span> <span class='ocrx_word' id='word_1_180' title='bbox 1718 1474 1828 1550; x_wconf 87' lang='lat' dir='ltr'><strong>possit,</strong></span> 
     </span>
     <span class='ocr_line' id='line_1_16' title="bbox 57 1546 1826 1635; baseline 0.007 -33"><span class='ocrx_word' id='word_1_181' title='bbox 57 1546 183 1617; x_wconf 87' lang='lat' dir='ltr'><strong>garerit</strong></span> <span class='ocrx_word' id='word_1_182' title='bbox 195 1562 235 1607; x_wconf 80' lang='lat' dir='ltr'><strong>ex</strong></span> <span class='ocrx_word' id='word_1_183' title='bbox 248 1564 277 1609; x_wconf 89' lang='lat' dir='ltr'><strong>c.</strong></span> <span class='ocrx_word' id='word_1_184' title='bbox 291 1548 342 1610; x_wconf 86' lang='lat' dir='ltr'><strong>ta.</strong></span> <span class='ocrx_word' id='word_1_185' title='bbox 357 1553 449 1631; x_wconf 82' lang='lat' dir='ltr'><strong>epist.</strong></span> <span class='ocrx_word' id='word_1_186' title='bbox 465 1555 502 1615; x_wconf 94' lang='lat' dir='ltr'><strong>ad</strong></span> <span class='ocrx_word' id='word_1_187' title='bbox 515 1558 664 1618; x_wconf 80' lang='lat' dir='ltr'><strong>nonanus</strong></span> <span class='ocrx_word' id='word_1_188' title='bbox 677 1556 728 1616; x_wconf 90' lang='lat' dir='ltr'><strong>illa</strong></span> <span class='ocrx_word' id='word_1_189' title='bbox 742 1556 845 1618; x_wconf 85' lang='lat' dir='ltr'><strong>rerba:</strong></span> <span class='ocrx_word' id='word_1_190' title='bbox 859 1558 923 1619; x_wconf 85' lang='lat' dir='ltr'><strong>Hoc</strong></span> <span class='ocrx_word' id='word_1_191' title='bbox 967 1555 1145 1635; x_wconf 82' lang='lat' dir='ltr'><strong>adjungitur</strong></span> <span class='ocrx_word' id='word_1_192' title='bbox 1157 1560 1189 1617; x_wconf 90' lang='grc' dir='ltr'><strong>ει</strong></span> <span class='ocrx_word' id='word_1_193' title='bbox 1203 1555 1328 1617; x_wconf 80' lang='lat' dir='ltr'><strong>verbum</strong></span> <span class='ocrx_word' id='word_1_194' title='bbox 1342 1555 1597 1617; x_wconf 85' lang='lat' dir='ltr'><strong>consecrationis.</strong></span> <span class='ocrx_word' id='word_1_195' title='bbox 1620 1553 1750 1631; x_wconf 80' lang='lat' dir='ltr'><strong>Semper</strong></span> <span class='ocrx_word' id='word_1_196' title='bbox 1771 1554 1826 1634; x_wconf 85' lang='lat' dir='ltr'><strong>igi·</strong></span> 
     </span>
     <span class='ocr_line' id='line_1_17' title="bbox 56 1627 1829 1717; baseline -0.006 -10"><span class='ocrx_word' id='word_1_197' title='bbox 56 1630 106 1687; x_wconf 55' lang='grc' dir='ltr'><strong>θεῖ</strong></span> <span class='ocrx_word' id='word_1_198' title='bbox 133 1627 274 1693; x_wconf 55' lang='lat' dir='ltr'><strong>”mm</strong></span> <span class='ocrx_word' id='word_1_199' title='bbox 293 1629 388 1708; x_wconf 56' lang='lat' dir='ltr'><strong>Md.</strong></span> <span class='ocrx_word' id='word_1_200' title='bbox 410 1634 498 1715; x_wconf 86' lang='lat' dir='ltr'><strong>qnod</strong></span> <span class='ocrx_word' id='word_1_201' title='bbox 522 1638 766 1717; x_wconf 80' lang='lat' dir='ltr'><strong>praedicamus.</strong></span> <span class='ocrx_word' id='word_1_202' title='bbox 791 1636 874 1714; x_wconf 80' lang='lat' dir='ltr'><strong>Qnsn</strong></span> <span class='ocrx_word' id='word_1_203' title='bbox 892 1640 924 1703; x_wconf 82' lang='grc' dir='ltr'><strong>ει</strong></span> <span class='ocrx_word' id='word_1_204' title='bbox 969 1645 1018 1701; x_wconf 88' lang='lat' dir='ltr'><strong>lur</strong></span> <span class='ocrx_word' id='word_1_205' title='bbox 1031 1639 1188 1699; x_wconf 86' lang='lat' dir='ltr'><strong>mundatio</strong></span> <span class='ocrx_word' id='word_1_206' title='bbox 1203 1640 1299 1698; x_wconf 89' lang='lat' dir='ltr'><strong>oritur</strong></span> <span class='ocrx_word' id='word_1_207' title='bbox 1313 1637 1466 1698; x_wconf 77' lang='lat' dir='ltr'><strong>arrerlto.</strong></span> <span class='ocrx_word' id='word_1_208' title='bbox 1480 1635 1628 1710; x_wconf 85' lang='lat' dir='ltr'><strong>Quocirca</strong></span> <span class='ocrx_word' id='word_1_209' title='bbox 1641 1652 1669 1697; x_wconf 91' lang='lat' dir='ltr'><strong>s.</strong></span> <span class='ocrx_word' id='word_1_210' title='bbox 1685 1637 1829 1715; x_wconf 87' lang='lat' dir='ltr'><strong>Augusti·</strong></span> 
     </span>
     <span class='ocr_line' id='line_1_18' title="bbox 56 1708 1829 1800; baseline 0.005 -28"><span class='ocrx_word' id='word_1_211' title='bbox 56 1708 254 1786; x_wconf 67' lang='lat' dir='ltr'><strong>wratiteuma</strong></span> <span class='ocrx_word' id='word_1_212' title='bbox 285 1714 434 1781; x_wconf 85' lang='lat' dir='ltr'><strong>incorde</strong></span> <span class='ocrx_word' id='word_1_213' title='bbox 447 1724 501 1785; x_wconf 84' lang='lat' dir='ltr'><strong>tato</strong></span> <span class='ocrx_word' id='word_1_214' title='bbox 517 1728 574 1785; x_wconf 88' lang='lat' dir='ltr'><strong>etc.</strong></span> <span class='ocrx_word' id='word_1_215' title='bbox 590 1720 628 1781; x_wconf 83' lang='lat' dir='ltr'><strong>itt</strong></span> <span class='ocrx_word' id='word_1_216' title='bbox 641 1736 748 1783; x_wconf 88' lang='lat' dir='ltr'><strong>rursus</strong></span> <span class='ocrx_word' id='word_1_217' title='bbox 763 1737 818 1783; x_wconf 92' lang='lat' dir='ltr'><strong>cur</strong></span> <span class='ocrx_word' id='word_1_218' title='bbox 832 1724 929 1800; x_wconf 89' lang='lat' dir='ltr'><strong>paulo</strong></span> <span class='ocrx_word' id='word_1_219' title='bbox 969 1736 1028 1793; x_wconf 86' lang='lat' dir='ltr'><strong>nas</strong></span> <span class='ocrx_word' id='word_1_220' title='bbox 1044 1720 1348 1783; x_wconf 84' lang='lat' dir='ltr'><strong>illaterbaDomint:</strong></span> <span class='ocrx_word' id='word_1_221' title='bbox 1377 1721 1431 1781; x_wconf 84' lang='lat' dir='ltr'><strong>Vns</strong></span> <span class='ocrx_word' id='word_1_222' title='bbox 1457 1719 1670 1781; x_wconf 73' lang='lat' dir='ltr'><strong>mendicatis</strong></span> <span class='ocrx_word' id='word_1_223' title='bbox 1692 1725 1829 1798; x_wconf 81' lang='lat' dir='ltr'><strong>propter</strong></span> 
     </span>
     <span class='ocr_line' id='line_1_19' title="bbox 58 1792 1832 1882; baseline 0.007 -32"><span class='ocrx_word' id='word_1_224' title='bbox 58 1792 140 1853; x_wconf 87' lang='lat' dir='ltr'><strong>intra</strong></span> <span class='ocrx_word' id='word_1_225' title='bbox 158 1794 339 1874; x_wconf 70' lang='lat' dir='ltr'><strong>allegaverit</strong></span> <span class='ocrx_word' id='word_1_226' title='bbox 353 1800 404 1861; x_wconf 90' lang='lat' dir='ltr'><strong>illa</strong></span> <span class='ocrx_word' id='word_1_227' title='bbox 419 1816 456 1863; x_wconf 85' lang='lat' dir='ltr'><strong>ex</strong></span> <span class='ocrx_word' id='word_1_228' title='bbox 483 1820 550 1875; x_wconf 89' lang='lat' dir='ltr'><strong>cap.</strong></span> <span class='ocrx_word' id='word_1_229' title='bbox 568 1801 617 1865; x_wconf 84' lang='grc'><strong>15.</strong></span> <span class='ocrx_word' id='word_1_230' title='bbox 633 1802 813 1865; x_wconf 81' lang='lat' dir='ltr'><strong>Auctorem:</strong></span> <span class='ocrx_word' id='word_1_231' title='bbox 842 1804 924 1868; x_wconf 76' lang='lat' dir='ltr'><strong>Fide</strong></span> <span class='ocrx_word' id='word_1_232' title='bbox 966 1803 1112 1865; x_wconf 74' lang='lat' dir='ltr'><strong>mannan.</strong></span> <span class='ocrx_word' id='word_1_233' title='bbox 1128 1804 1218 1882; x_wconf 89' lang='lat' dir='ltr'><strong>quod</strong></span> <span class='ocrx_word' id='word_1_234' title='bbox 1231 1802 1383 1882; x_wconf 85' lang='lat' dir='ltr'><strong>tnqnntaa</strong></span> <span class='ocrx_word' id='word_1_235' title='bbox 1397 1819 1471 1864; x_wconf 83' lang='lat' dir='ltr'><strong>anm</strong></span> <span class='ocrx_word' id='word_1_236' title='bbox 1481 1800 1650 1871; x_wconf 69' lang='lat' dir='ltr'><strong>uobiscum</strong></span> <span class='ocrx_word' id='word_1_237' title='bbox 1671 1800 1832 1881; x_wconf 75' lang='lat' dir='ltr'><strong>restringit</strong></span> 
     </span>
     <span class='ocr_line' id='line_1_20' title="bbox 55 1877 1826 1963; baseline 0.003 -23"><span class='ocrx_word' id='word_1_238' title='bbox 55 1877 234 1939; x_wconf 77' lang='lat' dir='ltr'><strong>mundans</strong></span> <span class='ocrx_word' id='word_1_239' title='bbox 244 1881 348 1943; x_wconf 79' lang='lat' dir='ltr'><strong>mrdn</strong></span> <span class='ocrx_word' id='word_1_240' title='bbox 361 1898 484 1946; x_wconf 84' lang='lat' dir='ltr'><strong>eornm.</strong></span> <span class='ocrx_word' id='word_1_241' title='bbox 500 1886 537 1948; x_wconf 83' lang='lat' dir='ltr'><strong>m</strong></span> <span class='ocrx_word' id='word_1_242' title='bbox 550 1902 588 1947; x_wconf 84' lang='lat' dir='ltr'><strong>ex</strong></span> <span class='ocrx_word' id='word_1_243' title='bbox 603 1887 632 1947; x_wconf 91' lang='lat' dir='ltr'><strong>l.</strong></span> <span class='ocrx_word' id='word_1_244' title='bbox 649 1885 713 1946; x_wconf 84' lang='lat' dir='ltr'><strong>Det.</strong></span> <span class='ocrx_word' id='word_1_245' title='bbox 729 1885 759 1947; x_wconf 86' lang='grc'><strong>3.</strong></span> <span class='ocrx_word' id='word_1_246' title='bbox 776 1886 838 1947; x_wconf 89' lang='lat' dir='ltr'><strong>illa:</strong></span> <span class='ocrx_word' id='word_1_247' title='bbox 855 1888 924 1951; x_wconf 87' lang='lat' dir='ltr'><strong>tlon</strong></span> <span class='ocrx_word' id='word_1_248' title='bbox 968 1886 1005 1947; x_wconf 90' lang='lat' dir='ltr'><strong>ad</strong></span> <span class='ocrx_word' id='word_1_249' title='bbox 1021 1886 1148 1947; x_wconf 83' lang='lat' dir='ltr'><strong>narbam</strong></span> <span class='ocrx_word' id='word_1_250' title='bbox 1163 1886 1334 1959; x_wconf 89' lang='lat' dir='ltr'><strong>concionis,</strong></span> <span class='ocrx_word' id='word_1_251' title='bbox 1350 1886 1406 1947; x_wconf 89' lang='lat' dir='ltr'><strong>sed</strong></span> <span class='ocrx_word' id='word_1_252' title='bbox 1422 1885 1589 1963; x_wconf 86' lang='lat' dir='ltr'><strong>generatim</strong></span> <span class='ocrx_word' id='word_1_253' title='bbox 1604 1884 1728 1961; x_wconf 91' lang='lat' dir='ltr'><strong>accipit,</strong></span> <span class='ocrx_word' id='word_1_254' title='bbox 1746 1890 1778 1945; x_wconf 89' lang='lat' dir='ltr'><strong>et</strong></span> <span class='ocrx_word' id='word_1_255' title='bbox 1792 1885 1826 1945; x_wconf 90' lang='lat' dir='ltr'><strong>in</strong></span> 
     </span>
     <span class='ocr_line' id='line_1_21' title="bbox 58 1959 1826 2047; baseline 0.005 -29"><span class='ocrx_word' id='word_1_256' title='bbox 58 1959 175 2019; x_wconf 80' lang='grc' dir='ltr'>εεττειε</span> <span class='ocrx_word' id='word_1_257' title='bbox 191 1960 348 2039; x_wconf 82' lang='lat' dir='ltr'><strong>depositio</strong></span> <span class='ocrx_word' id='word_1_258' title='bbox 362 1966 520 2041; x_wconf 74' lang='lat' dir='ltr'><strong>sordium,</strong></span> <span class='ocrx_word' id='word_1_259' title='bbox 535 1970 595 2031; x_wconf 88' lang='lat' dir='ltr'><strong>aed</strong></span> <span class='ocrx_word' id='word_1_260' title='bbox 605 1968 804 2031; x_wconf 73' lang='lat' dir='ltr'><strong>commentia</strong></span> <span class='ocrx_word' id='word_1_261' title='bbox 819 1968 924 2033; x_wconf 85' lang='lat' dir='ltr'><strong>bonne</strong></span> <span class='ocrx_word' id='word_1_262' title='bbox 967 1973 1030 2030; x_wconf 91' lang='lat' dir='ltr'><strong>toto</strong></span> <span class='ocrx_word' id='word_1_263' title='bbox 1044 1970 1165 2047; x_wconf 85' lang='lat' dir='ltr'><strong>reliquo</strong></span> <span class='ocrx_word' id='word_1_264' title='bbox 1179 1983 1322 2029; x_wconf 86' lang='lat' dir='ltr'><strong>sermone</strong></span> <span class='ocrx_word' id='word_1_265' title='bbox 1348 1967 1377 2028; x_wconf 90' lang='lat' dir='ltr'><strong>id</strong></span> <span class='ocrx_word' id='word_1_266' title='bbox 1405 1984 1499 2029; x_wconf 79' lang='lat' dir='ltr'><strong>arnum</strong></span> <span class='ocrx_word' id='word_1_267' title='bbox 1529 1966 1658 2043; x_wconf 83' lang='lat' dir='ltr'><strong>probare</strong></span> <span class='ocrx_word' id='word_1_268' title='bbox 1685 1974 1826 2038; x_wconf 87' lang='lat' dir='ltr'><strong>conatur,</strong></span> 
     </span>
     <span class='ocr_line' id='line_1_22' title="bbox 58 2040 1828 2129; baseline 0.006 -28"><span class='ocrx_word' id='word_1_269' title='bbox 58 2040 351 2121; x_wconf 68' lang='lat' dir='ltr'><strong>immanentem</strong></span> <span class='ocrx_word' id='word_1_270' title='bbox 376 2048 510 2129; x_wconf 87' lang='lat' dir='ltr'><strong>dentque</strong></span> <span class='ocrx_word' id='word_1_271' title='bbox 537 2050 803 2129; x_wconf 76' lang='lat' dir='ltr'><strong>iila,excap.·l3.</strong></span> <span class='ocrx_word' id='word_1_272' title='bbox 830 2052 921 2117; x_wconf 77' lang='lat' dir='ltr'><strong>toan.</strong></span> <span class='ocrx_word' id='word_1_273' title='bbox 967 2066 1091 2113; x_wconf 90' lang='lat' dir='ltr'><strong>omnem</strong></span> <span class='ocrx_word' id='word_1_274' title='bbox 1113 2052 1341 2113; x_wconf 88' lang='lat' dir='ltr'><strong>mandationem</strong></span> <span class='ocrx_word' id='word_1_275' title='bbox 1366 2048 1432 2111; x_wconf 88' lang='lat' dir='ltr'><strong>lieri</strong></span> <span class='ocrx_word' id='word_1_276' title='bbox 1458 2066 1515 2128; x_wconf 90' lang='lat' dir='ltr'><strong>per</strong></span> <span class='ocrx_word' id='word_1_277' title='bbox 1539 2050 1677 2111; x_wconf 86' lang='lat' dir='ltr'><strong>terbum.</strong></span> <span class='ocrx_word' id='word_1_278' title='bbox 1705 2048 1828 2111; x_wconf 90' lang='lat' dir='ltr'><strong>ldciroo</strong></span> 
     </span>
     <span class='ocr_line' id='line_1_23' title="bbox 57 2121 1827 2215; baseline 0.007 -33"><span class='ocrx_word' id='word_1_279' title='bbox 57 2121 139 2184; x_wconf 78' lang='lat' dir='ltr'><strong>dum</strong></span> <span class='ocrx_word' id='word_1_280' title='bbox 151 2140 210 2186; x_wconf 86' lang='lat' dir='ltr'><strong>uon</strong></span> <span class='ocrx_word' id='word_1_281' title='bbox 231 2129 360 2191; x_wconf 79' lang='lat' dir='ltr'><strong>mundi</strong></span> <span class='ocrx_word' id='word_1_282' title='bbox 375 2132 446 2193; x_wconf 83' lang='lat' dir='ltr'><strong>cotis</strong></span> <span class='ocrx_word' id='word_1_283' title='bbox 461 2140 602 2213; x_wconf 40' lang='lat' dir='ltr'><strong>,propter</strong></span> <span class='ocrx_word' id='word_1_284' title='bbox 614 2148 811 2207; x_wconf 78' lang='grc' dir='ltr'>εετιηοεετε,</span> <span class='ocrx_word' id='word_1_285' title='bbox 828 2152 924 2215; x_wconf 75' lang='lat' dir='ltr'><strong>quaem</strong></span> <span class='ocrx_word' id='word_1_286' title='bbox 967 2135 1144 2211; x_wconf 84' lang='lat' dir='ltr'><strong>promiscue</strong></span> <span class='ocrx_word' id='word_1_287' title='bbox 1158 2134 1257 2195; x_wconf 83' lang='lat' dir='ltr'><strong>&#39;adtert</strong></span> <span class='ocrx_word' id='word_1_288' title='bbox 1280 2141 1457 2212; x_wconf 89' lang='lat' dir='ltr'><strong>argumenta</strong></span> <span class='ocrx_word' id='word_1_289' title='bbox 1486 2140 1516 2195; x_wconf 91' lang='lat' dir='ltr'><strong>et</strong></span> <span class='ocrx_word' id='word_1_290' title='bbox 1532 2132 1717 2202; x_wconf 91' lang='lat' dir='ltr'><strong>testimonia,</strong></span> <span class='ocrx_word' id='word_1_291' title='bbox 1742 2147 1827 2194; x_wconf 87' lang='lat' dir='ltr'><strong>nunc</strong></span> 
     </span>
     <span class='ocr_line' id='line_1_24' title="bbox 56 2203 1828 2296; baseline 0.007 -33"><span class='ocrx_word' id='word_1_292' title='bbox 56 2203 221 2283; x_wconf 75' lang='lat' dir='ltr'><strong>loquutus</strong></span> <span class='ocrx_word' id='word_1_293' title='bbox 234 2224 310 2273; x_wconf 83' lang='grc' dir='ltr'>ειιιτι</span> <span class='ocrx_word' id='word_1_294' title='bbox 318 2210 492 2277; x_wconf 67' lang='lat' dir='ltr'><strong>nonullam</strong></span> <span class='ocrx_word' id='word_1_295' title='bbox 508 2218 583 2279; x_wconf 74' lang='lat' dir='ltr'><strong>nituit</strong></span> <span class='ocrx_word' id='word_1_296' title='bbox 599 2217 706 2279; x_wconf 84' lang='lat' dir='ltr'><strong>horam</strong></span> <span class='ocrx_word' id='word_1_297' title='bbox 719 2218 794 2279; x_wconf 86' lang='grc' dir='ltr'>ιτειτι</span> <span class='ocrx_word' id='word_1_298' title='bbox 811 2223 922 2296; x_wconf 86' lang='lat' dir='ltr'><strong>potest.</strong></span> <span class='ocrx_word' id='word_1_299' title='bbox 967 2216 1008 2278; x_wconf 81' lang='lat' dir='ltr'><strong>tte</strong></span> <span class='ocrx_word' id='word_1_300' title='bbox 1024 2217 1116 2279; x_wconf 88' lang='lat' dir='ltr'><strong>rerho</strong></span> <span class='ocrx_word' id='word_1_301' title='bbox 1131 2216 1354 2287; x_wconf 79' lang='lat' dir='ltr'><strong>sacramentali,</strong></span> <span class='ocrx_word' id='word_1_302' title='bbox 1372 2232 1455 2277; x_wconf 89' lang='lat' dir='ltr'><strong>nunc</strong></span> <span class='ocrx_word' id='word_1_303' title='bbox 1478 2218 1520 2277; x_wconf 93' lang='lat' dir='ltr'><strong>de</strong></span> <span class='ocrx_word' id='word_1_304' title='bbox 1540 2214 1727 2288; x_wconf 89' lang='lat' dir='ltr'><strong>concinnati,</strong></span> <span class='ocrx_word' id='word_1_305' title='bbox 1755 2214 1828 2292; x_wconf 91' lang='lat' dir='ltr'><strong>quia</strong></span> 
     </span>
     <span class='ocr_line' id='line_1_25' title="bbox 53 2288 1828 2382; baseline 0.006 -33"><span class='ocrx_word' id='word_1_306' title='bbox 53 2288 95 2379; x_wconf 79' lang='lat' dir='ltr'><strong>ad</strong></span> <span class='ocrx_word' id='word_1_307' title='bbox 111 2289 208 2382; x_wconf 70' lang='lat' dir='ltr'><strong>rerba</strong></span> <span class='ocrx_word' id='word_1_308' title='bbox 223 2298 482 2369; x_wconf 86' lang='lat' dir='ltr'><strong>consecrationis,</strong></span> <span class='ocrx_word' id='word_1_309' title='bbox 496 2298 556 2361; x_wconf 89' lang='lat' dir='ltr'><strong>nisi</strong></span> <span class='ocrx_word' id='word_1_310' title='bbox 580 2314 637 2379; x_wconf 93' lang='lat' dir='ltr'><strong>per</strong></span> <span class='ocrx_word' id='word_1_311' title='bbox 657 2314 805 2361; x_wconf 88' lang='lat' dir='ltr'><strong>summum</strong></span> <span class='ocrx_word' id='word_1_312' title='bbox 820 2300 924 2363; x_wconf 81' lang='lat' dir='ltr'><strong>timet</strong></span> <span class='ocrx_word' id='word_1_313' title='bbox 967 2298 1011 2360; x_wconf 88' lang='lat' dir='ltr'><strong>illi</strong></span> <span class='ocrx_word' id='word_1_314' title='bbox 1037 2300 1165 2377; x_wconf 80' lang='lat' dir='ltr'><strong>perinde</strong></span> <span class='ocrx_word' id='word_1_315' title='bbox 1190 2306 1249 2369; x_wconf 88' lang='lat' dir='ltr'><strong>est,</strong></span> <span class='ocrx_word' id='word_1_316' title='bbox 1264 2299 1358 2361; x_wconf 91' lang='lat' dir='ltr'><strong>modo</strong></span> <span class='ocrx_word' id='word_1_317' title='bbox 1372 2300 1564 2362; x_wconf 84' lang='lat' dir='ltr'><strong>demonstret</strong></span> <span class='ocrx_word' id='word_1_318' title='bbox 1589 2296 1716 2359; x_wconf 80' lang='lat' dir='ltr'><strong>verbum</strong></span> <span class='ocrx_word' id='word_1_319' title='bbox 1742 2313 1828 2373; x_wconf 91' lang='lat' dir='ltr'><strong>esse,</strong></span> 
     </span>
     <span class='ocr_line' id='line_1_26' title="bbox 55 2374 1778 2473; baseline 0.007 -46"><span class='ocrx_word' id='word_1_320' title='bbox 55 2384 118 2429; x_wconf 86' lang='lat' dir='ltr'><strong>nrsr</strong></span> <span class='ocrx_word' id='word_1_321' title='bbox 135 2386 176 2433; x_wconf 84' lang='lat' dir='ltr'><strong>ex</strong></span> <span class='ocrx_word' id='word_1_322' title='bbox 192 2374 346 2440; x_wconf 89' lang='lat' dir='ltr'><strong>concione</strong></span> <span class='ocrx_word' id='word_1_323' title='bbox 360 2381 510 2459; x_wconf 84' lang='lat' dir='ltr'><strong>populari,</strong></span> <span class='ocrx_word' id='word_1_324' title='bbox 523 2388 662 2462; x_wconf 90' lang='lat' dir='ltr'><strong>utsupra</strong></span> <span class='ocrx_word' id='word_1_325' title='bbox 677 2382 754 2458; x_wconf 89' lang='lat' dir='ltr'><strong>diri,</strong></span> <span class='ocrx_word' id='word_1_326' title='bbox 768 2385 923 2463; x_wconf 90' lang='lat' dir='ltr'><strong>aenigma·</strong></span> <span class='ocrx_word' id='word_1_327' title='bbox 966 2383 1049 2461; x_wconf 91' lang='lat' dir='ltr'><strong>quod</strong></span> <span class='ocrx_word' id='word_1_328' title='bbox 1064 2383 1200 2456; x_wconf 88' lang='lat' dir='ltr'><strong>mundat.</strong></span> <span class='ocrx_word' id='word_1_329' title='bbox 1771 2460 1778 2473; x_wconf 31' lang='lat'>⁸</span> 
     </span>
     <span class='ocr_line' id='line_1_27' title="bbox 57 2452 1824 2541; baseline -0.002 -14"><span class='ocrx_word' id='word_1_330' title='bbox 57 2452 267 2519; x_wconf 64' lang='lat' dir='ltr'><strong>lisicfiflmtls·</strong></span> <span class='ocrx_word' id='word_1_331' title='bbox 577 2518 581 2527; x_wconf 89' lang='lat'>.</span> <span class='ocrx_word' id='word_1_332' title='bbox 930 2494 932 2501; x_wconf 47' lang='lat'><strong>⁴</strong></span> <span class='ocrx_word' id='word_1_333' title='bbox 1008 2462 1051 2525; x_wconf 85' lang='lat' dir='ltr'><strong>Dr</strong></span> <span class='ocrx_word' id='word_1_334' title='bbox 1066 2465 1125 2527; x_wconf 86' lang='lat' dir='ltr'><strong>lion</strong></span> <span class='ocrx_word' id='word_1_335' title='bbox 1139 2465 1337 2527; x_wconf 86' lang='lat' dir='ltr'><strong>laudamento</strong></span> <span class='ocrx_word' id='word_1_336' title='bbox 1351 2462 1683 2541; x_wconf 78' lang='lat' dir='ltr'><strong>iaciluexplicabuntur</strong></span> <span class='ocrx_word' id='word_1_337' title='bbox 1699 2462 1755 2523; x_wconf 88' lang='lat' dir='ltr'><strong>tria</strong></span> <span class='ocrx_word' id='word_1_338' title='bbox 1769 2462 1824 2524; x_wconf 90' lang='lat' dir='ltr'><strong>tlla</strong></span> 
     </span>
    </p>

    <p class='ocr_par' dir='ltr' id='par_1_6' title="bbox 55 2534 1826 3605">
     <span class='ocr_line' id='line_1_28' title="bbox 99 2534 1823 2625; baseline 0.006 -30"><span class='ocrx_word' id='word_1_339' title='bbox 99 2534 180 2599; x_wconf 90' lang='lat' dir='ltr'><strong>Dico</strong></span> <span class='ocrx_word' id='word_1_340' title='bbox 195 2538 302 2617; x_wconf 87' lang='lat' dir='ltr'><strong>igitur:</strong></span> <span class='ocrx_word' id='word_1_341' title='bbox 317 2542 519 2623; x_wconf 88' lang='lat' dir='ltr'><strong>Augustinum</strong></span> <span class='ocrx_word' id='word_1_342' title='bbox 536 2547 594 2610; x_wconf 84' lang='lat' dir='ltr'><strong>lanc</strong></span> <span class='ocrx_word' id='word_1_343' title='bbox 619 2548 687 2609; x_wconf 90' lang='lat' dir='ltr'><strong>loeo</strong></span> <span class='ocrx_word' id='word_1_344' title='bbox 709 2562 772 2609; x_wconf 90' lang='lat' dir='ltr'><strong>non</strong></span> <span class='ocrx_word' id='word_1_345' title='bbox 797 2562 922 2625; x_wconf 88' lang='lat' dir='ltr'><strong>semper</strong></span> <span class='ocrx_word' id='word_1_346' title='bbox 966 2546 1045 2619; x_wconf 79' lang='lat' dir='ltr'><strong>lanea,</strong></span> <span class='ocrx_word' id='word_1_347' title='bbox 1062 2548 1115 2611; x_wconf 80' lang='lat' dir='ltr'><strong>not</strong></span> <span class='ocrx_word' id='word_1_348' title='bbox 1130 2547 1288 2610; x_wconf 83' lang='lat' dir='ltr'><strong>ridebatur</strong></span> <span class='ocrx_word' id='word_1_349' title='bbox 1301 2562 1373 2609; x_wconf 91' lang='lat' dir='ltr'><strong>esse</strong></span> <span class='ocrx_word' id='word_1_350' title='bbox 1387 2546 1492 2607; x_wconf 79' lang='lat' dir='ltr'><strong>vitiosa</strong></span> <span class='ocrx_word' id='word_1_351' title='bbox 1513 2544 1737 2623; x_wconf 77' lang='lat' dir='ltr'><strong>aequivocatio.</strong></span> <span class='ocrx_word' id='word_1_352' title='bbox 1757 2544 1823 2606; x_wconf 88' lang='lat' dir='ltr'><strong>Pri·</strong></span> 
     </span>
     <span class='ocr_line' id='line_1_29' title="bbox 57 2615 1826 2707; baseline 0.008 -32"><span class='ocrx_word' id='word_1_353' title='bbox 57 2615 145 2695; x_wconf 90' lang='lat' dir='ltr'><strong>loqui</strong></span> <span class='ocrx_word' id='word_1_354' title='bbox 162 2620 204 2681; x_wconf 90' lang='lat' dir='ltr'><strong>de</strong></span> <span class='ocrx_word' id='word_1_355' title='bbox 218 2624 329 2687; x_wconf 90' lang='lat' dir='ltr'><strong>eodem</strong></span> <span class='ocrx_word' id='word_1_356' title='bbox 342 2628 446 2703; x_wconf 84' lang='lat' dir='ltr'><strong>uerbo,</strong></span> <span class='ocrx_word' id='word_1_357' title='bbox 463 2631 519 2692; x_wconf 90' lang='lat' dir='ltr'><strong>sed</strong></span> <span class='ocrx_word' id='word_1_358' title='bbox 534 2646 616 2693; x_wconf 91' lang='lat' dir='ltr'><strong>nunc</strong></span> <span class='ocrx_word' id='word_1_359' title='bbox 639 2629 678 2693; x_wconf 86' lang='lat' dir='ltr'><strong>du</strong></span> <span class='ocrx_word' id='word_1_360' title='bbox 693 2630 919 2704; x_wconf 79' lang='lat' dir='ltr'><strong>sacramentali,</strong></span> <span class='ocrx_word' id='word_1_361' title='bbox 965 2644 1036 2693; x_wconf 88' lang='lat' dir='ltr'><strong>mus</strong></span> <span class='ocrx_word' id='word_1_362' title='bbox 1049 2630 1140 2693; x_wconf 86' lang='lat' dir='ltr'><strong>locus</strong></span> <span class='ocrx_word' id='word_1_363' title='bbox 1154 2636 1230 2693; x_wconf 88' lang='lat' dir='ltr'><strong>erat:</strong></span> <span class='ocrx_word' id='word_1_364' title='bbox 1248 2629 1336 2693; x_wconf 87' lang='lat' dir='ltr'><strong>Dnde</strong></span> <span class='ocrx_word' id='word_1_365' title='bbox 1350 2628 1740 2707; x_wconf 76' lang='lat' dir='ltr'><strong>tantunartaa·cqnne;·ut</strong></span> <span class='ocrx_word' id='word_1_366' title='bbox 1754 2643 1826 2690; x_wconf 86' lang='lat' dir='ltr'><strong>cor·</strong></span> 
     </span>
     <span class='ocr_line' id='line_1_30' title="bbox 57 2702 1822 2794; baseline 0.007 -36"><span class='ocrx_word' id='word_1_367' title='bbox 57 2714 147 2761; x_wconf 87' lang='lat' dir='ltr'><strong>naun</strong></span> <span class='ocrx_word' id='word_1_368' title='bbox 161 2702 202 2765; x_wconf 87' lang='lat' dir='ltr'><strong>de</strong></span> <span class='ocrx_word' id='word_1_369' title='bbox 219 2706 403 2785; x_wconf 83' lang='lat' dir='ltr'><strong>enneinnatt,</strong></span> <span class='ocrx_word' id='word_1_370' title='bbox 420 2717 454 2773; x_wconf 91' lang='lat' dir='ltr'><strong>ut</strong></span> <span class='ocrx_word' id='word_1_371' title='bbox 477 2728 515 2775; x_wconf 82' lang='lat' dir='ltr'><strong>en</strong></span> <span class='ocrx_word' id='word_1_372' title='bbox 538 2713 726 2794; x_wconf 71' lang='lat' dir='ltr'><strong>argumentis</strong></span> <span class='ocrx_word' id='word_1_373' title='bbox 749 2711 812 2793; x_wconf 86' lang='lat' dir='ltr'><strong>jam</strong></span> <span class='ocrx_word' id='word_1_374' title='bbox 834 2712 921 2777; x_wconf 90' lang='lat' dir='ltr'><strong>tactis</strong></span> <span class='ocrx_word' id='word_1_375' title='bbox 962 2728 1027 2790; x_wconf 76' lang='lat' dir='ltr'><strong>puta</strong></span> <span class='ocrx_word' id='word_1_376' title='bbox 1040 2718 1153 2791; x_wconf 84' lang='lat' dir='ltr'><strong>tanget</strong></span> <span class='ocrx_word' id='word_1_377' title='bbox 1181 2717 1212 2775; x_wconf 88' lang='lat' dir='ltr'><strong>et</strong></span> <span class='ocrx_word' id='word_1_378' title='bbox 1225 2712 1427 2785; x_wconf 76' lang='lat' dir='ltr'><strong>connotant,</strong></span> <span class='ocrx_word' id='word_1_379' title='bbox 1453 2713 1521 2775; x_wconf 75' lang='lat' dir='ltr'><strong>niet·</strong></span> <span class='ocrx_word' id='word_1_380' title='bbox 1538 2712 1679 2789; x_wconf 73' lang='grc' dir='ltr'>[εειεειε</span> <span class='ocrx_word' id='word_1_381' title='bbox 1702 2709 1822 2782; x_wconf 83' lang='lat' dir='ltr'><strong>uerbo,</strong></span> 
     </span>
     <span class='ocr_line' id='line_1_31' title="bbox 57 2782 1823 2875; baseline -0.004 -15"><span class='ocrx_word' id='word_1_382' title='bbox 57 2782 188 2859; x_wconf 72' lang='lat' dir='ltr'><strong>D¹⁰⁰¹¹ffl</strong></span> <span class='ocrx_word' id='word_1_383' title='bbox 211 2786 324 2851; x_wconf 70' lang='lat' dir='ltr'><strong>[telum</strong></span> <span class='ocrx_word' id='word_1_384' title='bbox 340 2796 398 2855; x_wconf 75' lang='lat' dir='ltr'><strong>esl-</strong></span> <span class='ocrx_word' id='word_1_385' title='bbox 566 2798 569 2815; x_wconf 85' lang='lat'><strong><em>&#39;</em></strong></span> <span class='ocrx_word' id='word_1_386' title='bbox 928 2810 932 2816; x_wconf 78' lang='lat'><strong>·</strong></span> <span class='ocrx_word' id='word_1_387' title='bbox 963 2810 1034 2858; x_wconf 80' lang='lat' dir='ltr'><strong>nun</strong></span> <span class='ocrx_word' id='word_1_388' title='bbox 1047 2798 1130 2875; x_wconf 83' lang='lat' dir='ltr'><strong>qca&#39;u</strong></span> <span class='ocrx_word' id='word_1_389' title='bbox 1142 2796 1273 2865; x_wconf 81' lang='lat' dir='ltr'><strong>dicitatr,</strong></span> <span class='ocrx_word' id='word_1_390' title='bbox 1288 2798 1347 2857; x_wconf 86' lang='lat' dir='ltr'><strong>aed</strong></span> <span class='ocrx_word' id='word_1_391' title='bbox 1359 2796 1440 2875; x_wconf 80' lang='lat' dir='ltr'><strong>quin</strong></span> <span class='ocrx_word' id='word_1_392' title='bbox 1451 2796 1618 2858; x_wconf 77' lang='lat' dir='ltr'><strong>creditur?</strong></span> <span class='ocrx_word' id='word_1_393' title='bbox 1633 2793 1714 2855; x_wconf 87' lang='lat' dir='ltr'><strong>llaec</strong></span> <span class='ocrx_word' id='word_1_394' title='bbox 1730 2792 1823 2854; x_wconf 82' lang='lat' dir='ltr'><strong>verba</strong></span> 
     </span>
     <span class='ocr_line' id='line_1_32' title="bbox 70 2863 1825 2956; baseline 0.007 -32"><span class='ocrx_word' id='word_1_395' title='bbox 70 2945 76 2955; x_wconf 35' lang='grc' dir='ltr'>Ι</span> <span class='ocrx_word' id='word_1_396' title='bbox 96 2863 211 2946; x_wconf 90' lang='lat' dir='ltr'><strong>Dices;</strong></span> <span class='ocrx_word' id='word_1_397' title='bbox 228 2886 302 2951; x_wconf 91' lang='lat' dir='ltr'><strong>ergo</strong></span> <span class='ocrx_word' id='word_1_398' title='bbox 323 2873 511 2954; x_wconf 74' lang='lat' dir='ltr'><strong>Augustinus</strong></span> <span class='ocrx_word' id='word_1_399' title='bbox 532 2876 562 2939; x_wconf 92' lang='lat' dir='ltr'><strong>in</strong></span> <span class='ocrx_word' id='word_1_400' title='bbox 578 2882 725 2956; x_wconf 86' lang='lat' dir='ltr'><strong>perpetua</strong></span> <span class='ocrx_word' id='word_1_401' title='bbox 740 2877 919 2955; x_wconf 80' lang='lat' dir='ltr'><strong>aequivoca·</strong></span> <span class='ocrx_word' id='word_1_402' title='bbox 965 2878 1381 2955; x_wconf 88' lang='lat' dir='ltr'><strong>nnonnultisiutelliguntur</strong></span> <span class='ocrx_word' id='word_1_403' title='bbox 1395 2880 1466 2940; x_wconf 87' lang='lat' dir='ltr'><strong>ideo</strong></span> <span class='ocrx_word' id='word_1_404' title='bbox 1481 2894 1552 2939; x_wconf 89' lang='lat' dir='ltr'><strong>esse</strong></span> <span class='ocrx_word' id='word_1_405' title='bbox 1567 2876 1660 2949; x_wconf 88' lang='lat' dir='ltr'><strong>dicta,</strong></span> <span class='ocrx_word' id='word_1_406' title='bbox 1674 2875 1746 2955; x_wconf 90' lang='lat' dir='ltr'><strong>quia</strong></span> <span class='ocrx_word' id='word_1_407' title='bbox 1763 2876 1825 2937; x_wconf 91' lang='lat' dir='ltr'><strong>nisi</strong></span> 
     </span>
     <span class='ocr_line' id='line_1_33' title="bbox 57 2951 1823 3039; baseline 0.008 -34"><span class='ocrx_word' id='word_1_408' title='bbox 57 2951 142 3009; x_wconf 81' lang='lat' dir='ltr'><strong>tione</strong></span> <span class='ocrx_word' id='word_1_409' title='bbox 155 2959 306 3025; x_wconf 81' lang='lat' dir='ltr'><strong>versatur,</strong></span> <span class='ocrx_word' id='word_1_410' title='bbox 319 2972 390 3019; x_wconf 88' lang='lat' dir='ltr'><strong>eum</strong></span> <span class='ocrx_word' id='word_1_411' title='bbox 401 2958 513 3022; x_wconf 90' lang='lat' dir='ltr'><strong>iisdem</strong></span> <span class='ocrx_word' id='word_1_412' title='bbox 526 2960 689 3023; x_wconf 89' lang='lat' dir='ltr'><strong>sententiis</strong></span> <span class='ocrx_word' id='word_1_413' title='bbox 704 2966 763 3025; x_wconf 90' lang='lat' dir='ltr'><strong>tam</strong></span> <span class='ocrx_word' id='word_1_414' title='bbox 774 2958 919 3025; x_wconf 84' lang='lat' dir='ltr'><strong>d&#39;illaren·</strong></span> <span class='ocrx_word' id='word_1_415' title='bbox 964 2959 1045 3023; x_wconf 90' lang='lat' dir='ltr'><strong>adsit</strong></span> <span class='ocrx_word' id='word_1_416' title='bbox 1057 2960 1137 3023; x_wconf 87' lang='lat' dir='ltr'><strong>tides</strong></span> <span class='ocrx_word' id='word_1_417' title='bbox 1150 2962 1198 3022; x_wconf 85' lang='lat' dir='ltr'><strong>ret</strong></span> <span class='ocrx_word' id='word_1_418' title='bbox 1214 2961 1335 3039; x_wconf 85' lang='lat' dir='ltr'><strong>propria</strong></span> <span class='ocrx_word' id='word_1_419' title='bbox 1350 2960 1381 3021; x_wconf 95' lang='lat' dir='ltr'><strong>in</strong></span> <span class='ocrx_word' id='word_1_420' title='bbox 1397 2961 1520 3025; x_wconf 82' lang='lat' dir='ltr'><strong>adultis.</strong></span> <span class='ocrx_word' id='word_1_421' title='bbox 1535 2960 1580 3021; x_wconf 86' lang='lat' dir='ltr'><strong>ret</strong></span> <span class='ocrx_word' id='word_1_422' title='bbox 1593 2960 1692 3020; x_wconf 86' lang='lat' dir='ltr'><strong>atiena</strong></span> <span class='ocrx_word' id='word_1_423' title='bbox 1706 2960 1737 3019; x_wconf 95' lang='lat' dir='ltr'><strong>in</strong></span> <span class='ocrx_word' id='word_1_424' title='bbox 1754 2974 1823 3035; x_wconf 87' lang='lat' dir='ltr'><strong>par·</strong></span> 
     </span>
     <span class='ocr_line' id='line_1_34' title="bbox 58 3032 1825 3121; baseline 0.008 -32"><span class='ocrx_word' id='word_1_425' title='bbox 58 3034 104 3090; x_wconf 90' lang='lat' dir='ltr'><strong>ter</strong></span> <span class='ocrx_word' id='word_1_426' title='bbox 117 3032 253 3111; x_wconf 87' lang='lat' dir='ltr'><strong>accipiat</strong></span> <span class='ocrx_word' id='word_1_427' title='bbox 265 3052 379 3101; x_wconf 83' lang='lat' dir='ltr'><strong>nomen</strong></span> <span class='ocrx_word' id='word_1_428' title='bbox 395 3042 490 3115; x_wconf 79' lang='lat' dir='ltr'><strong>veriti,</strong></span> <span class='ocrx_word' id='word_1_429' title='bbox 505 3042 636 3121; x_wconf 82' lang='lat' dir='ltr'><strong>exempli</strong></span> <span class='ocrx_word' id='word_1_430' title='bbox 651 3058 771 3115; x_wconf 88' lang='lat' dir='ltr'><strong>caussa,</strong></span> <span class='ocrx_word' id='word_1_431' title='bbox 788 3060 858 3107; x_wconf 89' lang='lat' dir='ltr'><strong>oum</strong></span> <span class='ocrx_word' id='word_1_432' title='bbox 873 3042 918 3107; x_wconf 87' lang='lat' dir='ltr'><strong>dt·</strong></span> <span class='ocrx_word' id='word_1_433' title='bbox 963 3044 1289 3109; x_wconf 83' lang='lat' dir='ltr'><strong>ratis.sacnamnntnn1</strong></span> <span class='ocrx_word' id='word_1_434' title='bbox 1306 3044 1382 3104; x_wconf 86' lang='lat' dir='ltr'><strong>nihil</strong></span> <span class='ocrx_word' id='word_1_435' title='bbox 1397 3042 1500 3104; x_wconf 85' lang='lat' dir='ltr'><strong>ellicit.</strong></span> <span class='ocrx_word' id='word_1_436' title='bbox 1517 3042 1650 3105; x_wconf 83' lang='lat' dir='ltr'><strong>sednon</strong></span> <span class='ocrx_word' id='word_1_437' title='bbox 1662 3057 1723 3102; x_wconf 89' lang='lat' dir='ltr'><strong>nun</strong></span> <span class='ocrx_word' id='word_1_438' title='bbox 1738 3047 1825 3103; x_wconf 85' lang='lat' dir='ltr'><strong>recto</strong></span> 
     </span>
     <span class='ocr_line' id='line_1_35' title="bbox 57 3111 1822 3208; baseline 0.008 -36"><span class='ocrx_word' id='word_1_439' title='bbox 57 3111 167 3176; x_wconf 83' lang='lat' dir='ltr'><strong>risset:</strong></span> <span class='ocrx_word' id='word_1_440' title='bbox 185 3116 274 3182; x_wconf 73' lang='lat' dir='ltr'><strong>liade</strong></span> <span class='ocrx_word' id='word_1_441' title='bbox 289 3125 383 3185; x_wconf 74' lang='lat' dir='ltr'><strong>tantu</strong></span> <span class='ocrx_word' id='word_1_442' title='bbox 393 3123 495 3190; x_wconf 77' lang='lat' dir='ltr'><strong>nictans</strong></span> <span class='ocrx_word' id='word_1_443' title='bbox 517 3143 634 3208; x_wconf 85' lang='lat' dir='ltr'><strong>cquae,</strong></span> <span class='ocrx_word' id='word_1_444' title='bbox 659 3130 695 3190; x_wconf 82' lang='lat' dir='ltr'><strong>ut</strong></span> <span class='ocrx_word' id='word_1_445' title='bbox 708 3143 824 3206; x_wconf 83' lang='lat' dir='ltr'><strong>corpus</strong></span> <span class='ocrx_word' id='word_1_446' title='bbox 848 3133 919 3190; x_wconf 87' lang='lat' dir='ltr'><strong>tun·</strong></span> <span class='ocrx_word' id='word_1_447' title='bbox 963 3126 1164 3200; x_wconf 68' lang='lat' dir='ltr'><strong>dictantium</strong></span> <span class='ocrx_word' id='word_1_448' title='bbox 1178 3128 1251 3189; x_wconf 89' lang='lat' dir='ltr'><strong>lieet</strong></span> <span class='ocrx_word' id='word_1_449' title='bbox 1264 3124 1341 3188; x_wconf 85' lang='lat' dir='ltr'><strong>tides</strong></span> <span class='ocrx_word' id='word_1_450' title='bbox 1355 3127 1387 3188; x_wconf 91' lang='lat' dir='ltr'><strong>in</strong></span> <span class='ocrx_word' id='word_1_451' title='bbox 1401 3125 1513 3188; x_wconf 89' lang='lat' dir='ltr'><strong>adultis</strong></span> <span class='ocrx_word' id='word_1_452' title='bbox 1526 3127 1747 3204; x_wconf 82' lang='lat' dir='ltr'><strong>requiratnrnt</strong></span> <span class='ocrx_word' id='word_1_453' title='bbox 1759 3122 1822 3186; x_wconf 91' lang='lat' dir='ltr'><strong>dis·</strong></span> 
     </span>
     <span class='ocr_line' id='line_1_36' title="bbox 55 3201 1822 3290; baseline 0.005 -30"><span class='ocrx_word' id='word_1_454' title='bbox 55 3201 111 3286; x_wconf 78' lang='lat' dir='ltr'><strong>gut</strong></span> <span class='ocrx_word' id='word_1_455' title='bbox 125 3203 157 3260; x_wconf 86' lang='lat' dir='ltr'><strong>et</strong></span> <span class='ocrx_word' id='word_1_456' title='bbox 171 3202 361 3278; x_wconf 80' lang='lat' dir='ltr'><strong>connotant,</strong></span> <span class='ocrx_word' id='word_1_457' title='bbox 376 3207 444 3270; x_wconf 73' lang='lat' dir='ltr'><strong>nte</strong></span> <span class='ocrx_word' id='word_1_458' title='bbox 454 3208 721 3288; x_wconf 76' lang='lat' dir='ltr'><strong>sacientenenlto?</strong></span> <span class='ocrx_word' id='word_1_459' title='bbox 741 3211 917 3290; x_wconf 79' lang='lat' dir='ltr'><strong>Salajungtt:</strong></span> <span class='ocrx_word' id='word_1_460' title='bbox 965 3210 1076 3286; x_wconf 87' lang='lat' dir='ltr'><strong>positio</strong></span> <span class='ocrx_word' id='word_1_461' title='bbox 1105 3210 1255 3288; x_wconf 89' lang='lat' dir='ltr'><strong>quaedam</strong></span> <span class='ocrx_word' id='word_1_462' title='bbox 1270 3209 1309 3270; x_wconf 90' lang='lat' dir='ltr'><strong>nd</strong></span> <span class='ocrx_word' id='word_1_463' title='bbox 1323 3216 1550 3271; x_wconf 83' lang='lat' dir='ltr'><strong>sacramentum</strong></span> <span class='ocrx_word' id='word_1_464' title='bbox 1572 3210 1728 3270; x_wconf 85' lang='lat' dir='ltr'><strong>inactuosa</strong></span> <span class='ocrx_word' id='word_1_465' title='bbox 1743 3211 1822 3268; x_wconf 85' lang='lat' dir='ltr'><strong>reci·</strong></span> 
     </span>
     <span class='ocr_line' id='line_1_37' title="bbox 58 3279 1820 3372; baseline 0.001 -23"><span class='ocrx_word' id='word_1_466' title='bbox 58 3279 125 3340; x_wconf 70' lang='grc'><strong>11011</strong></span> <span class='ocrx_word' id='word_1_467' title='bbox 139 3284 226 3360; x_wconf 72' lang='lat' dir='ltr'><strong>gttiu</strong></span> <span class='ocrx_word' id='word_1_468' title='bbox 239 3287 370 3362; x_wconf 78' lang='grc' dir='ltr'>τιιειιιιτ,</span> <span class='ocrx_word' id='word_1_469' title='bbox 392 3293 451 3354; x_wconf 87' lang='lat' dir='ltr'><strong>ned</strong></span> <span class='ocrx_word' id='word_1_470' title='bbox 475 3293 556 3372; x_wconf 86' lang='lat' dir='ltr'><strong>quin</strong></span> <span class='ocrx_word' id='word_1_471' title='bbox 570 3294 724 3362; x_wconf 80' lang='lat' dir='ltr'><strong>creditam,</strong></span> <span class='ocrx_word' id='word_1_472' title='bbox 745 3293 797 3356; x_wconf 90' lang='lat' dir='ltr'><strong>ubi</strong></span> <span class='ocrx_word' id='word_1_473' title='bbox 813 3298 918 3371; x_wconf 88' lang='lat' dir='ltr'><strong>aperte</strong></span> <span class='ocrx_word' id='word_1_474' title='bbox 962 3291 1120 3369; x_wconf 86' lang='lat' dir='ltr'><strong>piendum,</strong></span> <span class='ocrx_word' id='word_1_475' title='bbox 1137 3300 1239 3354; x_wconf 88' lang='lat' dir='ltr'><strong>tamen</strong></span> <span class='ocrx_word' id='word_1_476' title='bbox 1255 3309 1316 3354; x_wconf 92' lang='lat' dir='ltr'><strong>non</strong></span> <span class='ocrx_word' id='word_1_477' title='bbox 1331 3301 1385 3354; x_wconf 79' lang='lat' dir='ltr'><strong>est·</strong></span> <span class='ocrx_word' id='word_1_478' title='bbox 1393 3291 1481 3365; x_wconf 87' lang='lat' dir='ltr'><strong>tides,</strong></span> <span class='ocrx_word' id='word_1_479' title='bbox 1506 3308 1585 3370; x_wconf 91' lang='lat' dir='ltr'><strong>quae</strong></span> <span class='ocrx_word' id='word_1_480' title='bbox 1605 3293 1656 3352; x_wconf 90' lang='lat' dir='ltr'><strong>dat</strong></span> <span class='ocrx_word' id='word_1_481' title='bbox 1677 3293 1820 3352; x_wconf 84' lang='lat' dir='ltr'><strong>uirtutem</strong></span> 
     </span>
     <span class='ocr_line' id='line_1_38' title="bbox 58 3362 1824 3456; baseline 0.008 -37"><span class='ocrx_word' id='word_1_482' title='bbox 58 3362 196 3438; x_wconf 90' lang='lat' dir='ltr'><strong>loquitur</strong></span> <span class='ocrx_word' id='word_1_483' title='bbox 210 3369 250 3430; x_wconf 84' lang='lat' dir='ltr'><strong>tle</strong></span> <span class='ocrx_word' id='word_1_484' title='bbox 262 3371 355 3432; x_wconf 85' lang='lat' dir='ltr'><strong>rerba</strong></span> <span class='ocrx_word' id='word_1_485' title='bbox 380 3375 564 3438; x_wconf 88' lang='lat' dir='ltr'><strong>concionati:</strong></span> <span class='ocrx_word' id='word_1_486' title='bbox 594 3376 723 3456; x_wconf 89' lang='lat' dir='ltr'><strong>proinde</strong></span> <span class='ocrx_word' id='word_1_487' title='bbox 750 3382 801 3438; x_wconf 91' lang='lat' dir='ltr'><strong>ant</strong></span> <span class='ocrx_word' id='word_1_488' title='bbox 826 3375 917 3438; x_wconf 87' lang='lat' dir='ltr'><strong>etiam</strong></span> <span class='ocrx_word' id='word_1_489' title='bbox 963 3375 1322 3438; x_wconf 87' lang='lat' dir='ltr'><strong>mundandielemento:</strong></span> <span class='ocrx_word' id='word_1_490' title='bbox 1346 3374 1515 3438; x_wconf 89' lang='lat' dir='ltr'><strong>nonenim</strong></span> <span class='ocrx_word' id='word_1_491' title='bbox 1542 3376 1612 3438; x_wconf 87' lang='lat' dir='ltr'><strong>ideo</strong></span> <span class='ocrx_word' id='word_1_492' title='bbox 1633 3389 1713 3451; x_wconf 91' lang='lat' dir='ltr'><strong>aqua</strong></span> <span class='ocrx_word' id='word_1_493' title='bbox 1729 3373 1824 3438; x_wconf 81' lang='lat' dir='ltr'><strong>habat</strong></span> 
     </span>
     <span class='ocr_line' id='line_1_39' title="bbox 58 3448 1822 3538; baseline 0.003 -27"><span class='ocrx_word' id='word_1_494' title='bbox 58 3451 146 3538; x_wconf 74' lang='lat' dir='ltr'><strong>tolca</strong></span> <span class='ocrx_word' id='word_1_495' title='bbox 160 3448 347 3528; x_wconf 84' lang='lat' dir='ltr'><strong>tnqneontnr</strong></span> <span class='ocrx_word' id='word_1_496' title='bbox 360 3455 399 3516; x_wconf 90' lang='lat' dir='ltr'><strong>de</strong></span> <span class='ocrx_word' id='word_1_497' title='bbox 420 3459 604 3534; x_wconf 89' lang='lat' dir='ltr'><strong>concionati,</strong></span> <span class='ocrx_word' id='word_1_498' title='bbox 627 3464 678 3522; x_wconf 91' lang='lat' dir='ltr'><strong>aul</strong></span> <span class='ocrx_word' id='word_1_499' title='bbox 703 3458 839 3522; x_wconf 79' lang='lat' dir='ltr'><strong>vitiosam</strong></span> <span class='ocrx_word' id='word_1_500' title='bbox 866 3472 915 3520; x_wconf 87' lang='lat' dir='ltr'><strong>aa·</strong></span> <span class='ocrx_word' id='word_1_501' title='bbox 961 3458 1020 3518; x_wconf 85' lang='lat' dir='ltr'><strong>vim</strong></span> <span class='ocrx_word' id='word_1_502' title='bbox 1034 3457 1212 3532; x_wconf 90' lang='lat' dir='ltr'><strong>mundandi,</strong></span> <span class='ocrx_word' id='word_1_503' title='bbox 1228 3456 1371 3536; x_wconf 82' lang='lat' dir='ltr'><strong>quiaego</strong></span> <span class='ocrx_word' id='word_1_504' title='bbox 1386 3459 1491 3529; x_wconf 89' lang='lat' dir='ltr'><strong>credo,</strong></span> <span class='ocrx_word' id='word_1_505' title='bbox 1505 3458 1560 3519; x_wconf 93' lang='lat' dir='ltr'><strong>sed</strong></span> <span class='ocrx_word' id='word_1_506' title='bbox 1573 3458 1644 3537; x_wconf 91' lang='lat' dir='ltr'><strong>qaia</strong></span> <span class='ocrx_word' id='word_1_507' title='bbox 1656 3464 1703 3518; x_wconf 89' lang='lat' dir='ltr'><strong>est</strong></span> <span class='ocrx_word' id='word_1_508' title='bbox 1719 3470 1822 3521; x_wconf 87' lang='lat' dir='ltr'><strong>sacru·</strong></span> 
     </span>
     <span class='ocr_line' id='line_1_40' title="bbox 55 3532 1405 3605; baseline 0.01 -19"><span class='ocrx_word' id='word_1_509' title='bbox 55 3532 305 3602; x_wconf 83' lang='lat' dir='ltr'><strong>qnnnnationem</strong></span> <span class='ocrx_word' id='word_1_510' title='bbox 321 3539 492 3600; x_wconf 82' lang='lat' dir='ltr'><strong>committit</strong></span> <span class='ocrx_word' id='word_1_511' title='bbox 960 3547 1096 3602; x_wconf 88' lang='lat' dir='ltr'><strong>mentum</strong></span> <span class='ocrx_word' id='word_1_512' title='bbox 1111 3558 1129 3601; x_wconf 92' lang='lat' dir='ltr'><strong>a</strong></span> <span class='ocrx_word' id='word_1_513' title='bbox 1142 3540 1206 3605; x_wconf 90' lang='lat' dir='ltr'><strong>Deo</strong></span> <span class='ocrx_word' id='word_1_514' title='bbox 1221 3541 1405 3602; x_wconf 87' lang='lat' dir='ltr'><strong>institutam.</strong></span> 
     </span>
    </p>

    <p class='ocr_par' dir='ltr' id='par_1_7' title="bbox 54 3609 1824 4365">
     <span class='ocr_line' id='line_1_41' title="bbox 97 3609 1822 3703; baseline 0.008 -33"><span class='ocrx_word' id='word_1_515' title='bbox 97 3609 261 3675; x_wconf 88' lang='lat' dir='ltr'><strong>Praeterea</strong></span> <span class='ocrx_word' id='word_1_516' title='bbox 278 3617 315 3678; x_wconf 93' lang='lat' dir='ltr'><strong>ad</strong></span> <span class='ocrx_word' id='word_1_517' title='bbox 332 3620 534 3695; x_wconf 87' lang='lat' dir='ltr'><strong>probandam,</strong></span> <span class='ocrx_word' id='word_1_518' title='bbox 551 3639 658 3703; x_wconf 89' lang='lat' dir='ltr'><strong>aquam</strong></span> <span class='ocrx_word' id='word_1_519' title='bbox 673 3623 788 3688; x_wconf 85' lang='lat' dir='ltr'><strong>habere</strong></span> <span class='ocrx_word' id='word_1_520' title='bbox 801 3622 862 3684; x_wconf 84' lang='lat' dir='ltr'><strong>rim</strong></span> <span class='ocrx_word' id='word_1_521' title='bbox 876 3637 913 3684; x_wconf 84' lang='lat' dir='ltr'><strong>ex</strong></span> <span class='ocrx_word' id='word_1_522' title='bbox 1001 3621 1035 3683; x_wconf 90' lang='lat' dir='ltr'><strong>ld</strong></span> <span class='ocrx_word' id='word_1_523' title='bbox 1050 3630 1149 3684; x_wconf 90' lang='lat' dir='ltr'><strong>autem</strong></span> <span class='ocrx_word' id='word_1_524' title='bbox 1165 3624 1285 3700; x_wconf 85' lang='lat' dir='ltr'><strong>qaaerit</strong></span> <span class='ocrx_word' id='word_1_525' title='bbox 1310 3623 1523 3700; x_wconf 73' lang='lat' dir='ltr'><strong>Augustinus,</strong></span> <span class='ocrx_word' id='word_1_526' title='bbox 1554 3622 1636 3684; x_wconf 90' lang='lat' dir='ltr'><strong>unde</strong></span> <span class='ocrx_word' id='word_1_527' title='bbox 1664 3621 1705 3682; x_wconf 92' lang='lat' dir='ltr'><strong>sit</strong></span> <span class='ocrx_word' id='word_1_528' title='bbox 1725 3621 1822 3683; x_wconf 82' lang='lat' dir='ltr'><strong>rictas</strong></span> 
     </span>
     <span class='ocr_line' id='line_1_42' title="bbox 55 3691 1820 3783; baseline 0.009 -34"><span class='ocrx_word' id='word_1_529' title='bbox 55 3691 162 3768; x_wconf 80' lang='lat' dir='ltr'><strong>rerlao,</strong></span> <span class='ocrx_word' id='word_1_530' title='bbox 187 3697 304 3775; x_wconf 75' lang='lat' dir='ltr'><strong>protect</strong></span> <span class='ocrx_word' id='word_1_531' title='bbox 319 3703 526 3766; x_wconf 82' lang='lat' dir='ltr'><strong>testimoninm</strong></span> <span class='ocrx_word' id='word_1_532' title='bbox 552 3707 584 3768; x_wconf 89' lang='lat' dir='ltr'><strong>b.</strong></span> <span class='ocrx_word' id='word_1_533' title='bbox 600 3706 696 3775; x_wconf 84' lang='lat' dir='ltr'><strong>Pauli,</strong></span> <span class='ocrx_word' id='word_1_534' title='bbox 709 3721 747 3768; x_wconf 85' lang='lat' dir='ltr'><strong>ex</strong></span> <span class='ocrx_word' id='word_1_535' title='bbox 762 3723 791 3770; x_wconf 92' lang='lat' dir='ltr'><strong>c.</strong></span> <span class='ocrx_word' id='word_1_536' title='bbox 809 3706 859 3767; x_wconf 90' lang='lat' dir='ltr'><strong>to.</strong></span> <span class='ocrx_word' id='word_1_537' title='bbox 876 3705 915 3768; x_wconf 91' lang='lat' dir='ltr'><strong>ad</strong></span> <span class='ocrx_word' id='word_1_538' title='bbox 961 3719 1071 3778; x_wconf 85' lang='lat' dir='ltr'><strong>aquae,</strong></span> <span class='ocrx_word' id='word_1_539' title='bbox 1087 3721 1148 3766; x_wconf 91' lang='lat' dir='ltr'><strong>nnn</strong></span> <span class='ocrx_word' id='word_1_540' title='bbox 1165 3707 1213 3768; x_wconf 88' lang='lat' dir='ltr'><strong>cal</strong></span> <span class='ocrx_word' id='word_1_541' title='bbox 1236 3704 1332 3783; x_wconf 89' lang='lat' dir='ltr'><strong>prosit</strong></span> <span class='ocrx_word' id='word_1_542' title='bbox 1346 3723 1436 3780; x_wconf 90' lang='lat' dir='ltr'><strong>aqua.</strong></span> <span class='ocrx_word' id='word_1_543' title='bbox 1452 3705 1531 3766; x_wconf 93' lang='lat' dir='ltr'><strong>lttud</strong></span> <span class='ocrx_word' id='word_1_544' title='bbox 1547 3720 1632 3783; x_wconf 89' lang='lat' dir='ltr'><strong>orgo:</strong></span> <span class='ocrx_word' id='word_1_545' title='bbox 1649 3704 1717 3766; x_wconf 84' lang='lat' dir='ltr'><strong>tlon</strong></span> <span class='ocrx_word' id='word_1_546' title='bbox 1737 3705 1820 3783; x_wconf 84' lang='lat' dir='ltr'><strong>quic</strong></span> 
     </span>
     <span class='ocr_line' id='line_1_43' title="bbox 54 3770 1824 3870; baseline 0.007 -37"><span class='ocrx_word' id='word_1_547' title='bbox 54 3770 141 3834; x_wconf 90' lang='lat' dir='ltr'><strong>llum.</strong></span> <span class='ocrx_word' id='word_1_548' title='bbox 159 3777 227 3841; x_wconf 84' lang='lat' dir='ltr'><strong>linc</strong></span> <span class='ocrx_word' id='word_1_549' title='bbox 241 3787 287 3842; x_wconf 86' lang='lat' dir='ltr'><strong>eat</strong></span> <span class='ocrx_word' id='word_1_550' title='bbox 298 3783 433 3848; x_wconf 71' lang='lat' dir='ltr'><strong>ambron</strong></span> <span class='ocrx_word' id='word_1_551' title='bbox 444 3784 537 3865; x_wconf 63' lang='lat' dir='ltr'><strong>tritici,</strong></span> <span class='ocrx_word' id='word_1_552' title='bbox 564 3790 653 3870; x_wconf 83' lang='lat' dir='ltr'><strong>qtaod</strong></span> <span class='ocrx_word' id='word_1_553' title='bbox 671 3789 913 3868; x_wconf 82' lang='lat' dir='ltr'><strong>praedicamus.</strong></span> <span class='ocrx_word' id='word_1_554' title='bbox 961 3787 1092 3857; x_wconf 82' lang='grc' dir='ltr'>ειιειιτιτ.</span> <span class='ocrx_word' id='word_1_555' title='bbox 1107 3789 1257 3867; x_wconf 83' lang='lat' dir='ltr'><strong>aedqut&#39;n</strong></span> <span class='ocrx_word' id='word_1_556' title='bbox 1271 3789 1427 3860; x_wconf 80' lang='lat' dir='ltr'><strong>creditur,</strong></span> <span class='ocrx_word' id='word_1_557' title='bbox 1442 3783 1605 3866; x_wconf 88' lang='lat' dir='ltr'><strong>signillunt,</strong></span> <span class='ocrx_word' id='word_1_558' title='bbox 1622 3789 1750 3848; x_wconf 85' lang='lat' dir='ltr'><strong>verbum</strong></span> <span class='ocrx_word' id='word_1_559' title='bbox 1770 3803 1824 3848; x_wconf 68' lang='lat' dir='ltr'><strong>sa«</strong></span> 
     </span>
     <span class='ocr_line' id='line_1_44' title="bbox 58 3853 1820 3949; baseline 0.001 -19"><span class='ocrx_word' id='word_1_560' title='bbox 58 3853 142 3930; x_wconf 70' lang='lat' dir='ltr'><strong>Qltt&#39;fl</strong></span> <span class='ocrx_word' id='word_1_561' title='bbox 155 3862 188 3922; x_wconf 88' lang='lat' dir='ltr'><strong>si</strong></span> <span class='ocrx_word' id='word_1_562' title='bbox 213 3863 395 3942; x_wconf 65' lang='lat' dir='ltr'><strong>emmeant</strong></span> <span class='ocrx_word' id='word_1_563' title='bbox 410 3875 469 3932; x_wconf 91' lang='lat' dir='ltr'><strong>etc.</strong></span> <span class='ocrx_word' id='word_1_564' title='bbox 484 3869 521 3931; x_wconf 86' lang='lat' dir='ltr'><strong>Et</strong></span> <span class='ocrx_word' id='word_1_565' title='bbox 536 3870 611 3933; x_wconf 89' lang='lat' dir='ltr'><strong>illud</strong></span> <span class='ocrx_word' id='word_1_566' title='bbox 631 3873 732 3934; x_wconf 88' lang='lat' dir='ltr'><strong>Actor.</strong></span> <span class='ocrx_word' id='word_1_567' title='bbox 756 3870 809 3936; x_wconf 85' lang='grc'><strong>15.</strong></span> <span class='ocrx_word' id='word_1_568' title='bbox 832 3870 916 3934; x_wconf 80' lang='lat' dir='ltr'><strong>Fide</strong></span> <span class='ocrx_word' id='word_1_569' title='bbox 961 3871 1147 3932; x_wconf 86' lang='lat' dir='ltr'><strong>cramenlala</strong></span> <span class='ocrx_word' id='word_1_570' title='bbox 1162 3887 1223 3932; x_wconf 91' lang='lat' dir='ltr'><strong>non</strong></span> <span class='ocrx_word' id='word_1_571' title='bbox 1238 3873 1312 3932; x_wconf 85' lang='lat' dir='ltr'><strong>dare</strong></span> <span class='ocrx_word' id='word_1_572' title='bbox 1325 3872 1385 3931; x_wconf 80' lang='lat' dir='ltr'><strong>cim</strong></span> <span class='ocrx_word' id='word_1_573' title='bbox 1400 3887 1510 3949; x_wconf 88' lang='lat' dir='ltr'><strong>aquae,</strong></span> <span class='ocrx_word' id='word_1_574' title='bbox 1525 3876 1557 3930; x_wconf 95' lang='lat' dir='ltr'><strong>ut</strong></span> <span class='ocrx_word' id='word_1_575' title='bbox 1581 3876 1629 3930; x_wconf 91' lang='lat' dir='ltr'><strong>est</strong></span> <span class='ocrx_word' id='word_1_576' title='bbox 1653 3878 1820 3946; x_wconf 74' lang='lat' dir='ltr'><strong>res‘qnne·</strong></span> 
     </span>
     <span class='ocr_line' id='line_1_45' title="bbox 56 3945 1822 4031; baseline 0.004 -27"><span class='ocrx_word' id='word_1_577' title='bbox 56 3945 230 4007; x_wconf 83' lang='lat' dir='ltr'><strong>mundana</strong></span> <span class='ocrx_word' id='word_1_578' title='bbox 244 3949 347 4011; x_wconf 81' lang='lat' dir='ltr'><strong>eorda</strong></span> <span class='ocrx_word' id='word_1_579' title='bbox 359 3963 483 4014; x_wconf 75' lang='lat' dir='ltr'><strong>eorunm.</strong></span> <span class='ocrx_word' id='word_1_580' title='bbox 505 3953 541 4016; x_wconf 80' lang='lat' dir='ltr'><strong>st</strong></span> <span class='ocrx_word' id='word_1_581' title='bbox 555 3953 643 4024; x_wconf 92' lang='lat' dir='ltr'><strong>illud,</strong></span> <span class='ocrx_word' id='word_1_582' title='bbox 661 3954 691 4016; x_wconf 93' lang='lat' dir='ltr'><strong>l.</strong></span> <span class='ocrx_word' id='word_1_583' title='bbox 713 3954 777 4016; x_wconf 82' lang='lat' dir='ltr'><strong>Det.</strong></span> <span class='ocrx_word' id='word_1_584' title='bbox 793 3953 824 4016; x_wconf 80' lang='lat'><strong>3.</strong></span> <span class='ocrx_word' id='word_1_585' title='bbox 846 3954 918 4016; x_wconf 82' lang='lat' dir='ltr'><strong>Non</strong></span> <span class='ocrx_word' id='word_1_586' title='bbox 961 3954 1031 4012; x_wconf 78' lang='lat' dir='ltr'><strong>datm</strong></span> <span class='ocrx_word' id='word_1_587' title='bbox 1047 3954 1205 4022; x_wconf 84' lang='lat' dir='ltr'><strong>naturalis,</strong></span> <span class='ocrx_word' id='word_1_588' title='bbox 1234 3954 1327 4024; x_wconf 90' lang='lat' dir='ltr'><strong>idest,</strong></span> <span class='ocrx_word' id='word_1_589' title='bbox 1344 3953 1398 4015; x_wconf 76' lang='lat' dir='ltr'><strong>adr</strong></span> <span class='ocrx_word' id='word_1_590' title='bbox 1411 3965 1591 4031; x_wconf 89' lang='lat' dir='ltr'><strong>percussus;</strong></span> <span class='ocrx_word' id='word_1_591' title='bbox 1610 3951 1657 4014; x_wconf 88' lang='lat' dir='ltr'><strong>sic</strong></span> <span class='ocrx_word' id='word_1_592' title='bbox 1672 3951 1754 4013; x_wconf 89' lang='lat' dir='ltr'><strong>enim</strong></span> <span class='ocrx_word' id='word_1_593' title='bbox 1772 3951 1822 4012; x_wconf 88' lang='lat' dir='ltr'><strong>ni·</strong></span> 
     </span>
     <span class='ocr_line' id='line_1_46' title="bbox 56 4026 1818 4109; baseline 0.001 -16"><span class='ocrx_word' id='word_1_594' title='bbox 56 4026 170 4088; x_wconf 71' lang='lat' dir='ltr'><strong>tamis</strong></span> <span class='ocrx_word' id='word_1_595' title='bbox 189 4029 348 4106; x_wconf 79' lang='lat' dir='ltr'><strong>depositio</strong></span> <span class='ocrx_word' id='word_1_596' title='bbox 370 4035 529 4109; x_wconf 81' lang='lat' dir='ltr'><strong>sordium,</strong></span> <span class='ocrx_word' id='word_1_597' title='bbox 551 4037 610 4100; x_wconf 77' lang='lat' dir='ltr'><strong>ami</strong></span> <span class='ocrx_word' id='word_1_598' title='bbox 631 4037 847 4100; x_wconf 83' lang='grc' dir='ltr'>εειιεειεειιεε</span> <span class='ocrx_word' id='word_1_599' title='bbox 862 4036 915 4099; x_wconf 86' lang='lat' dir='ltr'><strong>lto·</strong></span> <span class='ocrx_word' id='word_1_600' title='bbox 962 4034 1026 4094; x_wconf 89' lang='lat' dir='ltr'><strong>hilo</strong></span> <span class='ocrx_word' id='word_1_601' title='bbox 1042 4037 1152 4098; x_wconf 91' lang='lat' dir='ltr'><strong>metius</strong></span> <span class='ocrx_word' id='word_1_602' title='bbox 1167 4042 1214 4098; x_wconf 90' lang='lat' dir='ltr'><strong>est</strong></span> <span class='ocrx_word' id='word_1_603' title='bbox 1228 4035 1355 4096; x_wconf 83' lang='lat' dir='ltr'><strong>terbum</strong></span> <span class='ocrx_word' id='word_1_604' title='bbox 1369 4036 1544 4097; x_wconf 89' lang='lat' dir='ltr'><strong>elemento:</strong></span> <span class='ocrx_word' id='word_1_605' title='bbox 1567 4037 1622 4098; x_wconf 90' lang='lat' dir='ltr'><strong>sed</strong></span> <span class='ocrx_word' id='word_1_606' title='bbox 1646 4042 1677 4097; x_wconf 92' lang='lat' dir='ltr'><strong>nt</strong></span> <span class='ocrx_word' id='word_1_607' title='bbox 1697 4040 1745 4095; x_wconf 85' lang='lat' dir='ltr'><strong>ast</strong></span> <span class='ocrx_word' id='word_1_608' title='bbox 1767 4050 1818 4096; x_wconf 88' lang='lat' dir='ltr'><strong>res</strong></span> 
     </span>
     <span class='ocr_line' id='line_1_47' title="bbox 55 4110 1823 4198; baseline 0.005 -30"><span class='ocrx_word' id='word_1_609' title='bbox 55 4118 119 4168; x_wconf 80' lang='lat' dir='ltr'><strong>nuc</strong></span> <span class='ocrx_word' id='word_1_610' title='bbox 134 4110 363 4192; x_wconf 77' lang='lat' dir='ltr'><strong>immogntio.</strong></span> <span class='ocrx_word' id='word_1_611' title='bbox 386 4115 423 4178; x_wconf 88' lang='lat' dir='ltr'><strong>Dt</strong></span> <span class='ocrx_word' id='word_1_612' title='bbox 434 4117 528 4179; x_wconf 89' lang='lat' dir='ltr'><strong>addit:</strong></span> <span class='ocrx_word' id='word_1_613' title='bbox 544 4119 609 4182; x_wconf 85' lang='lat' dir='ltr'><strong>Dnc</strong></span> <span class='ocrx_word' id='word_1_614' title='bbox 623 4124 667 4182; x_wconf 86' lang='lat' dir='ltr'><strong>cat</strong></span> <span class='ocrx_word' id='word_1_615' title='bbox 689 4118 823 4183; x_wconf 80' lang='grc' dir='ltr'>εετιτιιττι</span> <span class='ocrx_word' id='word_1_616' title='bbox 841 4117 918 4198; x_wconf 76' lang='lat' dir='ltr'><strong>fidei</strong></span> <span class='ocrx_word' id='word_1_617' title='bbox 963 4117 1149 4196; x_wconf 88' lang='lat' dir='ltr'><strong>spiritualis,</strong></span> <span class='ocrx_word' id='word_1_618' title='bbox 1165 4125 1197 4182; x_wconf 91' lang='grc' dir='ltr'><strong>ει</strong></span> <span class='ocrx_word' id='word_1_619' title='bbox 1211 4119 1275 4180; x_wconf 90' lang='lat' dir='ltr'><strong>sola</strong></span> <span class='ocrx_word' id='word_1_620' title='bbox 1290 4118 1352 4180; x_wconf 84' lang='lat' dir='ltr'><strong>lida</strong></span> <span class='ocrx_word' id='word_1_621' title='bbox 1366 4117 1599 4197; x_wconf 87' lang='lat' dir='ltr'><strong>cognoscibilis,</strong></span> <span class='ocrx_word' id='word_1_622' title='bbox 1616 4118 1772 4192; x_wconf 87' lang='lat' dir='ltr'><strong>nimirum,</strong></span> <span class='ocrx_word' id='word_1_623' title='bbox 1790 4123 1823 4179; x_wconf 90' lang='lat' dir='ltr'><strong>ut</strong></span> 
     </span>
     <span class='ocr_line' id='line_1_48' title="bbox 59 4191 1821 4283; baseline 0.005 -31"><span class='ocrx_word' id='word_1_624' title='bbox 59 4191 148 4266; x_wconf 88' lang='lat' dir='ltr'><strong>quod</strong></span> <span class='ocrx_word' id='word_1_625' title='bbox 159 4196 406 4270; x_wconf 80' lang='lat' dir='ltr'><strong>praedicamus.</strong></span> <span class='ocrx_word' id='word_1_626' title='bbox 420 4197 480 4261; x_wconf 89' lang='lat' dir='ltr'><strong>Sed</strong></span> <span class='ocrx_word' id='word_1_627' title='bbox 496 4202 582 4280; x_wconf 89' lang='lat' dir='ltr'><strong>quid,</strong></span> <span class='ocrx_word' id='word_1_628' title='bbox 594 4217 721 4282; x_wconf 84' lang='lat' dir='ltr'><strong>quaeso,</strong></span> <span class='ocrx_word' id='word_1_629' title='bbox 735 4201 844 4281; x_wconf 86' lang='lat' dir='ltr'><strong>probat</strong></span> <span class='ocrx_word' id='word_1_630' title='bbox 857 4201 917 4266; x_wconf 89' lang='lat' dir='ltr'><strong>Aa·</strong></span> <span class='ocrx_word' id='word_1_631' title='bbox 963 4200 1101 4262; x_wconf 85' lang='lat' dir='ltr'><strong>contittet</strong></span> <span class='ocrx_word' id='word_1_632' title='bbox 1120 4202 1341 4283; x_wconf 77' lang='lat' dir='ltr'><strong>intonationem</strong></span> <span class='ocrx_word' id='word_1_633' title='bbox 1357 4200 1510 4262; x_wconf 85' lang='lat' dir='ltr'><strong>Trinitatis</strong></span> <span class='ocrx_word' id='word_1_634' title='bbox 1532 4200 1545 4278; x_wconf 91' lang='lat'>(</span> <span class='ocrx_word' id='word_1_635' title='bbox 1553 4201 1706 4280; x_wconf 90' lang='lat' dir='ltr'><strong>quomado</strong></span> <span class='ocrx_word' id='word_1_636' title='bbox 1727 4201 1821 4261; x_wconf 87' lang='lat' dir='ltr'><strong>etiem</strong></span> 
     </span>
     <span class='ocr_line' id='line_1_49' title="bbox 58 4274 1823 4365; baseline 0.005 -33"><span class='ocrx_word' id='word_1_637' title='bbox 58 4274 215 4349; x_wconf 75' lang='lat' dir='ltr'><strong>gastineis,</strong></span> <span class='ocrx_word' id='word_1_638' title='bbox 231 4276 258 4338; x_wconf 86' lang='lat' dir='ltr'><strong>si</strong></span> <span class='ocrx_word' id='word_1_639' title='bbox 280 4279 446 4359; x_wconf 78' lang='lat' dir='ltr'><strong>aequisona</strong></span> <span class='ocrx_word' id='word_1_640' title='bbox 461 4282 500 4344; x_wconf 93' lang='lat' dir='ltr'><strong>de</strong></span> <span class='ocrx_word' id='word_1_641' title='bbox 515 4284 607 4347; x_wconf 85' lang='lat' dir='ltr'><strong>verbo</strong></span> <span class='ocrx_word' id='word_1_642' title='bbox 622 4283 785 4365; x_wconf 78' lang='lat' dir='ltr'><strong>loquitur?</strong></span> <span class='ocrx_word' id='word_1_643' title='bbox 835 4285 838 4292; x_wconf 83' lang='grc'><strong>“</strong></span> <span class='ocrx_word' id='word_1_644' title='bbox 962 4281 1086 4360; x_wconf 87' lang='lat' dir='ltr'><strong>signum</strong></span> <span class='ocrx_word' id='word_1_645' title='bbox 1101 4285 1213 4356; x_wconf 87' lang='lat' dir='ltr'><strong>crucis,</strong></span> <span class='ocrx_word' id='word_1_646' title='bbox 1229 4290 1260 4349; x_wconf 89' lang='lat' dir='ltr'><strong>et</strong></span> <span class='ocrx_word' id='word_1_647' title='bbox 1275 4297 1385 4344; x_wconf 90' lang='lat' dir='ltr'><strong>nomeu</strong></span> <span class='ocrx_word' id='word_1_648' title='bbox 1399 4282 1502 4357; x_wconf 83' lang='lat' dir='ltr'><strong>iesus,</strong></span> <span class='ocrx_word' id='word_1_649' title='bbox 1517 4283 1697 4346; x_wconf 83' lang='lat' dir='ltr'><strong>honorabile</strong></span> <span class='ocrx_word' id='word_1_650' title='bbox 1712 4287 1771 4353; x_wconf 87' lang='lat' dir='ltr'><strong>est,</strong></span> <span class='ocrx_word' id='word_1_651' title='bbox 1790 4289 1823 4342; x_wconf 92' lang='grc' dir='ltr'><strong>ει</strong></span> 
     </span>
    </p>

    <p class='ocr_par' dir='ltr' id='par_1_8' title="bbox 57 4353 1822 5108">
     <span class='ocr_line' id='line_1_50' title="bbox 96 4353 1822 4446; baseline 0.005 -30"><span class='ocrx_word' id='word_1_652' title='bbox 96 4353 240 4437; x_wconf 88' lang='lat' dir='ltr'><strong>Denique</strong></span> <span class='ocrx_word' id='word_1_653' title='bbox 253 4359 286 4422; x_wconf 91' lang='lat' dir='ltr'><strong>iu</strong></span> <span class='ocrx_word' id='word_1_654' title='bbox 299 4367 432 4425; x_wconf 82' lang='lat' dir='ltr'><strong>ennena</strong></span> <span class='ocrx_word' id='word_1_655' title='bbox 445 4365 675 4434; x_wconf 91' lang='lat' dir='ltr'><strong>concione-cum</strong></span> <span class='ocrx_word' id='word_1_656' title='bbox 686 4367 825 4440; x_wconf 84' lang='lat' dir='ltr'><strong>dixisset,</strong></span> <span class='ocrx_word' id='word_1_657' title='bbox 839 4381 916 4446; x_wconf 86' lang='lat' dir='ltr'><strong>aqua</strong></span> <span class='ocrx_word' id='word_1_658' title='bbox 939 4367 942 4372; x_wconf 74' lang='grc'>“</span> <span class='ocrx_word' id='word_1_659' title='bbox 962 4365 1023 4425; x_wconf 89' lang='lat' dir='ltr'><strong>rim</strong></span> <span class='ocrx_word' id='word_1_660' title='bbox 1038 4364 1131 4428; x_wconf 83' lang='lat' dir='ltr'><strong>habet</strong></span> <span class='ocrx_word' id='word_1_661' title='bbox 1143 4365 1291 4444; x_wconf 89' lang='lat' dir='ltr'><strong>operandi</strong></span> <span class='ocrx_word' id='word_1_662' title='bbox 1307 4367 1470 4440; x_wconf 87' lang='lat' dir='ltr'><strong>miracula,</strong></span> <span class='ocrx_word' id='word_1_663' title='bbox 1492 4383 1530 4428; x_wconf 93' lang='lat' dir='ltr'><strong>ac</strong></span> <span class='ocrx_word' id='word_1_664' title='bbox 1551 4367 1718 4428; x_wconf 91' lang='lat' dir='ltr'><strong>daemones</strong></span> <span class='ocrx_word' id='word_1_665' title='bbox 1734 4363 1822 4426; x_wconf 84' lang='grc' dir='ltr'>εοιιτ·</span> 
     </span>
     <span class='ocr_line' id='line_1_51' title="bbox 58 4440 1817 4530; baseline 0.006 -33"><span class='ocrx_word' id='word_1_666' title='bbox 58 4451 112 4513; x_wconf 89' lang='lat' dir='ltr'><strong>per</strong></span> <span class='ocrx_word' id='word_1_667' title='bbox 125 4440 255 4502; x_wconf 79' lang='lat' dir='ltr'><strong>uerbum</strong></span> <span class='ocrx_word' id='word_1_668' title='bbox 271 4445 409 4506; x_wconf 89' lang='lat' dir='ltr'><strong>mundari</strong></span> <span class='ocrx_word' id='word_1_669' title='bbox 420 4445 577 4523; x_wconf 74' lang='lat' dir='ltr'><strong>infantem,</strong></span> <span class='ocrx_word' id='word_1_670' title='bbox 590 4447 914 4530; x_wconf 78' lang='lat' dir='ltr'><strong>subjungitnuutiuuo:</strong></span> <span class='ocrx_word' id='word_1_671' title='bbox 962 4447 1066 4521; x_wconf 80' lang='lat' dir='ltr'><strong>cendi3</strong></span> <span class='ocrx_word' id='word_1_672' title='bbox 1082 4464 1141 4510; x_wconf 93' lang='lat' dir='ltr'><strong>non</strong></span> <span class='ocrx_word' id='word_1_673' title='bbox 1158 4454 1191 4509; x_wconf 90' lang='lat' dir='ltr'><strong>nt</strong></span> <span class='ocrx_word' id='word_1_674' title='bbox 1204 4455 1253 4510; x_wconf 91' lang='lat' dir='ltr'><strong>est</strong></span> <span class='ocrx_word' id='word_1_675' title='bbox 1267 4463 1317 4510; x_wconf 90' lang='lat' dir='ltr'><strong>res</strong></span> <span class='ocrx_word' id='word_1_676' title='bbox 1329 4449 1475 4512; x_wconf 86' lang='lat' dir='ltr'><strong>naturalis</strong></span> <span class='ocrx_word' id='word_1_677' title='bbox 1502 4455 1534 4510; x_wconf 91' lang='lat' dir='ltr'><strong>et</strong></span> <span class='ocrx_word' id='word_1_678' title='bbox 1556 4465 1651 4525; x_wconf 89' lang='lat' dir='ltr'><strong>sensu</strong></span> <span class='ocrx_word' id='word_1_679' title='bbox 1667 4461 1817 4525; x_wconf 86' lang='lat' dir='ltr'><strong>corporeo</strong></span> 
     </span>
     <span class='ocr_line' id='line_1_52' title="bbox 59 4517 1820 4610; baseline 0.007 -32"><span class='ocrx_word' id='word_1_680' title='bbox 59 4517 119 4581; x_wconf 89' lang='lat' dir='ltr'><strong>lloc</strong></span> <span class='ocrx_word' id='word_1_681' title='bbox 134 4527 239 4585; x_wconf 86' lang='lat' dir='ltr'><strong>toturn</strong></span> <span class='ocrx_word' id='word_1_682' title='bbox 250 4525 511 4605; x_wconf 74' lang='lat' dir='ltr'><strong>fitpmuerbmn.</strong></span> <span class='ocrx_word' id='word_1_683' title='bbox 527 4533 568 4594; x_wconf 89' lang='lat' dir='ltr'><strong>de</strong></span> <span class='ocrx_word' id='word_1_684' title='bbox 582 4547 645 4610; x_wconf 86' lang='lat' dir='ltr'><strong>quo</strong></span> <span class='ocrx_word' id='word_1_685' title='bbox 665 4531 820 4596; x_wconf 79' lang='lat' dir='ltr'><strong>Dominus</strong></span> <span class='ocrx_word' id='word_1_686' title='bbox 842 4531 911 4608; x_wconf 83' lang='lat' dir='ltr'><strong>uit‚·</strong></span> <span class='ocrx_word' id='word_1_687' title='bbox 962 4530 1189 4608; x_wconf 88' lang='lat' dir='ltr'><strong>perceptibilis,</strong></span> <span class='ocrx_word' id='word_1_688' title='bbox 1217 4531 1274 4593; x_wconf 90' lang='lat' dir='ltr'><strong>sed</strong></span> <span class='ocrx_word' id='word_1_689' title='bbox 1286 4537 1329 4602; x_wconf 78' lang='lat' dir='ltr'><strong>ut</strong></span> <span class='ocrx_word' id='word_1_690' title='bbox 1343 4537 1553 4609; x_wconf 86' lang='lat' dir='ltr'><strong>repraesentat</strong></span> <span class='ocrx_word' id='word_1_691' title='bbox 1575 4549 1638 4593; x_wconf 89' lang='lat' dir='ltr'><strong>rem</strong></span> <span class='ocrx_word' id='word_1_692' title='bbox 1661 4531 1820 4608; x_wconf 79' lang='lat' dir='ltr'><strong>divitiam)</strong></span> 
     </span>
     <span class='ocr_line' id='line_1_53' title="bbox 57 4597 1822 4695; baseline 0.007 -34"><span class='ocrx_word' id='word_1_693' title='bbox 57 4597 405 4673; x_wconf 78' lang='lat' dir='ltr'><strong>inmuosmundiestis</strong></span> <span class='ocrx_word' id='word_1_694' title='bbox 415 4619 543 4692; x_wconf 88' lang='lat' dir='ltr'><strong>propter</strong></span> <span class='ocrx_word' id='word_1_695' title='bbox 555 4603 788 4695; x_wconf 75' lang='lat' dir='ltr'><strong>umdemquod</strong></span> <span class='ocrx_word' id='word_1_696' title='bbox 799 4615 911 4693; x_wconf 81' lang='lat' dir='ltr'><strong>loquat·</strong></span> <span class='ocrx_word' id='word_1_697' title='bbox 956 4611 995 4674; x_wconf 92' lang='lat' dir='ltr'><strong>ita</strong></span> <span class='ocrx_word' id='word_1_698' title='bbox 1011 4620 1044 4673; x_wconf 92' lang='lat' dir='ltr'><strong>ut</strong></span> <span class='ocrx_word' id='word_1_699' title='bbox 1056 4629 1170 4676; x_wconf 88' lang='lat' dir='ltr'><strong>sensus</strong></span> <span class='ocrx_word' id='word_1_700' title='bbox 1186 4614 1240 4676; x_wconf 86' lang='lat' dir='ltr'><strong>sit:</strong></span> <span class='ocrx_word' id='word_1_701' title='bbox 1267 4613 1399 4676; x_wconf 74' lang='lat' dir='ltr'><strong>lendum</strong></span> <span class='ocrx_word' id='word_1_702' title='bbox 1416 4614 1741 4693; x_wconf 78' lang='lat' dir='ltr'><strong>conquinntdtur,</strong></span> <span class='ocrx_word' id='word_1_703' title='bbox 1762 4613 1822 4674; x_wconf 86' lang='lat' dir='ltr'><strong>aod</strong></span> 
     </span>
     <span class='ocr_line' id='line_1_54' title="bbox 61 4689 1822 4774; baseline 0.003 -24"><span class='ocrx_word' id='word_1_704' title='bbox 61 4689 108 4746; x_wconf 79' lang='grc' dir='ltr'>ιιιι</span> <span class='ocrx_word' id='word_1_705' title='bbox 127 4689 315 4766; x_wconf 76' lang='lat' dir='ltr'><strong>mnenon,</strong></span> <span class='ocrx_word' id='word_1_706' title='bbox 339 4709 416 4773; x_wconf 89' lang='lat' dir='ltr'><strong>qaae</strong></span> <span class='ocrx_word' id='word_1_707' title='bbox 441 4697 530 4757; x_wconf 85' lang='lat' dir='ltr'><strong>verim</strong></span> <span class='ocrx_word' id='word_1_708' title='bbox 557 4697 595 4759; x_wconf 93' lang='lat' dir='ltr'><strong>de</strong></span> <span class='ocrx_word' id='word_1_709' title='bbox 619 4698 767 4760; x_wconf 87' lang='lat' dir='ltr'><strong>counione</strong></span> <span class='ocrx_word' id='word_1_710' title='bbox 789 4696 912 4760; x_wconf 87' lang='lat' dir='ltr'><strong>Domini</strong></span> <span class='ocrx_word' id='word_1_711' title='bbox 958 4696 1204 4774; x_wconf 81' lang='lat' dir='ltr'><strong>quinareditun,</strong></span> <span class='ocrx_word' id='word_1_712' title='bbox 1226 4697 1318 4762; x_wconf 83' lang='lat' dir='ltr'><strong>idest.</strong></span> <span class='ocrx_word' id='word_1_713' title='bbox 1335 4711 1396 4758; x_wconf 92' lang='lat' dir='ltr'><strong>non</strong></span> <span class='ocrx_word' id='word_1_714' title='bbox 1411 4704 1564 4773; x_wconf 87' lang='lat' dir='ltr'><strong>quatenus</strong></span> <span class='ocrx_word' id='word_1_715' title='bbox 1585 4695 1712 4760; x_wconf 84' lang='lat' dir='ltr'><strong>nuribus</strong></span> <span class='ocrx_word' id='word_1_716' title='bbox 1726 4698 1822 4760; x_wconf 84' lang='lat' dir='ltr'><strong>senti-</strong></span> 
     </span>
     <span class='ocr_line' id='line_1_55' title="bbox 60 4771 1528 4858; baseline 0.008 -30"><span class='ocrx_word' id='word_1_717' title='bbox 60 4771 130 4828; x_wconf 86' lang='lat' dir='ltr'><strong>sanl</strong></span> <span class='ocrx_word' id='word_1_718' title='bbox 154 4771 356 4853; x_wconf 87' lang='lat' dir='ltr'><strong>intelligenda</strong></span> <span class='ocrx_word' id='word_1_719' title='bbox 372 4778 559 4842; x_wconf 88' lang='lat' dir='ltr'><strong>necessario.</strong></span> <span class='ocrx_word' id='word_1_720' title='bbox 586 4779 683 4854; x_wconf 79' lang='lat' dir='ltr'><strong>Quare</strong></span> <span class='ocrx_word' id='word_1_721' title='bbox 695 4781 742 4843; x_wconf 89' lang='lat' dir='ltr'><strong>rel</strong></span> <span class='ocrx_word' id='word_1_722' title='bbox 757 4779 849 4843; x_wconf 88' lang='lat' dir='ltr'><strong>etiam</strong></span> <span class='ocrx_word' id='word_1_723' title='bbox 862 4794 913 4844; x_wconf 89' lang='lat' dir='ltr'><strong>su·</strong></span> <span class='ocrx_word' id='word_1_724' title='bbox 958 4784 1019 4851; x_wconf 90' lang='lat' dir='ltr'><strong>tur,</strong></span> <span class='ocrx_word' id='word_1_725' title='bbox 1034 4780 1090 4840; x_wconf 92' lang='lat' dir='ltr'><strong>sed</strong></span> <span class='ocrx_word' id='word_1_726' title='bbox 1104 4787 1258 4858; x_wconf 89' lang='lat' dir='ltr'><strong>quatenns</strong></span> <span class='ocrx_word' id='word_1_727' title='bbox 1272 4779 1334 4842; x_wconf 90' lang='lat' dir='ltr'><strong>ilde</strong></span> <span class='ocrx_word' id='word_1_728' title='bbox 1350 4779 1528 4856; x_wconf 84' lang='lat' dir='ltr'><strong>percipitur.</strong></span> 
     </span>
     <span class='ocr_line' id='line_1_56' title="bbox 61 4853 1821 4944; baseline 0.01 -34"><span class='ocrx_word' id='word_1_729' title='bbox 61 4853 176 4926; x_wconf 87' lang='lat' dir='ltr'><strong>periura</strong></span> <span class='ocrx_word' id='word_1_730' title='bbox 189 4855 319 4936; x_wconf 88' lang='lat' dir='ltr'><strong>intelligi</strong></span> <span class='ocrx_word' id='word_1_731' title='bbox 333 4858 447 4920; x_wconf 86' lang='lat' dir='ltr'><strong>debent</strong></span> <span class='ocrx_word' id='word_1_732' title='bbox 461 4860 501 4922; x_wconf 91' lang='lat' dir='ltr'><strong>do</strong></span> <span class='ocrx_word' id='word_1_733' title='bbox 512 4862 680 4925; x_wconf 87' lang='lat' dir='ltr'><strong>concionati</strong></span> <span class='ocrx_word' id='word_1_734' title='bbox 692 4861 798 4935; x_wconf 83' lang='lat' dir='ltr'><strong>verbo,</strong></span> <span class='ocrx_word' id='word_1_735' title='bbox 810 4865 841 4925; x_wconf 92' lang='grc' dir='ltr'><strong>ει</strong></span> <span class='ocrx_word' id='word_1_736' title='bbox 852 4877 914 4926; x_wconf 91' lang='lat' dir='ltr'><strong>nou</strong></span> <span class='ocrx_word' id='word_1_737' title='bbox 998 4859 1077 4924; x_wconf 85' lang='lat' dir='ltr'><strong>Dsse</strong></span> <span class='ocrx_word' id='word_1_738' title='bbox 1091 4869 1192 4924; x_wconf 88' lang='lat' dir='ltr'><strong>antem</strong></span> <span class='ocrx_word' id='word_1_739' title='bbox 1207 4863 1290 4924; x_wconf 85' lang='lat' dir='ltr'><strong>trouu</strong></span> <span class='ocrx_word' id='word_1_740' title='bbox 1304 4877 1430 4925; x_wconf 87' lang='lat' dir='ltr'><strong>sensum</strong></span> <span class='ocrx_word' id='word_1_741' title='bbox 1446 4877 1550 4923; x_wconf 87' lang='lat' dir='ltr'><strong>rernm</strong></span> <span class='ocrx_word' id='word_1_742' title='bbox 1566 4859 1660 4942; x_wconf 82' lang='lat' dir='ltr'><strong>bajas</strong></span> <span class='ocrx_word' id='word_1_743' title='bbox 1676 4862 1749 4936; x_wconf 88' lang='lat' dir='ltr'><strong>loci,</strong></span> <span class='ocrx_word' id='word_1_744' title='bbox 1767 4880 1821 4944; x_wconf 92' lang='lat' dir='ltr'><strong>pa·</strong></span> 
     </span>
     <span class='ocr_line' id='line_1_57' title="bbox 62 4932 1819 5029; baseline 0.011 -36"><span class='ocrx_word' id='word_1_745' title='bbox 62 4932 331 5013; x_wconf 88' lang='lat' dir='ltr'><strong>desacramentati,</strong></span> <span class='ocrx_word' id='word_1_746' title='bbox 349 4947 381 5002; x_wconf 93' lang='lat' dir='ltr'><strong>ut</strong></span> <span class='ocrx_word' id='word_1_747' title='bbox 396 4957 453 5003; x_wconf 91' lang='lat' dir='ltr'><strong>nos</strong></span> <span class='ocrx_word' id='word_1_748' title='bbox 467 4947 559 5022; x_wconf 91' lang='lat' dir='ltr'><strong>paulo</strong></span> <span class='ocrx_word' id='word_1_749' title='bbox 572 4950 642 5008; x_wconf 86' lang='lat' dir='ltr'><strong>anta</strong></span> <span class='ocrx_word' id='word_1_750' title='bbox 656 4945 849 5018; x_wconf 64' lang='lat' dir='ltr'><strong>dicebamus</strong></span> <span class='ocrx_word' id='word_1_751' title='bbox 864 4945 921 5008; x_wconf 82' lang='lat' dir='ltr'><strong>rel</strong></span> <span class='ocrx_word' id='word_1_752' title='bbox 959 4948 1002 5003; x_wconf 85' lang='lat' dir='ltr'><strong>tet</strong></span> <span class='ocrx_word' id='word_1_753' title='bbox 1016 4945 1270 5022; x_wconf 85' lang='lat' dir='ltr'><strong>exsequentibus</strong></span> <span class='ocrx_word' id='word_1_754' title='bbox 1285 4945 1397 5006; x_wconf 76' lang='lat' dir='ltr'><strong>verbis:</strong></span> <span class='ocrx_word' id='word_1_755' title='bbox 1410 4943 1501 5021; x_wconf 88' lang='lat' dir='ltr'><strong>Num,</strong></span> <span class='ocrx_word' id='word_1_756' title='bbox 1518 4943 1627 5022; x_wconf 86' lang='lat' dir='ltr'><strong>inquit,</strong></span> <span class='ocrx_word' id='word_1_757' title='bbox 1643 4951 1677 5006; x_wconf 88' lang='grc' dir='ltr'><strong>ει</strong></span> <span class='ocrx_word' id='word_1_758' title='bbox 1689 4946 1727 5008; x_wconf 84' lang='lat' dir='ltr'><strong>in</strong></span> <span class='ocrx_word' id='word_1_759' title='bbox 1746 4949 1819 5029; x_wconf 86' lang='lat' dir='ltr'><strong>ipso</strong></span> 
     </span>
     <span class='ocr_line' id='line_1_58' title="bbox 61 5017 1816 5108; baseline 0.003 -32"><span class='ocrx_word' id='word_1_760' title='bbox 61 5017 115 5077; x_wconf 91' lang='lat' dir='ltr'><strong>erit</strong></span> <span class='ocrx_word' id='word_1_761' title='bbox 128 5017 158 5078; x_wconf 91' lang='lat' dir='ltr'><strong>in</strong></span> <span class='ocrx_word' id='word_1_762' title='bbox 174 5019 226 5082; x_wconf 83' lang='lat' dir='ltr'><strong>tais</strong></span> <span class='ocrx_word' id='word_1_763' title='bbox 238 5023 342 5084; x_wconf 82' lang='lat' dir='ltr'><strong>uerbis</strong></span> <span class='ocrx_word' id='word_1_764' title='bbox 356 5023 557 5089; x_wconf 86' lang='lat' dir='ltr'><strong>intolerabilis</strong></span> <span class='ocrx_word' id='word_1_765' title='bbox 570 5028 791 5108; x_wconf 81' lang='lat' dir='ltr'><strong>aequivocatio.</strong></span> <span class='ocrx_word' id='word_1_766' title='bbox 957 5024 1052 5088; x_wconf 83' lang='grc' dir='ltr'>εετιε</span> <span class='ocrx_word' id='word_1_767' title='bbox 1064 5027 1158 5090; x_wconf 82' lang='grc' dir='ltr'>ειιεε</span> <span class='ocrx_word' id='word_1_768' title='bbox 1171 5033 1324 5090; x_wconf 79' lang='lat' dir='ltr'><strong>antennas</strong></span> <span class='ocrx_word' id='word_1_769' title='bbox 1339 5028 1510 5100; x_wconf 74' lang='lat' dir='ltr'><strong>inominata,</strong></span> <span class='ocrx_word' id='word_1_770' title='bbox 1528 5027 1623 5090; x_wconf 86' lang='lat' dir='ltr'><strong>uliud</strong></span> <span class='ocrx_word' id='word_1_771' title='bbox 1633 5029 1735 5091; x_wconf 83' lang='lat' dir='ltr'><strong>uirtus</strong></span> <span class='ocrx_word' id='word_1_772' title='bbox 1745 5049 1816 5095; x_wconf 68' lang='lat' dir='ltr'><strong>ma.</strong></span> 
     </span>
    </p>

    <p class='ocr_par' dir='ltr' id='par_1_9' title="bbox 61 5097 1819 5771">
     <span class='ocr_line' id='line_1_59' title="bbox 99 5097 1819 5191; baseline 0.007 -33"><span class='ocrx_word' id='word_1_773' title='bbox 99 5097 293 5179; x_wconf 87' lang='lat' dir='ltr'><strong>ltespoudeo:</strong></span> <span class='ocrx_word' id='word_1_774' title='bbox 309 5104 426 5168; x_wconf 88' lang='lat' dir='ltr'><strong>Nullam</strong></span> <span class='ocrx_word' id='word_1_775' title='bbox 443 5123 513 5171; x_wconf 89' lang='lat' dir='ltr'><strong>esse</strong></span> <span class='ocrx_word' id='word_1_776' title='bbox 528 5110 560 5171; x_wconf 91' lang='lat' dir='ltr'><strong>in</strong></span> <span class='ocrx_word' id='word_1_777' title='bbox 574 5111 676 5173; x_wconf 78' lang='lat' dir='ltr'><strong>serbis</strong></span> <span class='ocrx_word' id='word_1_778' title='bbox 689 5108 848 5190; x_wconf 83' lang='lat' dir='ltr'><strong>Augustini</strong></span> <span class='ocrx_word' id='word_1_779' title='bbox 861 5123 913 5172; x_wconf 87' lang='lat' dir='ltr'><strong>ae·</strong></span> <span class='ocrx_word' id='word_1_780' title='bbox 957 5124 1053 5186; x_wconf 63' lang='lat' dir='ltr'><strong>neum·</strong></span> <span class='ocrx_word' id='word_1_781' title='bbox 1068 5110 1119 5172; x_wconf 90' lang='lat' dir='ltr'><strong>ubi</strong></span> <span class='ocrx_word' id='word_1_782' title='bbox 1137 5111 1166 5171; x_wconf 91' lang='lat' dir='ltr'><strong>id</strong></span> <span class='ocrx_word' id='word_1_783' title='bbox 1182 5116 1270 5174; x_wconf 82' lang='lat' dir='ltr'><strong>uocat</strong></span> <span class='ocrx_word' id='word_1_784' title='bbox 1282 5127 1393 5171; x_wconf 91' lang='lat' dir='ltr'><strong>sonum</strong></span> <span class='ocrx_word' id='word_1_785' title='bbox 1409 5115 1636 5180; x_wconf 88' lang='lat' dir='ltr'><strong>transeuntem,</strong></span> <span class='ocrx_word' id='word_1_786' title='bbox 1661 5113 1743 5191; x_wconf 95' lang='lat' dir='ltr'><strong>quod</strong></span> <span class='ocrx_word' id='word_1_787' title='bbox 1765 5131 1819 5179; x_wconf 82' lang='grc' dir='ltr'><strong>το.</strong></span> 
     </span>
     <span class='ocr_line' id='line_1_60' title="bbox 63 5183 1819 5272; baseline 0.012 -31"><span class='ocrx_word' id='word_1_788' title='bbox 63 5183 313 5256; x_wconf 82' lang='lat' dir='ltr'><strong>univocationem.</strong></span> <span class='ocrx_word' id='word_1_789' title='bbox 327 5187 487 5266; x_wconf 84' lang='lat' dir='ltr'><strong>Siquidem</strong></span> <span class='ocrx_word' id='word_1_790' title='bbox 501 5192 568 5270; x_wconf 88' lang='lat' dir='ltr'><strong>ipsa</strong></span> <span class='ocrx_word' id='word_1_791' title='bbox 580 5195 759 5272; x_wconf 82' lang='lat' dir='ltr'><strong>explicanda</strong></span> <span class='ocrx_word' id='word_1_792' title='bbox 767 5206 913 5270; x_wconf 87' lang='lat' dir='ltr'><strong>suseepe·</strong></span> <span class='ocrx_word' id='word_1_793' title='bbox 959 5198 1091 5259; x_wconf 82' lang='grc' dir='ltr'>εετετει.</span> <span class='ocrx_word' id='word_1_794' title='bbox 1116 5191 1250 5256; x_wconf 81' lang='lat' dir='ltr'><strong>Verbum</strong></span> <span class='ocrx_word' id='word_1_795' title='bbox 1265 5195 1337 5272; x_wconf 91' lang='lat' dir='ltr'><strong>quia</strong></span> <span class='ocrx_word' id='word_1_796' title='bbox 1351 5192 1484 5270; x_wconf 85' lang='lat' dir='ltr'><strong>dicitur3</strong></span> <span class='ocrx_word' id='word_1_797' title='bbox 1499 5193 1538 5266; x_wconf 60' lang='lat' dir='ltr'><strong>,td</strong></span> <span class='ocrx_word' id='word_1_798' title='bbox 1564 5199 1650 5256; x_wconf 84' lang='lat' dir='ltr'><strong>vocat</strong></span> <span class='ocrx_word' id='word_1_799' title='bbox 1675 5195 1819 5262; x_wconf 82' lang='lat' dir='ltr'><strong>virtutem</strong></span> 
     </span>
     <span class='ocr_line' id='line_1_61' title="bbox 63 5265 1817 5354; baseline 0.011 -30"><span class='ocrx_word' id='word_1_800' title='bbox 63 5270 103 5324; x_wconf 89' lang='lat' dir='ltr'><strong>rat</strong></span> <span class='ocrx_word' id='word_1_801' title='bbox 117 5265 167 5328; x_wconf 93' lang='lat' dir='ltr'><strong>itta</strong></span> <span class='ocrx_word' id='word_1_802' title='bbox 184 5267 274 5331; x_wconf 82' lang='lat' dir='ltr'><strong>rerba</strong></span> <span class='ocrx_word' id='word_1_803' title='bbox 289 5267 422 5345; x_wconf 88' lang='lat' dir='ltr'><strong>Domini,</strong></span> <span class='ocrx_word' id='word_1_804' title='bbox 447 5272 536 5337; x_wconf 84' lang='lat' dir='ltr'><strong>ioan.</strong></span> <span class='ocrx_word' id='word_1_805' title='bbox 564 5275 613 5338; x_wconf 82' lang='lat' dir='ltr'><strong>ts.</strong></span> <span class='ocrx_word' id='word_1_806' title='bbox 634 5275 710 5338; x_wconf 79' lang='lat' dir='ltr'><strong>inm</strong></span> <span class='ocrx_word' id='word_1_807' title='bbox 728 5274 916 5338; x_wconf 76' lang='lat' dir='ltr'><strong>normands·</strong></span> <span class='ocrx_word' id='word_1_808' title='bbox 959 5281 1146 5347; x_wconf 85' lang='lat' dir='ltr'><strong>manentem,</strong></span> <span class='ocrx_word' id='word_1_809' title='bbox 1162 5276 1244 5352; x_wconf 86' lang='lat' dir='ltr'><strong>quod</strong></span> <span class='ocrx_word' id='word_1_810' title='bbox 1260 5275 1568 5343; x_wconf 58' lang='lat' dir='ltr'><strong>comtemnendam</strong></span> <span class='ocrx_word' id='word_1_811' title='bbox 1583 5278 1653 5354; x_wconf 88' lang='lat' dir='ltr'><strong>quia</strong></span> <span class='ocrx_word' id='word_1_812' title='bbox 1668 5281 1817 5342; x_wconf 90' lang='lat' dir='ltr'><strong>creditur.</strong></span> 
     </span>
     <span class='ocr_line' id='line_1_62' title="bbox 62 5348 1819 5441; baseline 0.01 -34"><span class='ocrx_word' id='word_1_813' title='bbox 62 5348 129 5408; x_wconf 84' lang='grc' dir='ltr'>ετιιε</span> <span class='ocrx_word' id='word_1_814' title='bbox 141 5352 428 5430; x_wconf 76' lang='lat' dir='ltr'><strong>propterneroum,</strong></span> <span class='ocrx_word' id='word_1_815' title='bbox 452 5357 705 5439; x_wconf 85' lang='lat' dir='ltr'><strong>quodtnquntus</strong></span> <span class='ocrx_word' id='word_1_816' title='bbox 718 5373 791 5421; x_wconf 85' lang='lat' dir='ltr'><strong>aum</strong></span> <span class='ocrx_word' id='word_1_817' title='bbox 812 5355 912 5422; x_wconf 77' lang='lat' dir='ltr'><strong>nebia</strong></span> <span class='ocrx_word' id='word_1_818' title='bbox 998 5355 1158 5422; x_wconf 86' lang='lat' dir='ltr'><strong>Praeterea</strong></span> <span class='ocrx_word' id='word_1_819' title='bbox 1172 5355 1566 5433; x_wconf 83' lang='lat' dir='ltr'><strong>illad;Quincreditur,·rel</strong></span> <span class='ocrx_word' id='word_1_820' title='bbox 1580 5358 1819 5441; x_wconf 84' lang='lat' dir='ltr'><strong>significat,qnin</strong></span> 
     </span>
     <span class='ocr_line' id='line_1_63' title="bbox 64 5429 1814 5522; baseline 0.01 -33"><span class='ocrx_word' id='word_1_821' title='bbox 64 5429 132 5490; x_wconf 90' lang='lat' dir='ltr'><strong>Dum</strong></span> <span class='ocrx_word' id='word_1_822' title='bbox 147 5439 249 5495; x_wconf 88' lang='lat' dir='ltr'><strong>autem</strong></span> <span class='ocrx_word' id='word_1_823' title='bbox 263 5434 315 5498; x_wconf 91' lang='lat' dir='ltr'><strong>illa</strong></span> <span class='ocrx_word' id='word_1_824' title='bbox 340 5437 430 5500; x_wconf 83' lang='lat' dir='ltr'><strong>rerba</strong></span> <span class='ocrx_word' id='word_1_825' title='bbox 444 5437 640 5517; x_wconf 79' lang='lat' dir='ltr'><strong>explicaret,</strong></span> <span class='ocrx_word' id='word_1_826' title='bbox 667 5441 827 5522; x_wconf 91' lang='lat' dir='ltr'><strong>proposuit</strong></span> <span class='ocrx_word' id='word_1_827' title='bbox 851 5439 912 5504; x_wconf 87' lang='lat' dir='ltr'><strong>sibi</strong></span> <span class='ocrx_word' id='word_1_828' title='bbox 960 5439 1235 5513; x_wconf 84' lang='lat' dir='ltr'><strong>credituraetu,net</strong></span> <span class='ocrx_word' id='word_1_829' title='bbox 1248 5441 1318 5516; x_wconf 93' lang='lat' dir='ltr'><strong>quia</strong></span> <span class='ocrx_word' id='word_1_830' title='bbox 1329 5439 1668 5519; x_wconf 85' lang='lat' dir='ltr'><strong>eslobjeotumlldet,et</strong></span> <span class='ocrx_word' id='word_1_831' title='bbox 1683 5444 1814 5520; x_wconf 88' lang='lat' dir='ltr'><strong>proinde</strong></span> 
     </span>
     <span class='ocr_line' id='line_1_64' title="bbox 63 5510 1812 5606; baseline 0.01 -36"><span class='ocrx_word' id='word_1_832' title='bbox 63 5510 115 5588; x_wconf 89' lang='lat' dir='ltr'><strong>ipsi</strong></span> <span class='ocrx_word' id='word_1_833' title='bbox 129 5517 360 5596; x_wconf 66' lang='lat' dir='ltr'><strong>quaestionem</strong></span> <span class='ocrx_word' id='word_1_834' title='bbox 376 5536 431 5584; x_wconf 87' lang='lat' dir='ltr'><strong>cur</strong></span> <span class='ocrx_word' id='word_1_835' title='bbox 445 5537 506 5585; x_wconf 90' lang='lat' dir='ltr'><strong>non</strong></span> <span class='ocrx_word' id='word_1_836' title='bbox 520 5523 631 5587; x_wconf 84' lang='lat' dir='ltr'><strong>dixerit</strong></span> <span class='ocrx_word' id='word_1_837' title='bbox 646 5526 746 5603; x_wconf 83' lang='lat' dir='ltr'><strong>potins</strong></span> <span class='ocrx_word' id='word_1_838' title='bbox 760 5523 925 5600; x_wconf 59' lang='lat' dir='ltr'><strong>caristus,</strong></span> <span class='ocrx_word' id='word_1_839' title='bbox 957 5537 1007 5583; x_wconf 90' lang='lat' dir='ltr'><strong>res</strong></span> <span class='ocrx_word' id='word_1_840' title='bbox 1022 5520 1084 5584; x_wconf 90' lang='lat' dir='ltr'><strong>lide</strong></span> <span class='ocrx_word' id='word_1_841' title='bbox 1098 5522 1384 5606; x_wconf 72' lang='lat' dir='ltr'><strong>perceptibilisanon</strong></span> <span class='ocrx_word' id='word_1_842' title='bbox 1396 5530 1496 5586; x_wconf 91' lang='lat' dir='ltr'><strong>autem</strong></span> <span class='ocrx_word' id='word_1_843' title='bbox 1511 5531 1612 5603; x_wconf 92' lang='lat' dir='ltr'><strong>potest</strong></span> <span class='ocrx_word' id='word_1_844' title='bbox 1626 5525 1812 5606; x_wconf 80' lang='lat' dir='ltr'><strong>significare,</strong></span> 
     </span>
     <span class='ocr_line' id='line_1_65' title="bbox 61 5593 1816 5686; baseline 0.01 -33"><span class='ocrx_word' id='word_1_845' title='bbox 61 5593 118 5658; x_wconf 87' lang='lat' dir='ltr'><strong>tarn</strong></span> <span class='ocrx_word' id='word_1_846' title='bbox 133 5613 186 5660; x_wconf 86' lang='lat' dir='ltr'><strong>ros</strong></span> <span class='ocrx_word' id='word_1_847' title='bbox 201 5601 308 5663; x_wconf 88' lang='lat' dir='ltr'><strong>mundi</strong></span> <span class='ocrx_word' id='word_1_848' title='bbox 319 5602 396 5666; x_wconf 84' lang='lat' dir='ltr'><strong>estis</strong></span> <span class='ocrx_word' id='word_1_849' title='bbox 409 5611 534 5683; x_wconf 94' lang='lat' dir='ltr'><strong>propter</strong></span> <span class='ocrx_word' id='word_1_850' title='bbox 545 5607 745 5686; x_wconf 87' lang='lat' dir='ltr'><strong>Baptismum,</strong></span> <span class='ocrx_word' id='word_1_851' title='bbox 771 5623 832 5686; x_wconf 90' lang='lat' dir='ltr'><strong>quo</strong></span> <span class='ocrx_word' id='word_1_852' title='bbox 857 5607 910 5669; x_wconf 93' lang='lat' dir='ltr'><strong>loti</strong></span> <span class='ocrx_word' id='word_1_853' title='bbox 956 5605 1027 5682; x_wconf 91' lang='lat' dir='ltr'><strong>qnia</strong></span> <span class='ocrx_word' id='word_1_854' title='bbox 1042 5605 1177 5668; x_wconf 88' lang='lat' dir='ltr'><strong>creditur</strong></span> <span class='ocrx_word' id='word_1_855' title='bbox 1190 5613 1273 5684; x_wconf 79' lang='lat' dir='ltr'><strong>actm</strong></span> <span class='ocrx_word' id='word_1_856' title='bbox 1287 5606 1372 5669; x_wconf 90' lang='lat' dir='ltr'><strong>nulla</strong></span> <span class='ocrx_word' id='word_1_857' title='bbox 1392 5605 1474 5669; x_wconf 93' lang='lat' dir='ltr'><strong>enim</strong></span> <span class='ocrx_word' id='word_1_858' title='bbox 1490 5607 1618 5670; x_wconf 90' lang='lat' dir='ltr'><strong>actualis</strong></span> <span class='ocrx_word' id='word_1_859' title='bbox 1630 5607 1709 5670; x_wconf 88' lang='lat' dir='ltr'><strong>tides</strong></span> <span class='ocrx_word' id='word_1_860' title='bbox 1723 5614 1771 5670; x_wconf 89' lang='lat' dir='ltr'><strong>est</strong></span> <span class='ocrx_word' id='word_1_861' title='bbox 1785 5609 1816 5670; x_wconf 91' lang='lat' dir='ltr'><strong>in</strong></span> 
     </span>
     <span class='ocr_line' id='line_1_66' title="bbox 61 5679 1817 5771; baseline 0.007 -31"><span class='ocrx_word' id='word_1_862' title='bbox 61 5681 138 5746; x_wconf 86' lang='lat' dir='ltr'><strong>estis.</strong></span> <span class='ocrx_word' id='word_1_863' title='bbox 163 5679 236 5746; x_wconf 82' lang='lat' dir='ltr'><strong>llam</strong></span> <span class='ocrx_word' id='word_1_864' title='bbox 266 5685 384 5750; x_wconf 86' lang='lat' dir='ltr'><strong>etiamsi</strong></span> <span class='ocrx_word' id='word_1_865' title='bbox 413 5688 536 5752; x_wconf 82' lang='lat' dir='ltr'><strong>terbum</strong></span> <span class='ocrx_word' id='word_1_866' title='bbox 562 5689 683 5756; x_wconf 86' lang='lat' dir='ltr'><strong>Domini</strong></span> <span class='ocrx_word' id='word_1_867' title='bbox 703 5690 909 5770; x_wconf 84' lang='lat' dir='ltr'><strong>praedicatum</strong></span> <span class='ocrx_word' id='word_1_868' title='bbox 957 5689 1058 5769; x_wconf 83' lang='lat' dir='ltr'><strong>rigore</strong></span> <span class='ocrx_word' id='word_1_869' title='bbox 1074 5688 1510 5771; x_wconf 87' lang='lat' dir='ltr'><strong>neeessariaadltnptismum.</strong></span> <span class='ocrx_word' id='word_1_870' title='bbox 1527 5690 1598 5754; x_wconf 80' lang='lat' dir='ltr'><strong>dnm</strong></span> <span class='ocrx_word' id='word_1_871' title='bbox 1612 5707 1672 5755; x_wconf 91' lang='lat' dir='ltr'><strong>uon</strong></span> <span class='ocrx_word' id='word_1_872' title='bbox 1688 5690 1817 5754; x_wconf 86' lang='lat' dir='ltr'><strong>renutri-</strong></span> 
     </span>
    </p>
   </div>
   <div class='ocr_carea' id='block_1_4' title="bbox 0 0 2053 6275">
    <p class='ocr_par' dir='ltr' id='par_1_10' title="bbox 0 0 2053 6275">
     <span class='ocr_line' id='line_1_67' title="bbox 0 0 2053 6275; baseline 0 0"><span class='ocrx_word' id='word_1_873' title='bbox 0 0 2053 6275; x_wconf 95' lang='lat' dir='ltr'><strong> </strong></span> 
     </span>
    </p>
   </div>
  </div>
 </body>
</html>
