4084 6275
272 293 323 351 tut
1001 289 1047 348 lte
1066 289 1166 347 nisse

198 425 259 506 cipi
282 429 340 488 boc
354 411 424 487 loco
438 435 587 500 praesens
602 436 657 498 prc
672 417 836 496 inlurolris
850 423 1050 500 argumentis.
1137 423 1203 484 llon
1216 421 1305 499 igilur
1318 419 1456 499 probavit
1468 417 1641 484 llemnitins
1655 417 1736 496 qued
1753 413 1886 478 volebat:
1898 431 1962 478 nos

198 509 383 586 Primo,nuia
400 507 430 566 in
446 521 563 566 canone
579 506 691 566 missae
702 504 1051 585 legimusrldffuredelur.
1098 521 1169 566 rere
1185 511 1288 566 contra
1303 504 1483 581 probamus,
1499 504 1548 564 illa
1566 501 1669 563 rerba:
1684 503 1787 564 datur
1804 505 1835 560 ot
1845 497 1962 574 [endi-

199 591 425 668 scortationum
439 589 464 650 si
481 587 547 664 ipsa
560 586 679 650 actione
695 589 942 668 missaesangnis
958 586 1054 650 cilun-
1099 591 1162 656 tur,
1176 588 1291 648 debere
1303 586 1409 649 reterri
1423 585 1460 647 ad
1476 586 1627 648 actionem
1637 600 1764 652 coenae,
1778 587 1809 641 el
1824 581 1855 642 in
1870 599 1965 658 prae·

198 677 333 741 deretur,
352 688 411 732 non
427 676 511 732 esset
527 670 619 732 missa
648 671 840 752 incruentum
855 669 1051 733 sacrificium.
1099 672 1177 732 senti
1194 669 1373 745 accipienda
1389 683 1471 730 esse.
1487 667 1600 737 Primo,
1616 667 1687 744 quia
1700 667 1730 727 id
1747 665 1875 742 requirit
1886 681 1962 742 pro·

197 755 310 831 Tertio,
328 755 481 829 Scriptura
500 754 588 826 tradit
603 751 713 814 Christi
743 753 923 832 sanguinem
952 754 1054 815 lusum
1099 752 1164 830 pria
1177 760 1208 813 ιι
1221 752 1352 830 simplex
1364 751 1504 830 ejusluci
1520 748 1684 813 sententia.
1863 816 1866 820 ¹

197 839 314 902 esseio
330 852 434 899 cruce.
448 835 570 910 Quarto,
584 834 615 895 in
629 835 783 915 Scriptura
798 851 892 912 saepe
907 838 1055 916 accipitur
1134 834 1294 902 Secundo,
1311 834 1381 911 qnia
1395 835 1508 896 Paulus
1523 835 1552 895 l.
1568 827 1851 894 dorinlbdldixit:
1868 825 1966 904 Quod

198 935 358 996 praesens,
373 918 422 980 rel
438 917 529 979 eliam
544 919 739 993 praeteritam
754 933 811 997 pro
838 919 949 988 laturo,
968 925 1000 980 ul
1023 921 1063 981 in⁴
1096 933 1157 995 pro
1171 918 1258 979 cobis
1272 918 1451 996 frangitur,
1474 915 1573 994 frangi
1599 921 1699 976 aulem
1729 929 1790 974 non
1816 913 1967 975 convenit

196 1005 258 1066 rllis
274 1003 387 1064 uerbis:
405 1002 470 1080 ligo
489 1001 739 1079 peccatricium
750 1017 868 1064 mecm.
895 1000 980 1064 Puer
993 1019 1052 1066 rra·
1100 999 1209 1062 Christi
1222 1001 1355 1078 corpori,
1373 1000 1431 1060 nisi
1446 1000 1477 1060 in
1492 999 1599 1077 specie
1615 995 1822 1076 panis.Quare
1837 993 1963 1055 sloan·

196 1092 249 1147 tus
268 1091 312 1146 est
321 1084 425 1146 uobis.
441 1082 550 1163 dgnus
562 1083 684 1145 occisus
700 1091 744 1146 cst
765 1083 805 1144 cb
821 1084 946 1162 arigim
958 1101 1055 1148 naua·
1100 1084 1394 1162 nesctnysosmmas
1410 1079 1605 1144 bomiltlin
1623 1078 1756 1158 priorem
1768 1077 1805 1138 ad
1821 1075 1963 1138 dorinlla

196 1169 244 1230 di.
260 1167 351 1228 Addit
366 1166 456 1229 etiarn
472 1165 735 1244 uurntmqmdsr
751 1167 807 1227 isla
831 1167 933 1240 rerba,
965 1165 1056 1242 Quod
1099 1165 1207 1226 scribit
1228 1165 1425 1227 cbristumin
1451 1168 1642 1227 sacramento
1668 1162 1728 1239 pali
1753 1159 1962 1223 tractionem,

193 1265 255 1328 pro
268 1247 356 1312 uubis
377 1251 496 1320 datur,
520 1257 625 1311 essent
636 1248 846 1310 substantialia
859 1250 948 1311 rerba
961 1249 1054 1314 sacri·
1099 1265 1189 1325 quam
1204 1250 1234 1308 in
1251 1265 1342 1310 cruce
1358 1248 1417 1325 pali
1434 1248 1542 1310 noluit.
1565 1247 1606 1307 «ιιι
1621 1244 1761 1319 anamais
1791 1248 1966 1320 utcumque

194 1331 256 1394 licii
274 1333 388 1395 missae
404 1377 412 1406 ,
427 1347 570 1408 magnum
588 1334 690 1392 scelus
706 1331 929 1410 impingeretur
943 1333 1054 1395 canoni
1099 1333 1195 1406 possit
1211 1331 1317 1392 tractio
1332 1332 1422 1392 eliam
1439 1331 1474 1390 ad
1492 1328 1669 1408 passionem
1685 1324 1798 1388 Christi
1829 1325 1860 1384 in
1892 1341 1965 1400 pro·

197 1415 321 1483 missae,
335 1416 416 1488 aliod
433 1415 483 1475 illa
498 1415 588 1475 rerba
606 1414 855 1491 praetermiserit.
1099 1414 1162 1490 pria
1176 1414 1280 1492 specie
1296 1412 1543 1482 accommodari,
1570 1416 1696 1489 propter
1721 1407 1966 1470 contractionem

237 1495 297 1559 Sed
314 1496 529 1558 istallemnitii
546 1504 721 1576 argumenta
752 1512 857 1574 parurn
880 1495 991 1558 valent.
1008 1497 1053 1559 ild
1098 1497 1189 1566 cutis,
1207 1504 1236 1560 et
1251 1511 1414 1568 nervorum
1439 1512 1475 1559 ac
1490 1509 1633 1555 venarum
1652 1498 1712 1554 ele.
1728 1498 1831 1552 tamen
1847 1491 1967 1550 vixdu-

199 1581 344 1658 primnm,
363 1596 421 1640 non
439 1580 538 1640 solum
555 1595 652 1641 canon
669 1579 793 1651 missae,
811 1579 865 1638 sed
882 1581 973 1640 etiam
990 1581 1054 1642 rui·
1099 1578 1183 1640 binm
1200 1594 1269 1641 esse
1287 1586 1411 1656 polest,
1443 1577 1515 1655 quin
1546 1577 1711 1655 Apostolus
1738 1573 1912 1650 respexerit
1926 1575 1966 1633 ad

198 1668 264 1740 gala
282 1663 375 1722 editio
388 1661 562 1738 Scripturac
578 1662 676 1724 Lucae
691 1662 743 1722 22.
761 1668 792 1722 ιι
806 1660 975 1740 cyprianus
998 1663 1052 1724 lib.
1099 1663 1222 1738 speeies
1239 1663 1337 1740 panis,
1354 1679 1424 1722 curn
1437 1662 1488 1732 all,
1504 1659 1682 1736 [compitum
1705 1656 1863 1732 Scriptura
1878 1657 1967 1715 enim

195 1743 225 1804 2.
240 1747 330 1822 epist.
347 1743 376 1806 tl.
394 1746 499 1822 legunt
514 1744 544 1804 in
561 1745 672 1806 iuterna
689 1741 890 1819 Ειιιιιιιιιιιιι.
904 1744 965 1808 Sed
978 1743 1054 1807 istae
1099 1746 1223 1822 proprie
1236 1743 1278 1805 nli
1291 1745 1437 1806 solelbac
1451 1759 1525 1804 rece
1539 1759 1609 1804 curn
1623 1739 1756 1818 loquitur
1767 1739 1806 1798 de
1819 1744 1966 1816 pauent:

196 1827 346 1887 lectiones
363 1843 422 1887 non
437 1834 573 1905 pugnant
585 1827 665 1888 inter
680 1843 725 1898 se,
743 1828 836 1888 immo
851 1844 910 1888 una
936 1828 1057 1888 inducit
1099 1824 1229 1904 Frange
1251 1827 1405 1890 esurienti
1418 1841 1539 1903 portem
1553 1832 1656 1886 tuum.
1673 1821 1770 1883 isaiae
1785 1818 1835 1880 58.
1863 1817 1968 1880 Pacis

98 1963 100 1966 .
197 1907 635 1986 alteram3namexeo,qnod
659 1909 807 1970 Dominus
836 1909 867 1969 in
898 1911 1053 1987 praesenti
1099 1901 1887 1989 qucmsrengimus,l.Corintb.lll.Fronpebccl
1903 1904 1966 1964 cir·

197 1990 282 2065 dixit,
297 1990 461 2067 [uradilum
486 1991 577 2054 idest.
595 1991 719 2056 oliarlur
747 2009 782 2052 nc
809 1991 922 2054 libatur
944 1991 1006 2054 lieu
1022 1993 1055 2054 in
1100 2008 1139 2052 cu
1155 1993 1266 2053 dumos
1278 2009 1411 2070 punem.
1428 1991 1528 2053 Actor.
1546 1991 1578 2052 2.
1601 1988 1663 2050 Nec
1680 1994 1780 2048 tamen
1797 2000 1970 2062 possumus

196 2075 509 2150 repraesentationem
524 2073 683 2137 ellusionis
698 2075 816 2136 laturae
831 2074 862 2134 in
879 2091 981 2147 cruce,
1005 2090 1055 2136 se·
1100 2075 1140 2135 de
1162 2075 1228 2135 solo
1245 2090 1323 2152 pane
1335 2074 1508 2151 inlelligere
1520 2073 1570 2133 illa
1588 2071 1692 2132 rerba:
1708 2070 1772 2130 llcc
1788 2070 1969 2144 calcemus

195 2157 300 2231 quitor
320 2153 503 2219 effusionem
520 2159 552 2219 in
567 2174 659 2221 eruce
677 2158 774 2220 luisse
797 2156 927 2218 laturam
946 2175 954 2229 ;
970 2163 1001 2219 ιι
1016 2157 1058 2220 si·
1100 2172 1219 2223 meum,
1236 2158 1324 2237 quod
1336 2174 1396 2236 pro
1409 2154 1683 2237 nobisirougilpm
1699 2169 1760 2213 nnn
1776 2151 1857 2212 enim
1875 2150 1968 2227 panis

194 2237 258 2298 mul
275 2237 364 2298 eliam
380 2239 682 2318 sequitur,deitreeps
697 2255 796 2318 usque
811 2241 847 2300 ad
862 2240 966 2301 mundi
983 2257 1055 2301 con·
1099 2255 1156 2320 pro
1172 2241 1261 2301 nobis
1274 2240 1431 2320 inungitur,
1447 2238 1502 2302 sed
1519 2237 1620 2300 nobis.
1643 2235 1771 2311 Oportet
1797 2232 1891 2310 igitur
1918 2235 1967 2291 in-

197 2323 432 2384 summaliouem
444 2322 633 2385 tundendum
646 2320 1055 2400 sanguinemilbristiidest,
1100 2323 1241 2398 telligere
1256 2322 1348 2387 rerba
1364 2323 1415 2383 illa
1430 2320 1469 2382 de
1482 2335 1552 2381 vcro
1574 2334 1715 2394 corpure,
1739 2315 1793 2379 sed
1809 2314 1869 2376 sub
1885 2330 1965 2390 spe-

198 2399 390 2464 offerendum
405 2411 435 2466 et
447 2404 607 2466 libandum
623 2405 686 2466 lleo
702 2406 732 2464 in
750 2403 901 2466 sacrificio
918 2405 1054 2475 missae,
1101 2405 1149 2467 cie
1165 2405 1266 2481 panis,
1283 2413 1315 2466 ιιι
1327 2420 1439 2466 sensus
1454 2403 1506 2480 sit;
1524 2402 1588 2463 lloc
1617 2408 1665 2462 ιιι
1689 2414 1802 2476 corpus
1831 2413 1936 2458 meum
1955 2442 1964 2468 ,
2032 2426 2033 2471 ι

197 2485 277 2560 quod
295 2485 436 2548 omnibus
452 2487 606 2548 veteribus
632 2485 791 2548 sacrificiis
820 2487 983 2550 suecessit.
999 2486 1056 2548 lla·
1102 2491 1183 2566 quud
1200 2505 1282 2548 nuuc
1297 2505 1351 2564 pro
1366 2487 1452 2550 robis
1468 2486 1497 2548 in
1512 2486 1617 2562 specie
1633 2485 1720 2562 panis
1737 2479 1902 2560 frangitur,
1920 2481 1968 2539 id·
2032 2536 2033 2539 ,

197 2581 257 2638 cue
272 2583 380 2630 omnes
401 2575 473 2630 sunt
492 2585 584 2631 aerae
599 2569 773 2641 lectiones,
804 2571 868 2630 sire
890 2569 1055 2644 dicamus,
1100 2577 1158 2632 est.
1172 2571 1259 2632 datur
1274 2578 1305 2632 et
1317 2570 1490 2632 immolator
1510 2568 1584 2630 ileo.
1838 2569 1842 2574 ’

194 2645 533 2720 Funditur,ldesl.nunc
545 2653 574 2715 in
591 2651 764 2724 coena,sire
780 2649 948 2724 Fundetur,
964 2651 1056 2725 idest,
1145 2651 1259 2726 Tertio,
1272 2653 1343 2729 quia
1358 2651 1458 2714 Lucas
1473 2669 1543 2728 cap.
1559 2649 1611 2715 22.
1628 2665 1698 2710 cum
1713 2646 1764 2706 ait:
1777 2645 1835 2707 Hic
1850 2648 1897 2706 cst
1911 2660 1966 2703 cc-

195 2734 226 2791 in
243 2734 415 2805 crncc,sire
431 2730 845 2812 Fundetur‚idcst‚dcinceps
860 2734 890 2794 in
904 2733 1057 2797 sacrillcio
1102 2734 1152 2797 lic
1164 2750 1285 2797 acuum
1302 2734 1535 2797 testamcutum
1558 2733 1597 2794 ιιι
1616 2731 1780 2808 sanguine
1801 2743 1882 2821 mco,
1907 2727 1968 2819 qui

198 2829 254 2888 per
269 2813 436 2877 Ecclesiam
450 2817 685 2895 frequentando.
703 2816 761 2877 Sed
786 2816 868 2877 nulla
881 2816 986 2896 negari
1003 2817 1062 2878 de·
1099 2833 1160 2896 pro
1174 2816 1263 2881 celric
1276 2817 1438 2895 Γιιιιιιιιιιι,Ι
1451 2817 1539 2885 illud,
1550 2815 1713 2893 funditur,
1731 2829 1791 2875 non
1807 2817 1969 2887 conponant

196 2896 482 2974 bel,etpraesertim
494 2900 674 2976 primarum
687 2898 1058 2974 cvangelismeetlaulus
1102 2917 1172 2962 cum
1189 2916 1274 2968 rece,
1302 2901 1477 2979 sauguine,
1494 2898 1548 2961 sed
1565 2915 1635 2959 cum
1658 2912 1743 2965 roce,
1760 2893 1862 2963 colim,
1880 2896 1913 2952 ut
1929 2906 1967 2952 ex

196 2979 377 3055 scripserint
387 2980 422 3040 in
439 2980 605 3058 praesenti,
622 2982 733 3054 detur,
747 2977 937 3060 effuudilum
953 2986 984 3042 ιι
995 2997 1057 3044 non
1102 2998 1212 3054 graeco
1226 2987 1307 3044 textu
1321 2981 1513 3062 apparet‚ubi
1529 2977 1768 3042 haberanlmao
1781 2972 1968 3068 ιὸιιιτήριιν

198 3068 338 3136 oporteat
352 3077 463 3141 negare
473 3063 629 3141 proprium
643 3069 672 3126 ιι
684 3064 857 3143 simplicem
869 3063 975 3128 literae
987 3081 1057 3127 sen·
1101 3061 1311 3147 ἐκχυνόμινον.
1327 3066 1363 3127 tr
1377 3072 1461 3128 certe
1489 3065 1515 3127 si
1537 3063 1636 3126 Lucas
1661 3062 1765 3122 dicere
1793 3059 1968 3126 noluisset.

196 3160 265 3203 sum
283 3144 350 3205 sine
367 3145 582 3225 urgentissima
599 3146 728 3207 ratione.
1103 3150 1284 3226 sanguinem
1301 3148 1490 3213 laedendum
1506 3148 1537 3208 in
1554 3162 1646 3209 cruce
1669 3142 1877 3206 tantummodo
1893 3185 1902 3211 ,
1921 3141 1970 3217 di·

236 3223 277 3286 ld
293 3226 484 3295 Secundum,
508 3244 568 3289 non
585 3227 752 3291 ollandilur
772 3227 803 3290 in
819 3244 916 3291 coena
931 3231 1059 3309 sangnis
1102 3230 1209 3293 risset:
1225 3231 1281 3295 llic
1295 3243 1343 3295 est
1357 3232 1435 3294 calix
1451 3246 1562 3293 norum
1577 3230 1806 3292 Testamentum
1835 3225 1867 3287 iri
1893 3239 1969 3283 san-

198 3308 226 3367 in
243 3310 365 3386 propria
382 3312 501 3387 specie3
517 3312 572 3372 sed
590 3311 620 3371 in
637 3310 742 3387 specie
764 3312 836 3373 uini:
850 3312 961 3373 dicitur
976 3313 1065 3375 enim
1102 3316 1195 3393 guiee
1212 3331 1291 3388 meo,
1308 3315 1361 3393 qui
1377 3315 1522 3376 nimirem
1538 3312 1676 3391 sangnis,
1706 3309 1854 3371 luodilur:
1880 3321 1968 3367 nune

195 3391 321 3467 sanguis
334 3392 362 3452 in
381 3408 476 3453 coena
502 3393 587 3454 tundi
603 3440 611 3465 ,
637 3394 709 3455 dum
727 3394 757 3455 in
773 3395 880 3471 specie
895 3394 1009 3473 liquida
1026 3398 1057 3459 in
1103 3406 1205 3459 autem
1221 3399 1306 3459 dixit:
1319 3398 1376 3460 llic
1391 3404 1438 3470 est
1452 3396 1542 3469 calix,
1558 3398 1609 3472 uui
1625 3392 1773 3456 tunditur.
1795 3392 1903 3469 ltaque
1921 3387 1969 3447 in·

196 3471 292 3532 calice
308 3475 456 3535 collectus
472 3473 598 3537 cllertur
613 3476 689 3549 Deo,
712 3492 748 3537 ac
764 3476 876 3539 deinde
902 3476 932 3539 in
948 3479 1057 3541 eadem
1103 3478 1213 3542 dicarit
1227 3481 1407 3559 sanguinem
1423 3479 1564 3555 iundi,nt
1578 3485 1642 3540 erat
1657 3478 1689 3538 iu
1704 3475 1846 3550 calice,et
1863 3486 1972 3550 prorn-

195 3553 298 3632 spccie
309 3556 444 3618 tunditur
460 3557 490 3619 in
506 3574 557 3619 ora
569 3560 767 3621 sumentium.
785 3560 845 3623 Sed
858 3561 934 3623 baec
948 3559 1059 3627 allusio
1103 3562 1143 3625 de
1158 3564 1243 3625 tandi
1259 3565 1289 3624 in
1305 3578 1413 3625 coena.

197 3652 259 3697 non
279 3637 350 3699 iacit
364 3638 550 3701 sacrillcium
564 3647 735 3715 cruentum,
759 3658 828 3704 cum
851 3645 977 3723 sanguis
999 3645 1058 3707 rei·
1143 3646 1319 3709 Secundum
1333 3648 1544 3723 argumentum
1568 3641 1738 3720 principale
1764 3637 1802 3700 ad
1833 3636 1969 3718 proban·

196 3734 251 3796 psa
269 3718 308 3780 de
322 3736 451 3799 corpore
467 3738 527 3783 nen
543 3724 729 3801 egrediatur.
1103 3728 1173 3789 dam
1188 3729 1430 3807 propositionem
1445 3725 1664 3803 supradictam,
1679 3722 1761 3802 quod
1780 3721 1921 3784 cbristus
1940 3718 1972 3781 in

238 3800 283 3862 td
306 3802 454 3877 Tertium,
472 3805 627 3884 Scriptura
640 3806 800 3869 verissime
830 3806 919 3868 tradit
944 3806 1064 3871 Christi*
1101 3826 1197 3873 coena
1214 3826 1249 3872 se
1264 3810 1408 3872 obtulerit
1422 3811 1452 3871 in
1468 3808 1665 3881 sacrificinm,
1681 3806 1811 3869 sumitur
1832 3820 1872 3865 ex
1892 3820 1971 3867 rera

200 3884 382 3961 sanguinem
399 3886 499 3949 iusum
516 3903 588 3950 esse
604 3890 633 3949 in
649 3890 812 3953 cruce,sed
829 3906 890 3952 non
907 3898 996 3968 negat
1011 3892 1057 3952 in·
1100 3896 1272 3971 praesentia
1288 3893 1425 3971 corporis
1450 3898 1481 3953 ιι
1495 3892 1655 3969 sanguinis
1666 3888 1777 3952 curisti
1789 3888 1820 3949 in
1836 3902 1936 3949 coena
1957 3932 1966 3959 ,

196 3980 265 4059 snm
293 3968 383 4029 eliam
412 3968 508 4031 luisse
539 3968 569 4031 in
603 3986 724 4042 coena,
755 3972 848 4034 immo
869 3972 899 4033 id
928 3973 1056 4052 apertis·
1101 3975 1371 4051 quambutlrerani
1399 3974 1574 4036 concedunt
1594 3979 1625 4034 ιι
1640 3972 1822 4035 Calrinistae
1846 3985 1964 4033 conce·

199 4063 276 4108 elme
292 4050 407 4126 ducet,
425 4068 526 4131 neque
541 4055 623 4129 ista,
654 4060 687 4116 ut
701 4054 844 4121 diximus,
861 4056 940 4116 inter
954 4070 988 4117 se
1001 4072 1056 4133 pu·
1100 4059 1220 4129 cierent,
1244 4057 1304 4119 nist
1333 4074 1402 4119 curn
1422 4055 1625 4135 apertissimis
1654 4054 1829 4131 Scripturae
1857 4053 1967 4114 uerbis

199 4137 304 4205 auant.
711 4208 712 4211 Ἴ
1100 4157 1237 4219 pugnare
1251 4140 1377 4201 vellent.
1393 4140 1464 4201 llam
1480 4137 1593 4202 Christi
1607 4154 1719 4216 corpus
1734 4142 1765 4197 et
1789 4134 1916 4214 sanguis
1935 4138 1968 4196 in

236 4212 280 4274 dd
304 4214 460 4285 Quartum,
476 4215 573 4280 laleer
594 4220 626 4280 in
655 4218 811 4294 Scriptura
837 4235 931 4297 saepe
957 4220 1056 4299 accipi
1101 4240 1197 4285 coena
1220 4229 1393 4292 sumuntur,
1411 4228 1444 4284 ut
1457 4237 1527 4284 caro
1542 4227 1573 4283 el
1593 4222 1721 4299 sanguis
1746 4220 1886 4281 victimae
1903 4234 1964 4295 pro

198 4310 358 4371 praesens,
373 4305 424 4359 aul
447 4300 641 4376 praeteritum
654 4318 709 4379 pro
723 4302 836 4364 luluro:
860 4303 915 4363 sed
931 4304 1057 4382 saepius
1102 4306 1192 4367 nobis
1209 4306 1340 4381 oblatae,
1357 4320 1431 4384 ergo
1443 4304 1618 4367 necessario
1635 4306 1664 4364 in
1681 4304 1747 4381 ipsa
1762 4316 1857 4363 coena
1874 4303 1965 4377 prius

198 4393 345 4463 praesens
358 4397 412 4459 pro
429 4388 595 4457 praesenti,
613 4400 703 4459 quam
720 4400 773 4463 pro
786 4384 887 4447 tuturo
902 4386 1057 4465 accipien·
1102 4388 1296 4451 immolantur
1311 4396 1341 4451 ct
1354 4384 1524 4450 ouercam
1549 4386 1624 4456 beo,
1652 4400 1742 4464 quam
1767 4382 1892 4445 anobis
1910 4399 1965 4444 su·

197 4464 269 4519 alum
285 4478 387 4535 nemo,
404 4463 508 4537 eredo,
526 4464 722 4527 inficiabitur.
751 4467 942 4529 Probandum
965 4471 1058 4549 igitur
1102 4479 1232 4533 meatur.
1597 4483 1600 4491 '

197 4548 280 4602 esset
296 4542 520 4609 llcmnitioboc
534 4547 705 4623 lc.co‚illud:
722 4546 825 4612 Datur
837 4557 866 4611 ιι
877 4548 1058 4630 effunditur
1142 4553 1227 4615 Sarni
1254 4560 1356 4615 aulem
1378 4550 1488 4616 christi
1510 4566 1623 4629 corpus
1652 4555 1683 4611 el
1707 4547 1901 4627 sangninem,
1931 4555 1965 4608 ut

197 4624 295 4703 accipi
314 4643 368 4701 pro
390 4624 506 4702 tuturo,
535 4646 596 4691 non
613 4648 667 4709 pru
684 4632 850 4709 praesenti:
878 4642 910 4695 ut
936 4636 1058 4696 interim
1101 4637 1362 4714 participationem
1378 4635 1529 4705 victimae,
1553 4634 1715 4695 bulberani
1743 4649 1804 4694 non
1818 4636 1962 4709 negant:

197 4710 441 4801 emittamquam
455 4712 596 4790 ineptum
608 4715 646 4775 sit
663 4715 737 4775 illud
753 4716 925 4793 exemplum
939 4734 953 4775 n
968 4718 1057 4779 llem·
1101 4725 1131 4781 et
1142 4721 1169 4780 si
1186 4724 1343 4798 negarent,
1358 4717 1501 4780 iaeilllme
1513 4715 1704 4794 probaretur.
1721 4716 1792 4777 llam
1803 4713 1839 4775 ln
1854 4710 1965 4791 primis

196 4797 273 4851 lllllo
290 4792 453 4853 adductum
472 4811 480 4854 ι
509 4798 616 4875 Agnus
644 4797 768 4859 eccisus
796 4804 841 4859 est
869 4797 909 4859 ab
931 4800 1057 4876 criptae
1100 4801 1171 4861 ideo
1186 4801 1216 4861 in
1232 4816 1327 4862 coena
1344 4801 1474 4862 seorsim
1488 4804 1687 4861 consecratur
1701 4814 1814 4876 corpus
1834 4803 1864 4856 et
1878 4811 1965 4863 secr

194 4874 324 4937 ruendi.
342 4874 469 4939 Sl'enim
485 4885 519 4938 ul
539 4880 607 4956 ipse
616 4880 706 4958 jubet
723 4926 730 4943 ,
748 4896 884 4957 exponas
912 4885 1058 4959 praeteri·
1101 4885 1160 4943 sim
1182 4884 1319 4961 sanguis.
1337 4887 1370 4943 ul
1384 4882 1601 4960 intelligamus,
1625 4881 1834 4958 praesentiam,
1855 4894 1965 4957 eorpo-

195 4960 259 5016 tum
276 4972 330 5034 pro
350 4957 461 5031 tuturo,
481 4960 530 5022 bic
547 4962 603 5023 erit
616 4979 728 5023 sensus
746 5006 753 5029 ,
781 4976 879 5041 agnus
900 4964 1058 5025 occidetur
1103 4966 1144 5026 ris
1160 4973 1189 5026 ιι
1202 4965 1362 5045 sanguinis
1377 4964 1408 5024 in
1424 4980 1520 5027 coena
1536 4980 1607 5027 csso
1622 4963 1660 5023 ad
1675 4963 1798 5025 modum
1813 4962 1911 5023 occisi
1933 4965 1965 5028 el

196 5038 234 5097 ab
250 5041 371 5117 origine
387 5042 504 5115 mundi,
521 5045 572 5121 qni
586 5058 697 5107 sensus
712 5060 802 5121 quam
826 5046 1057 5125 repugnantiam
1101 5047 1211 5110 mortui
1227 5049 1377 5125 corperis.
1390 5046 1507 5111 lleiude
1522 5063 1635 5127 corpus
1650 5052 1681 5109 el
1700 5046 1827 5124 sanguis
1842 5052 1916 5106 sunt
1932 5049 1965 5111 in

194 5120 636 5187 includatncmononridel.
819 5142 822 5150 ¹
920 5154 922 5157 ·
1100 5130 1656 5209 coena,uteibusetpolus.dlcaro
1685 5136 1717 5191 el
1743 5130 1964 5208 sanguis,nou

235 5202 278 5264 td
294 5204 437 5274 Quintum
451 5208 500 5269 illa
517 5208 620 5271 rerba:
650 5206 742 5283 Quod
768 5224 827 5288 pro
845 5208 932 5273 colu
943 5211 1055 5298 delum
1102 5220 1174 5274 sunt
1187 5219 1255 5291 apta
1270 5213 1307 5273 ad
1323 5212 1440 5285 eibum,
1457 5212 1515 5274 nisi
1531 5213 1617 5287 prius
1643 5211 1754 5273 animal
1783 5208 1932 5273 moriatur
1951 5231 1963 5291 ;

194 5290 448 5379 consociamur
464 5290 676 5354 substantialia
705 5291 870 5365 sacrificii,
900 5292 988 5369 anast
1003 5309 1058 5355 ne·
1104 5295 1243 5357 cbristus
1258 5301 1360 5357 aulem
1382 5312 1443 5356 non
1456 5298 1582 5359 moritur
1599 5340 1607 5367 ,
1624 5292 1682 5355 nisi
1699 5310 1755 5371 per
1779 5294 1963 5362 immolatio·

193 5380 333 5459 cessario
350 5371 520 5450 requiratur
535 5390 641 5437 eorum
656 5375 882 5453 pronunciatio,
898 5375 1057 5440 utsacrlti·
1103 5394 1187 5439 nem.
1204 5377 1241 5438 ιιι
1253 5378 1312 5439 boc
1325 5383 1375 5439 est
1394 5384 1607 5455 argumentum
1628 5375 1766 5455 Gregorii
1782 5380 1908 5454 nysseni
1932 5381 1965 5441 in

195 5464 277 5509 crum
292 5451 478 5528 perficiatur:
495 5462 567 5516 sunt
581 5463 680 5519 lamen
710 5459 885 5538 ejusmodi,
917 5466 948 5521 ut
963 5461 1059 5523 mani·
1104 5460 1200 5540 prima
1216 5462 1353 5522 oratione
1374 5461 1413 5521 de
1428 5465 1593 5522 resurrect.
1606 5460 1658 5521 ubi
1674 5458 1792 5538 colligit
1804 5460 1843 5519 ‚in
1866 5476 1966 5524 cooua

195 5531 272 5592 leste
289 5532 426 5597 indicent
441 5528 623 5603 sacrilleium
640 5556 655 5601 a
672 5538 791 5603 Christo
803 5542 834 5607 lu
850 5556 946 5605 coena
962 5542 1058 5607 luisse
1103 5546 1256 5606 duristnm
1273 5543 1434 5617 immolari,
1452 5542 1522 5622 quia
1539 5558 1599 5602 non
1618 5558 1782 5619 possemus
1792 5540 1880 5603 aliter
1902 5554 1967 5606 ear·

199 5615 348 5677 oblatum.
1055 5699 1057 5710 Ι
1104 5643 1142 5689 ιιι
1156 5630 1224 5707 ejus
1239 5626 1334 5691 vesal.
1351 5624 1429 5687 llinc
1450 5624 1541 5687 eliam
1556 5624 1746 5704 Augustinus
1772 5624 1826 5685 lib.
1842 5622 1874 5687 S.
1892 5644 1966 5690 con·
