4084 6275
846 419 941 481 tittdtt
960 421 1114 491 utilitatis
1717 424 1771 482 tta

70 551 686 636 monmorlutnrdonergoheripotest,
713 561 745 619 ut
768 557 850 622 idem
875 555 934 619 no·
979 557 1124 637 loquitur:
1141 556 1838 644 Eloere,quinuneibijudicinntmonduff
1921 597 1925 604 -

72 643 177 699 inicus
191 637 381 698 mandaverit
402 644 561 716 utramque
575 641 712 721 speciem
725 642 932 714 sumendam,
979 651 1032 706 cot
1052 648 1085 720 et⁴
1094 643 1183 715 bibit,
1197 643 1236 704 in
1247 642 1407 719 fractione
1418 643 1518 723 punis
1547 641 1705 705 dirrutum
1732 655 1834 720 opno-

72 729 228 799 tamquam
248 722 461 782 necessariam
489 722 529 784 ad
557 725 698 786 sultticm.
727 725 803 786 Esse
832 728 934 786 autem
978 728 1048 790 seit.
1066 727 1101 789 At
1115 733 1328 805 argumentum
1344 733 1391 790 εει
1405 726 1496 788 nimis
1511 726 1603 804 longe
1618 724 1758 804 petitum.
1775 725 1838 786 lton

66 803 132 864 lroc
159 808 253 880 caput
272 801 361 866 toan.
388 804 427 866 dc
454 811 646 868 sacramento
674 806 932 885 intelligendum,
979 812 1062 872 enim
1077 809 1261 889 Augustinus
1276 809 1359 878 dicit,
1376 808 1528 874 christum
1539 808 1665 870 dedisse
1677 812 1839 887 utramque

68 901 164 962 supra
180 885 373 949 ostendimus
386 887 419 948 in
439 887 537 966 prima
549 891 751 955 controversia
768 893 807 952 de
818 891 934 953 Eucha·
978 893 1128 969 speciem.
1142 892 1196 953 sed
1213 892 1283 952 dicit
1301 894 1330 952 in
1348 892 1494 954 tructione
1523 890 1613 968 panis
1638 887 1789 951 Christum
1805 909 1837 948 a·

67 968 170 1028 ristia.
979 975 1100 1054 gnossi,
1123 982 1156 1036 ut
1171 974 1232 1035 illis
1253 975 1416 1051 discipulis
1437 974 1564 1056 contigit
1579 974 1609 1034 in
1635 972 1758 1047 Emaus3
1780 972 1837 1034 scd

114 1050 233 1112 Rursus
249 1049 391 1130 exemplo
405 1057 463 1113 suc
476 1049 625 1114 Dominus
652 1053 736 1116 idem
757 1053 934 1133 comproba·
979 1057 1062 1118 addit
1083 1057 1166 1119 hunc
1180 1057 1309 1119 fructum
1325 1073 1380 1120 cos
1395 1062 1511 1133 tantum
1523 1053 1685 1132 consequi,
1708 1055 1760 1133 qui
1777 1071 1838 1116 non

70 1133 125 1194 rit.
143 1133 277 1196 Primum
299 1133 386 1195 ioan.
403 1133 434 1195 h.
452 1133 504 1195 ubi
529 1136 740 1213 multiplicavit
766 1155 863 1217 panes
879 1185 888 1204 .
905 1143 953 1200 cl'
978 1140 1105 1216 indigne
1119 1146 1255 1207 sumunt,
1271 1143 1302 1201 ct
1316 1139 1426 1218 aliegat
1437 1138 1527 1200 rerba
1543 1137 1638 1210 Pauli,
1657 1138 1716 1198 sed
1733 1137 1840 1199 alludit

71 1215 146 1276 indo
162 1217 307 1284 saturavit
322 1215 691 1291 turbam,remenentibus
706 1221 868 1282 duodecim
884 1237 934 1282 oo·
979 1224 1015 1282 ad
1032 1220 1095 1289 ilie,
1113 1221 1163 1280 ubi
1180 1222 1324 1298 legimus,
1339 1222 1368 1285 l.
1385 1220 1454 1283 dor.
1477 1221 1527 1282 ll.
1554 1237 1622 1289 eos,
1644 1220 1696 1299 qui
1712 1218 1840 1299 indigne

70 1299 190 1374 pirinis:
209 1299 373 1360 occultum
390 1306 494 1378 potum
512 1300 743 1380 multiplicavit,
768 1303 935 1380 nequede-
980 1304 1167 1366 manducant
1195 1305 1360 1378 etbihnnt,
1389 1301 1540 1384 judicium
1569 1301 1628 1364 sibi
1655 1305 1842 1365 manducare

68 1384 129 1441 dit.
147 1381 265 1442 lteiude
279 1381 379 1443 Lucae
395 1382 520 1460 eaput.
538 1399 608 1446 curn
625 1385 654 1445 in
672 1385 782 1447 Emaus
793 1386 825 1446 in
838 1401 935 1460 tenena
980 1396 1010 1450 et
1026 1386 1144 1462 bibera3
1160 1386 1241 1463 qood
1257 1387 1449 1449 verissimum
1465 1393 1524 1459 est,
1540 1385 1605 1448 sire
1621 1400 1680 1445 uua
1702 1386 1840 1464 specics,

68 1479 143 1523 cum
156 1463 279 1525 duobus
293 1463 455 1543 discipulis
476 1469 596 1544 accepit
611 1483 734 1545 paoem,
750 1469 908 1530 benedixit
924 1515 933 1544 ,
980 1471 1045 1534 sire
1061 1477 1188 1548 utraque
1203 1476 1339 1531 sumatur
1354 1470 1491 1547 indigne.
1524 1474 1527 1478 “

69 1547 173 1623 stein,
191 1546 275 1608 dedit
290 1544 336 1608 eis
348 1556 408 1608 ete.
920 1546 923 1555 ’
1020 1553 1158 1630 lienique
1174 1552 1257 1612 addit
1269 1549 1453 1626 llemnitiuS,
1464 1550 1617 1613 Christum
1633 1565 1695 1610 non
1710 1547 1845 1610 addidis-

115 1628 160 1688 iie
175 1627 235 1689 hoc
256 1629 415 1692 iucedoae
427 1635 499 1692 sunt
519 1630 739 1694 catholicorum
752 1633 934 1695 sententiae.
981 1651 1029 1697 se:
1046 1635 1110 1696 lloc
1124 1634 1230 1711 scelte,
1248 1651 1316 1696 cum
1340 1651 1450 1713 panem
1467 1634 1665 1696 benedictum
1681 1633 1713 1693 in
1737 1632 1848 1693 Emeus

70 1709 174 1772 Prima
188 1717 237 1772 esi
249 1709 337 1773 loen.
361 1713 521 1775 aLoranio
537 1721 566 1775 et
581 1715 724 1786 aliorum,
743 1716 796 1796 qui
811 1722 937 1778 couten-
982 1718 1078 1780 dedit:
1097 1733 1170 1795 ergo
1186 1733 1246 1777 non
1262 1722 1403 1780 tenemur
1417 1733 1487 1779 eum
1509 1717 1541 1778 in
1558 1716 1616 1776 hoc
1631 1715 1753 1786 imitari,
1769 1713 1794 1774 si
1812 1731 1845 1776 u·

70 1793 151 1854 dunt
180 1801 406 1856 sacramentum
436 1797 645 1860 Eucharistiae
671 1799 775 1860 datum
801 1798 937 1862 luissea
981 1817 1051 1862 nam
1066 1806 1182 1861 tantum
1196 1801 1333 1877 speciem
1355 1800 1451 1862 dedit.
1468 1799 1528 1863 Sed
1544 1812 1660 1881 ¹neque
1683 1814 1741 1860 nos
1769 1795 1846 1858 dici·

68 1875 195 1938 Christo
209 1879 332 1939 duobus
343 1878 548 1958 discipulis,et
559 1880 714 1942 adducunt
729 1883 760 1944 in
771 1882 851 1944 banc
865 1898 936 1944 sen·
981 1899 1051 1944 mus
1067 1883 1178 1960 teneri3
1195 1883 1249 1944 sed
1266 1887 1382 1944 tantum
1399 1882 1563 1960 probamus
1577 1881 1637 1942 lico
1652 1879 1795 1960 excurplo
1811 1879 1846 1939 li·

69 1960 200 2019 tentiam
217 1960 421 2038 Augustinum
439 1961 493 2023 lib.
511 1962 766 2026 succenseam
795 1964 935 2043 evangel.
983 1982 1066 2038 cere,
1083 1971 1115 2027 et
1130 1964 1204 2026 utile
1217 1981 1289 2026 esse
1310 1966 1538 2042 communicare
1553 1963 1611 2025 sub
1626 1979 1700 2026 una.

3 2075 4 2096 ι
69 2057 143 2117 cap.
159 2041 212 2102 25.
228 2043 391 2105 Auctorem
408 2046 512 2118 operis
527 2045 696 2123 imperfecti
711 2048 741 2108 in
764 2047 867 2108 blattlr.
884 2049 937 2110 bo·
1024 2048 1121 2110 Tertia
1137 2051 1213 2109 ratio
1227 2048 1359 2111 sumitur
1370 2065 1406 2110 ex
1422 2047 1559 2109 doctrina
1573 2050 1605 2108 et
1618 2062 1677 2108 usu
1693 2044 1848 2123 apostolo·

3 2153 4 2162 .
70 2123 141 2184 mil.
160 2123 209 2186 tt.
226 2125 338 2187 liednm
365 2132 395 2188 ct
419 2127 680 2206 Theophyluetum
698 2130 728 2191 in
744 2145 815 2191 cum
835 2131 937 2192 locum
982 2148 1062 2195 rum.
1081 2132 1151 2191 dnm
1168 2130 1269 2192 Actor.
1286 2129 1317 2191 2.
1333 2131 1373 2191 ιιε
1400 2129 1586 2193 describitur
1611 2126 1850 2191 communicatio

3 2223 4 2254 i
70 2213 190 2268 hucne.
206 2207 426 2288 Hieronymum
452 2210 482 2270 in
500 2210 655 2289 epitaphia
683 2212 804 2288 Paulae,
827 2219 857 2274 et
881 2212 939 2275 lsi·
983 2212 1207 2277 Eucharistiae:
1230 2213 1709 2292 Ercntcotempersenerontea
1733 2209 1771 2271 in
1791 2210 1849 2272 do·

3 2321 4 2330 ¹
69 2291 179 2351 chium
200 2290 255 2352 lib.
269 2291 301 2351 ²·
319 2293 348 2351 in
364 2289 545 2362 laetificum.
558 2310 626 2371 cup.
642 2293 675 2357 9.
936 2299 946 2378 j
984 2299 1092 2360 ctrina
1107 2297 1339 2373 apostotorum,
1356 2302 1386 2357 et
1400 2295 1696 2358 communicatione
1719 2291 1853 2369 fructic-

3 2405 4 2412 .
113 2372 345 2436 Attasententta
361 2373 554 2437 csthrnelii
569 2374 705 2440 lansenii
730 2377 939 2453 inexpositio·
983 2379 1148 2459 nicpcnis
1174 2377 1433 2441 elocutionibus.
1464 2377 1530 2450 Quo
1556 2378 1626 2437 loco
1656 2375 1759 2454 negari
1785 2390 1849 2458 non

3 2489 4 2496 .
72 2469 112 2515 ue
126 2455 222 2535 hujus
235 2456 307 2529 loci,
324 2457 376 2536 qui
392 2458 493 2530 dccet,
508 2475 617 2536 panem
640 2477 655 2521 a
672 2459 800 2521 Domino
812 2459 938 2522 benedi·
985 2469 1097 2543 potest,
1113 2459 1186 2540 quin
1203 2467 1307 2538 agatur
1321 2462 1361 2522 de
1382 2459 1585 2530 Eucharistia,
1601 2464 1665 2520 tum
1681 2456 1764 2536 qnod
1776 2473 1849 2518 cou-

70 2543 156 2598 ctum
170 2542 200 2598 in
224 2537 348 2611 Emaus,
362 2537 530 2602 nonlulsse
546 2542 669 2620 quidem
690 2542 912 2604 Eucltaristiam
929 2589 938 2610 .
981 2548 1129 2628 jungatur
1141 2543 1248 2604 tractio
1263 2541 1353 2621 pnni's
1382 2559 1452 2606 cum
1479 2542 1617 2604 doctrina
1639 2546 1671 2602 et
1684 2540 1822 2601 oratione
1839 2584 1847 2613 ‚

74 2619 133 2680 sed
147 2619 244 2683 inisse
260 2627 361 2683 temen
377 2621 504 2702 lignium
520 2621 743 2698 Eucharistiae,
762 2632 791 2686 et
805 2627 941 2688 noluisse
984 2636 1049 2692 turn
1071 2628 1161 2689 etiam
1178 2625 1259 2704 quod
1275 2627 1455 2704 vituperatio
1471 2625 1572 2703 potins
1588 2639 1678 2704 quam
1694 2623 1762 2684 laus
1777 2621 1850 2683 inis·

3 2739 4 2742 =
70 2700 239 2764 Dominum
266 2703 326 2764 lrcc
354 2706 495 2784 exemplo
519 2707 728 2770 demonstrare
754 2708 884 2769 fructum
911 2715 940 2770 et
985 2718 1033 2774 set
1048 2712 1086 2772 dc
1102 2708 1249 2770 fidelibus
1262 2723 1503 2770 commemorare
1520 2753 1528 2778 ,
1544 2711 1779 2785 perseverantes
1794 2719 1850 2765 eos

3 2827 4 2830 ,
69 2785 237 2847 utilitatem
254 2785 464 2849 Eucharistiae
480 2789 511 2850 in
526 2805 586 2850 una
601 2791 817 2870 speciezqaare
833 2791 941 2853 ex'hcc
985 2793 1121 2856 luisseiu
1138 2790 1277 2869 prandiis
1306 2796 1336 2851 et
1350 2791 1457 2852 coortis
1472 2786 1850 2868 corporalibuslleniquc

3 2901 4 2912 .
69 2868 144 2928 lucc
160 2885 222 2929 non
240 2869 341 2929 minus
356 2870 478 2950 probari
495 2887 583 2934 usum
598 2873 690 2934 onius
705 2872 834 2953 speciei,
850 2887 940 2951 qnam
985 2877 1016 2939 id
1038 2876 1147 2936 latetur
1161 2873 1312 2934 bulliacus
1327 2871 1357 2933 in
1378 2888 1522 2935 sermone
1543 2872 1589 2933 'de
1615 2869 1803 2934 Eucharistia
1820 2876 1852 2930 et

3 2959 4 2962 ’
69 2967 113 3011 cx
130 2952 388 3028 multiplicatione
406 2970 532 3031 panium,
547 2955 635 3016 loun.
656 2956 688 3017 c.
707 2955 739 3016 ld
756 2961 856 3018 antem
873 2970 943 3034 pro·
987 2958 1129 3022 caltinus
1144 2956 1198 3017 lib.
1214 2954 1246 3016 t.
1262 2955 1362 3016 instit.
1379 2971 1448 3034 cap.
1466 2955 1516 3016 Π.
1534 2953 1551 3035 p
1567 2953 1619 3015 35.

3 3035 5 3098 ζ
72 3036 140 3106 hut,
161 3040 223 3094 tum
247 3049 282 3096 ex
295 3038 475 3114 Augustino,
494 3037 573 3098 Beda
600 3045 630 3099 et
654 3038 882 3118 Tlieopbylacto
898 3039 940 3100 lc·
1026 3040 1132 3118 Neque
1146 3037 1319 3099 lletnnitius
1334 3043 1426 3115 negat
1446 3037 1485 3098 ite
1501 3037 1724 3098 lrunclocomu
1740 3033 1850 3095 reteri·

3 3168 5 3183 .
69 3117 121 3177 eis
137 3117 252 3188 citatis,
266 3119 318 3196 qui
333 3120 392 3181 troc
406 3124 521 3180 tantum
542 3121 654 3183 doccrc
669 3121 763 3183 rideri
786 3127 917 3201 possunt
933 3166 942 3193 ,
986 3124 1047 3187 bus
1059 3120 1254 3201 explicatum,
1270 3120 1325 3183 sed
1341 3120 1510 3199 respondet
1524 3134 1581 3200 per
1594 3117 1777 3202 tractionem
1798 3131 1851 3195 pa·

3 3236 5 3253 .
71 3215 191 3277 nempe
203 3200 301 3264 luisse
315 3204 345 3264 in
362 3203 412 3264 ilia
426 3204 517 3279 panis
532 3201 748 3267 benedictione
763 3204 941 3284 mysterium
987 3208 1037 3269 uis
1052 3205 1180 3283 intelligi
1196 3204 1286 3265 etiam
1301 3203 1526 3286 calicem-per
1552 3200 1682 3280 figuram
1708 3199 1853 3263 cidettect

71 3284 246 3361 quoddam,
264 3300 327 3361 quo
343 3284 569 3365 significaretur
583 3287 697 3350 utilitas
717 3286 939 3363 Eucharistiae,
987 3286 1220 3360 intellectionis‚
1243 3304 1301 3363 qua
1318 3303 1355 3349 ex
1371 3293 1455 3366 parte
1467 3282 1679 3364 significamus
1695 3288 1802 3345 totum.
1818 3280 1854 3342 Id

3 3402 6 3413 ·
71 3366 234 3443 quomodo
250 3369 339 3427 ctiam
357 3368 491 3447 loquitur
501 3367 702 3432 Innocentius
714 3370 770 3432 itt.
786 3370 841 3433 lib.
857 3368 889 3431 6.
902 3372 941 3433 de
986 3386 1061 3435 rerc
1082 3370 1203 3449 probat,
1216 3369 1287 3447 quia
1301 3369 1431 3447 apostoli
1447 3368 1561 3445 alioqui
1590 3368 1649 3428 suh
1665 3382 1724 3429 nna
1746 3364 1855 3444 specie

70 3455 170 3525 myst.
186 3448 312 3524 missae,
329 3466 398 3528 cap.
416 3450 446 3512 'l.
463 3457 495 3512 et
507 3450 539 3512 9.
555 3455 618 3513 tum
635 3454 727 3514 etiam
753 3468 789 3514 ex
819 3454 887 3529 ipso
899 3458 941 3514 te·
988 3459 1236 3526 consecrassent,
1253 3452 1334 3529 quod
1348 3467 1387 3512 ne
1398 3449 1542 3512 catholici
1557 3450 1681 3526 quidem
1711 3447 1854 3509 admitte·

3 3566 6 3581 ·
71 3537 140 3596 xtu,
160 3546 230 3591 num
245 3532 341 3593 luisse
354 3532 405 3593 iiic
427 3532 551 3611 aliquod
568 3535 758 3615 mysterium,
776 3539 860 3614 patet
874 3552 942 3613 par·
987 3544 1067 3599 rent.
1090 3536 1126 3596 At
1141 3536 1218 3596 baec
1233 3533 1299 3603 eius
1311 3534 1386 3595 ratio
1402 3532 1478 3594 nihil
1492 3532 1661 3594 concludit.
1690 3531 1754 3591 Non
1769 3531 1853 3596 enim

3 3638 4 3677 i
73 3616 131 3673 tim
149 3613 429 3687 erbenedictione,
454 3631 545 3693 quam
562 3632 623 3678 non
653 3616 764 3695 legitur
793 3617 943 3681 Dominus
989 3620 1086 3681 Lucas
1101 3616 1259 3685 describit,
1283 3615 1356 3693 quid
1379 3614 1532 3693 apostati,
1559 3615 1615 3678 sed
1644 3612 1717 3692 qnid
1747 3613 1855 3692 populi

3 3736 5 3761 .
71 3696 274 3769 adhibuisse,
287 3698 347 3759 nisi
363 3697 401 3759 cd
418 3697 534 3779 aliquid
560 3698 701 3761 mirabile
727 3701 916 3777 operandum
933 3718 942 3777 3
986 3703 1135 3773 lacerent,
1146 3700 1219 3761 dum
1234 3697 1379 3771 dicineus
1393 3702 1627 3777 perseverantes
1641 3695 1737 3757 luisse
1753 3696 1783 3756 in
1799 3696 1853 3756 do·

3 3820 5 3827 ·
70 3778 190 3861 partim
207 3792 245 3840 cx
260 3779 383 3855 ellectu,
394 3797 466 3843 nam
481 3796 538 3869 per
552 3782 638 3844 illum
655 3796 765 3861 panem
779 3782 944 3846 illuminati
989 3783 1086 3847 ctrina
1099 3781 1308 3859 apostolorum
1329 3786 1364 3841 et
1392 3778 1668 3842 communicatione
1697 3778 1854 3839 tractionis

74 3868 168 3923 ⁵⁰⁰¹·
417 3898 419 3903 ·
989 3868 1080 3946 penis
1109 3871 1139 3927 et
1153 3865 1302 3925 oratione.
1316 3860 1451 3941 Apostoli
1467 3862 1559 3941 igitur
1585 3861 1617 3922 in
1633 3865 1761 3937 utruque
1782 3875 1853 3937 spe·

3 3988 5 3997 ‚
121 3942 359 4024 Quamcumque
374 3949 475 4010 autem
503 3947 688 4010 sententiam
699 3941 741 4009 'en
762 3948 811 4009 his
826 3949 946 4013 duabus
991 3951 1039 4012 eie
1053 3946 1274 4010 Eucharistiam
1290 3944 1524 4019 consecrabant,
1539 3944 1596 4006 sed
1611 3942 1735 4023 populis
1749 3943 1780 4002 iu
1793 3958 1856 4003 una

3 4058 5 4097 ἰ
75 4028 318 4105 amplectamur,
334 4029 469 4091 ostendit
483 4028 543 4090 hoc
558 4030 732 4109 exempbrm
749 4029 944 4104 christi,eam
991 4030 1098 4112 specie
1110 4028 1335 4091 ministrabant.

3 4140 5 4179 2
75 4127 155 4171 esse
180 4109 341 4171 utilitatem
357 4109 567 4173 Eucharistiae
581 4110 613 4171 in
628 4128 687 4173 une
711 4114 828 4190 speeie,
848 4114 946 4175 ntmi·
1034 4113 1119 4187 Quod
1135 4113 1276 4174 etiamen
1296 4107 1558 4189 eoconlirmatur,
1583 4108 1656 4187 quia
1676 4104 1801 4186 plurimi
1823 4106 1858 4167 in
1883 4144 1885 4150 ·

73 4192 165 4253 nime
180 4190 221 4254 sit
235 4193 483 4268 existimandum,
497 4193 786 4273 luisseimperatum
802 4197 947 4259 omnibus
993 4194 1185 4258 Hierusalem
1201 4192 1364 4256 Christiani
1380 4198 1477 4266 erant,
1494 4192 1591 4270 quiin
1605 4190 1667 4252 illis
1683 4187 1778 4250 initiis
1791 4203 1857 4251 ser·

3 4335 4 4347 ,
74 4276 165 4336 iltius
181 4278 319 4337 usumin
342 4276 448 4355 specie
464 4282 604 4354 utreque.
992 4279 1103 4340 rabant
1114 4277 1223 4357 legalia
1238 4276 1363 4355 lloysis,
1381 4275 1529 4353 apostolis
1544 4271 1805 4354 permittentibus,
1825 4276 1859 4332 ut

3 4404 6 4415 .
122 4357 186 4419 Sed
204 4358 336 4437 occurrit
351 4358 409 4420 hoc
425 4359 493 4420 loco
510 4356 670 4437 Philippus
684 4358 898 4424 llelancbthon
915 4362 946 4423 in
994 4366 1079 4441 patet
1092 4376 1129 4423 ex
1145 4375 1214 4438 cap.
1228 4358 1280 4420 21.
1303 4362 1446 4420 Actorum
1465 4375 1474 4434 ;
1497 4362 1528 4419 ει
1542 4373 1580 4419 ex
1595 4355 1633 4417 iis
1648 4354 1789 4433 nonnulli
1806 4369 1857 4414 us·

4 4456 5 4463 ¹
74 4440 228 4518 apologia
245 4438 454 4503 contessionis
468 4440 675 4520 Augustanae,
706 4442 736 4503 in
753 4444 880 4505 articulo
905 4446 945 4508 de
994 4459 1054 4523 quc
1070 4444 1106 4504 ad
1122 4449 1239 4505 certum
1256 4447 1377 4520 tempus
1392 4438 1533 4502 Nazaraei
1548 4443 1646 4514 erant,
1669 4454 1730 4498 non
1749 4435 1858 4497 biben-

73 4531 211 4600 ntraque
228 4520 345 4601 specle,
362 4523 415 4585 ubi
431 4524 543 4585 latetur
556 4522 616 4585 boc
628 4525 801 4603 exemplum
824 4528 860 4587 ad
886 4526 946 4589 En·
991 4533 1038 4588 tes
1051 4525 1166 4595 tinum,
1183 4540 1241 4585 nec
1252 4526 1396 4586 radentes
1411 4523 1625 4605 cupimusque
1639 4519 1677 4580 ad
1689 4518 1783 4580 duem
1794 4519 1859 4579 die·

3 4622 5 4629 ·
72 4606 259 4667 charistium
277 4606 442 4685 pertinere,
458 4606 515 4667 sed
540 4604 627 4680 dicit,
643 4623 705 4669 non
720 4608 825 4685 colligi
854 4626 889 4670 er
908 4626 945 4671 eo
993 4624 1061 4670 rum
1077 4607 1135 4669 voti
1151 4606 1211 4668 sui.
1228 4607 1291 4669 llos
1306 4614 1406 4668 antem
1426 4621 1528 4683 nequo
1557 4602 1708 4665 credibile
1720 4605 1768 4662 εει
1783 4616 1858 4662 con·

74 4704 176 4749 usum
193 4689 286 4750 unius
301 4688 430 4766 speciei,
454 4688 597 4766 qnoniam
625 4689 657 4750 in
685 4690 830 4753 lraeticne
860 4693 948 4769 ponis
994 4698 1037 4752 tra
1052 4697 1154 4751 votum
1169 4706 1259 4751 suum
1284 4689 1403 4751 bibisse
1427 4689 1466 4749 de
1489 4686 1586 4749 calice
1608 4684 1857 4761 Domini3ncqoe

3 4820 6 4833 .
75 4788 138 4849 per
153 4770 282 4851 liguram
297 4770 516 4833 intellectionis
531 4770 720 4851 signillcatur
742 4780 836 4836 totum
848 4790 954 4839 sacra·¹
995 4772 1155 4851 probabile
1170 4779 1217 4834 est
1229 4773 1417 4838 abstinuisse
1432 4770 1558 4832 omnino
1574 4784 1590 4827 n
1605 4767 1852 4860 commuuione,

3 4904 7 4917 .
77 4859 225 4915 ruentum
239 4870 308 4915 eum
326 4861 453 4935 utraque
469 4852 723 4932 specieAtiaeile
736 4855 764 4915 id
783 4856 878 4918 relelii
895 4874 947 4932 po·
993 4872 1064 4917 oum
1081 4856 1176 4917 Lucas
1191 4854 1281 4929 dicat,
1304 4871 1414 4917 omncs
1426 4858 1658 4935 perseverantes
1673 4848 1770 4911 luisse
1787 4893 1795 4923 ‚
1822 4863 1856 4909 m

3 5000 6 5014 ,
75 4942 157 5012 ιεει;
176 4937 303 5009 historia
319 4937 401 4999 enim
417 4935 591 5014 euangelica
607 4937 647 4999 ita
670 4937 831 5019 conjungit
845 4938 946 5000 distri·
993 4939 1131 5000 doctrina
1147 4943 1178 4999 et
1188 4938 1466 5000 communicatione
1480 4934 1639 4996 tractionis
1652 4928 1857 5010 panislluare

75 5020 242 5081 bulionem
256 5020 344 5096 ponis
360 5019 514 5081 benedicti
531 5035 600 5081 eum
616 5020 735 5082 Domini
759 5036 896 5095 recessu,
913 5028 945 5085 ut
993 5020 1240 5098 probabilissima
1256 5021 1430 5099 conjectura
1442 5023 1504 5088 est,
1526 5017 1597 5078 iden
1623 5014 1736 5076 Lucam
1751 5013 1851 5106 solum

77 5102 203 5163 nullum
220 5102 374 5178 relinqunt
387 5103 489 5164 locum
518 5102 743 5175 benedicendo,
768 5104 813 5165 εει
844 5104 944 5167 distri·
991 5101 1169 5167 meminisse
1181 5103 1336 5165 tractionis
1351 5103 1449 5179 panis,
1466 5101 1548 5179 quod
1564 5100 1603 5160 ab
1618 5114 1653 5161 ea
1668 5097 1733 5160 solu
1748 5112 1854 5172 specie

74 5185 210 5246 buendo
225 5184 326 5245 celici.
338 5184 394 5246 ’Sic
409 5184 490 5245 enim
506 5184 651 5264 loquitur:
682 5188 720 5247 Et
741 5186 863 5263 facttum
877 5194 941 5261 eat,
990 5186 1066 5249 nulli
1080 5186 1279 5247 abstinerent.
1292 5183 1379 5247 Unde
1394 5184 1484 5246 etiam
1497 5186 1604 5245 beatus
1620 5180 1731 5273 Paulus
1749 5178 1777 5238 t.
1796 5177 1854 5273 Co·

3 5320 7 5333 .
74 5266 465 5329 ‹tumrccttmbcretcttm
479 5266 535 5334 cis,
559 5269 945 5346 accapltpcnem,etbe·
989 5266 1435 5331 dornitiacnstnecaussa
1465 5266 1615 5327 decalice
1643 5264 1727 5323 dicit:
1760 5261 1855 5328 Colca)

76 5349 216 5411 rnediocit
228 5366 267 5411 cc
279 5350 401 5429 propit,
429 5356 459 5411 et
477 5349 661 5427 porrigebat
675 5351 751 5411 illie.
782 5352 821 5413 Et
842 5354 946 5429 operti
994 5351 1235 5417 bcitedictionio.
1252 5352 1308 5412 cui
1322 5350 1554 5423 benedicimus
1576 5347 1615 5407 de
1631 5360 1711 5423 pane
1723 5350 1822 5404 nutem
1842 5360 1850 5404 :

74 5437 159 5513 sanat
176 5433 265 5494 oculi
286 5448 408 5500 domiti.
426 5437 454 5493 ct
469 5439 685 5510 cognoverunt
709 5448 784 5495 cum
800 5480 808 5503 ‚
832 5440 861 5496 ct
880 5435 948 5513 ipse
994 5434 1093 5497 Panis
1107 5448 1203 5511 quem
1216 5432 1411 5511 frangimus.
1424 5430 1507 5493 datin
1522 5430 1605 5491 onim
1619 5442 1743 5504 semper
1756 5426 1854 5488 bene·

3 5570 9 5593 ,
76 5515 529 5578 εεαιιιιιιεωοειιιιεεοειιει.
726 5587 727 5591 ¹
994 5517 1164 5585 dicebatur,
1177 5515 1232 5578 sed
1245 5532 1305 5577 non
1335 5530 1459 5587 semper
1485 5510 1735 5574 distribuebatur.
1766 5506 1852 5571 Unde

123 5598 221 5658 instat
237 5597 421 5669 llemnitius,
445 5602 476 5659 et
501 5596 608 5674 probat
623 5612 659 5658 ex
676 5596 845 5673 Augustino
861 5604 947 5661 tract.
994 5599 1083 5661 etiam
1100 5599 1190 5674 paulo
1205 5598 1280 5659 inira
1292 5598 1376 5659 dicit:
1393 5598 1477 5661 tinus
1490 5596 1589 5676 ponis
1615 5599 1644 5655 el
1666 5607 1774 5655 nonni
1788 5607 1856 5653 cor·

77 5682 110 5741 2.
130 5682 163 5742 in
180 5682 273 5758 epist.
289 5680 428 5750 loannis,
446 5678 596 5741 Christum
626 5678 751 5742 dedisse
767 5679 889 5743 dnobus
903 5682 948 5742 di·
993 5698 1056 5761 pne
1069 5698 1193 5753 sumus,
1207 5684 1265 5761 qui
1278 5682 1318 5744 de
1329 5696 1397 5744 uno
1409 5696 1498 5760 ponc
1511 5678 1760 5760 participamus.

3 5840 6 5861 μ
76 5764 215 5845 scipulis
232 5770 391 5842 utramque
407 5762 556 5843 speeiem.
581 5763 629 5826 Sic
659 5764 740 5825 enim
763 5762 949 5843 Augustinus
1036 5765 1071 5826 Et
1086 5766 1222 5827 miranda
1235 5773 1281 5828 est
1296 5781 1370 5828 sanc
1384 5763 1529 5828 llcmnitii
1543 5761 1705 5842 sapientie,
1718 5756 1772 5839 qui
1786 5776 1855 5821 euru
