4084 6275
264 352 321 409 w)
807 348 853 407 DE
871 344 1090 418 stemmatio
1108 346 1350 409 EUGHHRTSTIAH

241 482 328 548 latero
341 482 547 549 Tertullianus
560 483 659 547 inlitu.
675 475 716 546 aa
729 494 842 545 aurona
856 481 1058 557 militis,iuter
1101 482 1234 546 eundem
1249 488 1508 561 repraesentasse,
1521 499 1592 549 uum
1606 490 1648 551 ult
1659 488 1690 551 in
1706 487 1811 547 monte
1821 480 1956 549 Thabor:

199 567 278 630 alios
290 568 476 630 christianos
490 567 566 629 ritus
585 566 669 646 ponit
683 581 833 627 summam
855 566 1027 629 cautionem
1046 606 1054 633 .
1100 565 1158 629 Hie
1171 571 1217 628 eet
1229 564 1334 630 Filiae
1346 568 1512 646 meate3ubi
1527 569 1720 647 apertissime
1732 571 1819 629 voaal
1833 582 1957 647 reprea-

194 666 287 729 quum
302 650 489 713 adhibebunt
503 648 676 718 aurianum.
705 664 745 712 ne
773 648 889 727 aliquid
912 648 1056 712 lluelrari-
1100 653 1233 721 senlare,
1250 648 1395 713 exhibere
1409 652 1523 731 reipsa:
1550 656 1582 715 et
1596 652 1625 714 iu
1652 648 1731 719 libro
1758 654 1864 713 oorutru
1888 650 1959 711 Pra-

193 734 272 793 stiue
286 732 318 794 in
334 738 443 796 lernam
459 733 594 795 auderat:
612 731 740 804 cauete,
756 731 866 811 inquit,
889 731 1056 811 emporiis
1098 746 1187 793 ream
1202 737 1289 793 rooal
1301 731 1411 796 Filium
1426 733 1522 797 Petrls
1546 737 1857 812 repraesentaturam.
1883 732 1956 809 auia

193 816 296 877 etiam
306 818 412 879 ooatri
426 815 556 895 aliquio
577 815 686 878 ιιεεειι
697 815 736 877 io
749 821 870 877 mnam
883 817 984 878 arania
995 830 1056 893 pa-
1099 828 1202 876 rerera
1224 814 1311 877 Tater
1321 823 1368 879 est
1382 817 1413 879 in
1428 816 1518 879 Tillo.
1534 815 1596 893 Seri
1610 817 1678 897 ipae
1700 814 1782 877 idem
1798 813 1830 877 in
1845 814 1901 877 lili.
1918 816 1958 877 de

195 898 307 961 amar.
320 895 403 961 Haeo
417 898 482 960 ille:
494 899 535 959 de
550 915 612 974 auu
626 904 804 978 argumento
818 912 911 977 supra
925 898 1056 961 uiximus
1099 896 1269 975 poenitent.
1285 896 1446 979 distinguit
1458 899 1653 971 adulterium,
1684 894 1785 975 reipsa
1813 898 1958 960 aomrnis·

192 980 225 1041 in
240 980 459 1043 testimonias.
475 980 518 1041 Pii
534 995 642 1059 papae.
1098 994 1179 1051 sum,
1192 978 1231 1041 ab
1243 979 1392 1044 adulterio
1407 996 1461 1060 per
1487 981 1773 1062 auoeupiseeutianr
1797 979 1829 1041 in
1852 987 1955 1041 morule

239 1062 326 1125 iriam
342 1063 546 1125 Tertullianus
570 1064 601 1124 in
617 1061 673 1125 lib.
699 1060 739 1125 de
760 1069 924 1126 resurraol.
953 1065 1056 1126 earnis
1096 1068 1384 1140 repraesentatum
1407 1063 1458 1127 ubi
1473 1072 1705 1143 repraesentare
1735 1068 1784 1125 est
1806 1062 1956 1125 exhibere

194 1145 314 1221 prohat,
330 1161 402 1208 uere
418 1161 541 1207 earnem
556 1149 810 1215 resurrecturam,
827 1149 858 1207 et
878 1161 939 1209 nan
955 1146 1053 1209 aulam
1098 1158 1159 1207 non
1174 1144 1287 1223 reipsa:
1304 1145 1401 1211 sedin
1416 1148 1561 1227 imagine.

191 1227 325 1289 unimam
339 1228 527 1301 salvandam,
544 1244 581 1290 ex
593 1243 642 1303 eo,
655 1226 736 1307 quod
752 1225 853 1287 omnia
865 1237 1051 1291 sacramenta
1138 1224 1213 1289 Cum
1229 1244 1304 1306 ergo
1315 1243 1372 1291 vox
1386 1230 1526 1309 ambigua
1541 1230 1590 1303 sil,
1605 1246 1667 1295 uon
1683 1232 1784 1309 polest
1797 1232 1881 1290 reete
1891 1228 1957 1291 ullo

189 1325 247 1387 per
258 1326 371 1389 eorpus
387 1317 545 1373 transeunt
557 1311 596 1373 ad
611 1309 754 1371 animun:
769 1307 862 1385 auru,
875 1310 983 1389 inquil,
997 1310 1052 1374 ab·
1097 1309 1188 1372 modo
1202 1309 1317 1389 oulttgl,
1331 1311 1549 1375 Tertullianum
1570 1311 1653 1393 loqui
1681 1314 1721 1375 de
1743 1316 1954 1388 repraesento·

189 1392 304 1465 luitur,
325 1398 362 1456 ut
375 1395 492 1456 auimo
505 1393 715 1467 emaculetur,
730 1393 1001 1472 aurulauopiaur.
1014 1400 1053 1457 at
1097 1392 1178 1453 tione
1194 1391 1225 1454 in
1241 1394 1342 1472 signo,
1359 1399 1389 1456 et
1403 1411 1465 1459 non
1480 1394 1512 1457 in
1526 1410 1572 1473 τες
1590 1395 1682 1459 immo
1702 1400 1807 1457 eontra
1835 1394 1950 1471 polius,

187 1477 308 1537 amma
328 1480 545 1552 consecratae·
556 1491 632 1539 auro
644 1489 800 1554 empore,
830 1479 860 1538 et
886 1479 1049 1554 sanguine
1096 1473 1166 1551 oum
1183 1476 1279 1554 magis
1294 1478 1416 1556 propria
1431 1476 1542 1540 dieitur
1555 1473 1880 1557 repraesentaripuuu
1896 1477 1956 1538 rei-

191 1556 518 1635 commenticiarum
538 1558 653 1620 aalma
667 1558 707 1620 aie
717 1558 782 1620 Heu
795 1559 974 1637 aopiaetm.
1098 1570 1151 1634 psa
1167 1557 1339 1627 exhibetur,
1356 1576 1445 1639 quarn
1460 1559 1541 1639 quod
1553 1560 1654 1624 solum
1679 1560 1710 1621 iu
1725 1558 1828 1637 signo:
1845 1558 1955 1635 proba·

229 1640 430 1720 Respondent
450 1640 557 1702 Petrus
572 1646 683 1720 martyr
698 1641 765 1703 loeo
791 1639 881 1702 uitato
898 1685 906 1712 ,
930 1649 961 1703 et
973 1642 1049 1705 Baua
1100 1638 1194 1703 bilius
1215 1641 1378 1721 ortiligelur
1391 1642 1609 1708 Tertullianum
1623 1641 1705 1721 loqui
1719 1641 1758 1703 de
1774 1654 1954 1718 repraesen-

187 1721 220 1783 in
236 1721 386 1803 cyclope,
398 1728 428 1786 et
442 1722 599 1801 lioauinus
614 1724 645 1783 in
660 1721 739 1785 tilrro
754 1722 795 1785 de
806 1738 901 1785 eoeua
916 1723 1048 1801 Domini,
1103 1722 1227 1792 tatione,
1244 1740 1302 1799 oua
1319 1724 1421 1804 reipsa
1438 1741 1550 1803 eorpus
1564 1724 1683 1789 ltomini
1700 1721 1872 1785 exhibetur.

186 1822 205 1866 a
220 1806 406 1869 Tertulliano
421 1808 519 1867 uoueri
535 1821 649 1884 eorpus
662 1804 793 1877 Hltristi,
823 1807 924 1883 ipsum
946 1824 1045 1870 saarai-
1136 1803 1235 1879 Quare
1250 1806 1357 1869 Petram
1372 1814 1482 1887 martyr
1495 1808 1550 1871 lili.
1566 1816 1669 1873 eontra
1687 1805 1811 1868 Gordiu.
1835 1802 1951 1883 obieet.

189 1895 327 1951 mentum
339 1888 501 1968 eorporis,
523 1888 595 1965 auia
621 1892 831 1966 repraesentet
856 1905 912 1965 per
926 1892 1048 1953 modum
1095 1884 1165 1949 160.
1185 1894 1317 1951 tractans
1332 1888 1530 1954 hune-loeum
1548 1889 1736 1961 Tertulliani,
1761 1886 1872 1961 latetur
1891 1904 1952 1950 non

187 1972 268 2051 signi
281 1972 382 2050 ipsum
396 1986 501 2033 rerum
517 1986 628 2048 eorpus
642 1968 764 2034 Christi.
1094 1984 1187 2045 posse
1204 1984 1241 2033 ex
1256 1972 1397 2035 hoe'solo
1411 1971 1479 2035 loeo
1493 1974 1609 2051 aliquid
1623 1971 1698 2035 aerii
1723 1970 1880 2042 aouatudi,
1895 1972 1953 2033 seri

227 2054 301 2116 Atst
317 2054 357 2115 ila
382 2059 440 2128 est,
471 2058 682 2132 argumentum
697 2052 873 2114 Tertulliani
902 2055 1047 2124 uoueidil,
1091 2059 1232 2127 oportere
1247 2070 1285 2116 ex
1300 2054 1369 2117 aliis
1384 2055 1472 2131 touls,
1489 2058 1593 2119 reneri
1610 2061 1743 2119 mentem
1756 2051 1948 2126 Tertulliani,

188 2134 299 2198 lliaeut
312 2135 394 2199 euim
409 2136 568 2209 haeretiei,
585 2134 638 2215 qul
654 2136 811 2214 ‘negabant
831 2153 933 2198 ueram
947 2153 1048 2200 resur·
1091 2140 1122 2195 el
1137 2136 1260 2198 remittit
1274 2152 1332 2199 nos
1346 2138 1384 2200 ad
1399 2138 1490 2201 alium
1520 2139 1634 2215 laeum,
1660 2150 1753 2217 quem
1779 2150 1837 2199 nas
1860 2136 1954 2215 paulo

189 2220 369 2294 rectionem,
387 2218 469 2295 quod
484 2219 564 2281 siout
584 2218 651 2279 sola
679 2219 780 2283 anima
806 2234 911 2280 verum
934 2236 1047 2299 eorpus
1090 2218 1375 2295 postaxuuliumus.
1584 2262 1589 2275 ·

187 2299 299 2363 christi
315 2300 455 2380 percipit,
472 2317 543 2364 earu
558 2308 731 2362 autemnon
747 2301 847 2379 ipsum
863 2304 1046 2381 eorpus,sed
1135 2302 1279 2365 Seeundo
1295 2302 1500 2366 testimonium
1515 2300 1674 2383 proterunt
1687 2315 1725 2366 en
1749 2299 1805 2363 lib.
1820 2297 1851 2361 3.
1879 2315 1953 2363 eon·

184 2383 255 2462 ejus
270 2382 410 2462 liguram:
428 2383 467 2444 ita
492 2383 589 2445 solum
605 2384 736 2445 animam
764 2398 837 2445 rere
865 2391 896 2446 et
924 2388 1047 2465 proprie
1093 2386 1136 2447 tna
1152 2383 1386 2463 Hareiunam,et
1398 2401 1436 2449 ex
1450 2386 1529 2447 libro
1544 2384 1803 2447 uuutruluataeus:
1819 2398 1889 2445 nam
1904 2398 1954 2445 aa·

187 2480 364 2545 resurgere,
381 2478 503 2529 earnem
520 2471 620 2527 autem
637 2480 696 2527 nou
712 2481 783 2528 aare
795 2471 826 2528 et
840 2468 973 2547 proprie,
990 2470 1045 2532 seul
1090 2466 1161 2528 dam
1178 2466 1270 2529 verba
1302 2468 1332 2529 ln
1348 2475 1479 2549 utroquo
1503 2468 1582 2531 libro
1611 2466 1774 2531 nubentur.
1801 2464 1853 2529 siu
1878 2480 1952 2545 ergo

185 2547 408 2628 metaphoriee.
1093 2546 1300 2612 Tertullianus
1316 2550 1347 2611 iu
1363 2550 1441 2613 libro
1456 2556 1559 2614 eontra
1585 2546 1729 2623 ludaeos,
1757 2547 1808 2611 ait:
1834 2546 1953 2611 llatae

225 2632 310 2694 idem
326 2632 460 2710 denique
475 2630 505 2691 in
518 2629 597 2691 libro
617 2630 657 2691 de
684 2627 855 2693 idololatria
879 2632 1046 2712 reprehen-
1090 2630 1179 2709 tapua
1195 2631 1278 2695 Deae
1293 2648 1353 2712 per
1366 2633 1563 2697 Hieremiam
1574 2632 1735 2706 insinuat,
1747 2631 1953 2710 aaademetia

184 2712 264 2776 deos
279 2714 440 2794 quosdam,
456 2716 509 2793 uui
524 2710 657 2774 artitiees
673 2712 822 2775 idolorum
848 2714 885 2775 nal
902 2716 1045 2779 sacerdo·
1092 2714 1225 2791 dietari,
1247 2716 1353 2779 Vertite
1365 2717 1530 2780 mittamus
1546 2716 1672 2793 liparam
1683 2716 1722 2778 ιιι
1733 2728 1854 2793 portem
1868 2713 1950 2793 ejus.

184 2795 322 2870 tium‚ual
334 2802 418 2858 eerle
432 2796 624 2857 diaeonatum
639 2796 868 2873 promovebant:
881 2795 968 2860 erae
979 2814 1047 2861 aaa·
1092 2794 1203 2877 Trium
1215 2798 1254 2861 ira
1268 2812 1383 2877 eonpaaa
1397 2798 1610 2877 ειιιειιριιιιιιι
1622 2798 1757 2865 mamm
1770 2800 1827 2857 eal:
1852 2797 1900 2859 aia
1921 2813 1952 2859 e·

183 2877 246 2947 lua,
262 2878 373 2958 iuquit,
385 2878 484 2942 semel
496 2877 619 2941 lenaei
638 2876 759 2941 curiam
779 2894 900 2943 ouaaaaa
926 2882 1046 2945 intula-
1088 2880 1161 2943 aim
1176 2879 1320 2945 auratam
1333 2880 1495 2952 reaelauit,
1510 2895 1633 2959 paoem
1645 2894 1762 2958 aarptte
1781 2892 1879 2943 maan
1893 2894 1953 2958 op·

180 2968 272 3033 ruat,
287 2962 343 3023 isti
353 2962 498 3040 palatiola
512 2974 630 3038 aorpoe
649 2960 719 3039 pata
745 2960 963 3029 tuaeasaat.-u
976 2980 1045 3027 ma·
1089 2962 1229 3039 pollura,
1245 2966 1434 3042 aajaarrlro
1450 2964 1618 3043 comasio
1635 2977 1758 3041 partem
1783 2961 1952 3040 prophetea

179 3058 249 3106 aaa
261 3044 502 3122 praesidentiae
517 3043 621 3104 eleae
635 3048 719 3105 uerte
733 3058 795 3104 non
808 3044 961 3107 eouierret
974 3046 1044 3111 Tere
1089 3045 1273 3109 maumonii.
1289 3046 1326 3109 Tt
1340 3063 1447 3109 rursus
1461 3047 1508 3107 sie
1522 3047 1563 3109 ait
1579 3044 1634 3107 lib.
1651 3044 1681 3107 3.
1699 3046 1728 3105 iu
1751 3043 1950 3107 Haratonem:

182 3127 332 3190 tullianas
347 3126 465 3188 animan
478 3139 605 3197 eorum,
632 3123 684 3205 qui
699 3122 826 3204 indigue
843 3132 971 3192 lanataul
987 3131 1045 3192 noa
1089 3127 1154 3192 Hoa
1170 3128 1310 3208 ligneam.
1326 3130 1544 3194 etHa'eremiae
1559 3127 1617 3192 tiit
1640 3127 1791 3192 emineat
1816 3127 1952 3192 dietario

183 3217 422 3283 sacramentum,
438 3225 509 3277 eun
524 3207 635 3270 curisti
651 3207 922 3282 orueiiixione,ueu
936 3227 1046 3275 munus
1087 3213 1287 3290 praedicaris
1301 3212 1451 3276 ianuae:
1471 3213 1577 3276 Venite
1591 3210 1758 3274 mittamus
1773 3210 1901 3288 lippam
1913 3211 1953 3275 io

183 3293 255 3355 illus
270 3292 494 3371 praecidendas
508 3291 637 3360 uiueret,
653 3290 679 3352 si
704 3297 819 3353 tantum
842 3298 961 3371 putaret
973 3311 1046 3358 esse
1086 3309 1209 3372 paoem
1222 3295 1304 3373 ejas,
1320 3297 1434 3376 atique
1450 3296 1489 3360 ia
1503 3309 1630 3374 carpam.
1648 3290 1952 3356 sepaparationem

180 3375 216 3436 io
230 3379 424 3437 sacramento
437 3375 575 3452 eorporis
587 3373 698 3434 christi
710 3373 927 3452 liguramliam
939 3375 1044 3440 etiam·
1089 3377 1256 3456 maapotlu
1271 3393 1398 3459 quoqne
1413 3382 1515 3442 ueatm
1532 3377 1706 3452 reuelante,
1731 3391 1853 3454 partam
1880 3391 1950 3438 eor-

183 3458 209 3520 si
226 3456 337 3536 injuria
356 3455 499 3535 imaginis
514 3455 648 3518 retertur
664 3454 815 3538 (utsupra
836 3457 984 3538 diximus)
1005 3463 1042 3523 ud
1087 3473 1151 3538 prat
1164 3475 1261 3524 mam
1276 3461 1460 3541 appeltam,
1475 3465 1513 3525 at
1526 3466 1557 3523 el
1572 3458 1727 3536 inluuiem
1738 3473 1813 3523 etam
1834 3459 1952 3521 iutelli-

183 3541 353 3621 exemplam
372 3546 471 3600 tumen
487 3537 610 3618 quando
626 3553 686 3599 noo
702 3537 736 3600 aa
755 3555 792 3601 ea
815 3539 997 3613 intentione,
1013 3552 1045 3606 ut
1086 3557 1146 3621 poa
1159 3545 1302 3621 eorporis
1326 3545 1380 3607 sai
1397 3544 1542 3624 [murum
1562 3543 1660 3623 porra
1685 3541 1824 3611 dedisse,
1852 3541 1949 3620 aajats

185 3623 326 3684 laedatur
340 3621 507 3700 exemplar,
523 3638 586 3683 non
600 3627 650 3682 est
662 3621 779 3684 arianen
793 3623 857 3685 ullo
871 3625 962 3687 modo
973 3642 1046 3688 eou-
1088 3629 1172 3688 reiro
1184 3640 1300 3704 emptae
1314 3627 1352 3690 in
1363 3642 1486 3706 paoem
1494 3625 1662 3706 propttelea
1675 3623 1844 3702 saporavit.

182 3704 426 3768 terendumeum
456 3704 567 3785 injuria
596 3720 675 3783 quoa
696 3703 730 3766 tlt
750 3705 810 3784 ipsi
834 3707 1045 3786 exemplariis
1133 3707 1328 3784 aaspunaeu:
1344 3709 1400 3772 llio
1416 3711 1501 3772 loeus
1516 3705 1778 3780 uatuotiuistauet,
1798 3721 1861 3768 non
1877 3705 1950 3770 hae·

187 3802 235 3851 sa.
251 3786 459 3850 Tertullianus
470 3792 571 3848 aulem
586 3803 648 3849 non
662 3787 799 3866 loquitur
818 3787 859 3850 de
886 3789 948 3851 illis
966 3836 974 3861 ,
990 3793 1042 3870 aui
1090 3790 1206 3864 retiola,
1223 3791 1249 3852 sl
1265 3791 1416 3854 sententia
1432 3788 1609 3854 Tertulliani
1624 3787 1788 3868 diligenter
1807 3787 1951 3858 aanside·

184 3869 289 3934 dadila
303 3885 408 3950 opera,
427 3874 460 3933 ει
473 3875 506 3932 ut
520 3868 673 3932 curiatum
688 3868 798 3950 injurii
810 3868 977 3945 affleerent,
993 3889 1042 3936 sa·
1087 3873 1258 3934 retorllem
1273 3873 1380 3936 earibit
1393 3877 1461 3952 lpse
1476 3872 1556 3953 apud
1572 3873 1755 3934 Hieremiam
1770 3885 1949 3950 perpenem

184 3952 458 4032 uramentumejus
472 3951 637 4029 riolabaut3
651 3952 707 4013 sed
731 3951 771 4014 do
785 3951 872 4027 iilis,
892 3955 946 4034 aui
971 3971 1042 4019 oum
1088 3952 1217 4034 intelligi
1234 3969 1347 4034 eorpus
1362 3953 1483 4021 Christi.
1501 3956 1582 4033 quod
1597 3956 1627 4018 in
1652 3951 1736 4034 ligno
1756 3953 1858 4019 erneis
1883 3951 1949 4016 aiil·

186 4043 364 4114 peeealores
378 4041 496 4106 esseut,
509 4033 664 4097 audebant
676 4049 789 4114 eorpus
798 4035 922 4098 ‘Domini
936 4044 1043 4101 unom-
1087 4051 1159 4099 xum
1175 4037 1243 4099 iuit:
1259 4044 1351 4117 atque
1364 4037 1449 4102 addit
1462 4037 1615 4102 christum
1631 4037 1733 4116 ipsum
1749 4037 1787 4098 lta
1810 4035 1949 4114 explicu-

187 4133 220 4181 re
233 4124 264 4180 et
275 4117 433 4197 porrigere
443 4116 725 4180 eommunieuturis.
887 4152 891 4157 ·
1088 4118 1152 4182 isse
1165 4120 1356 4199 prophetiam
1373 4121 1555 4194 Hieremiae,
1571 4135 1641 4182 euna
1659 4120 1699 4182 de
1723 4133 1803 4198 pane
1828 4117 1949 4180 Hucine·

229 4201 291 4264 Sao
306 4201 464 4261 rideamus
478 4199 552 4278 qnid
567 4199 611 4261 illi
628 4215 667 4260 ex
690 4198 877 4262 Tertulliano
891 4199 1040 4264 adierunt.
1086 4200 1191 4264 ristiae
1209 4202 1294 4265 dixit:
1310 4203 1375 4268 Hoa
1388 4211 1433 4268 eal
1446 4217 1562 4284 aorptta
1576 4217 1696 4278 meam,
1712 4201 1802 4282 armti
1811 4214 1874 4281 pro
1894 4217 1948 4266 aa·

185 4283 253 4344 Trio
270 4283 362 4360 igitur
376 4280 549 4343 testimonia
564 4297 601 4343 ex
616 4282 669 4343 illo
693 4282 878 4360 produount.
907 4283 1040 4348 Primum
1086 4281 1134 4348 bt'a
1147 4286 1304 4350 trenetur.

185 4371 235 4427 ost
249 4366 304 4426 lilr.
321 4365 350 4426 l.
366 4369 471 4427 eontra
483 4363 680 4436 llareionem,
703 4365 793 4441 paulo
807 4368 1037 4430 solomonium:
1127 4365 1181 4429 Ubi
1199 4383 1328 4433 neeesse
1343 4374 1390 4434 est
1404 4382 1459 4449 per
1470 4383 1580 4450 pauent
1591 4365 1674 4445 apud
1688 4364 1871 4428 Hieremiam
1884 4381 1948 4428 nou

187 4448 252 4511 Sed
265 4447 333 4521 ille,
346 4447 456 4525 inquit,
470 4450 1042 4529 usqae-namaneeapnemreproau·
1086 4448 1227 4528 aeoipera
1245 4467 1354 4533 panem
1371 4453 1569 4520 materialem,
1585 4451 1637 4528 qui
1651 4447 1807 4528 signilluet
1833 4462 1950 4528 eorpus

185 4531 231 4594 ait
245 4529 410 4604 aieatoaa'a,
424 4543 491 4609 aaa
510 4544 585 4592 anos
606 4528 720 4598 uotae,
735 4543 796 4593 alea
823 4531 950 4607 aaran,
976 4549 1040 4612 qao
1086 4528 1197 4596 aaran
1212 4534 1260 4612 (ut
1274 4535 1419 4598 haeretiei
1434 4535 1600 4612 loquuntur
1614 4533 1653 4597 de
1669 4547 1748 4610 pune
1763 4531 1948 4597 Hoaharisti·

185 4629 263 4676 aaoa
276 4614 382 4690 aopit,
396 4627 457 4674 aree
467 4611 571 4674 aretiis
595 4621 626 4674 ει
643 4612 734 4676 laeua
756 4614 951 4688 societatem,
976 4632 1040 4696 praa
1087 4615 1138 4694 ue)
1152 4623 1335 4695 sequeretur
1349 4618 1429 4680 enin
1445 4632 1554 4696 punem
1569 4615 1666 4677 inisse
1680 4613 1869 4686 uruoillxum,
1884 4631 1948 4676 uon

181 4711 262 4761 aona
275 4695 433 4773 iaiaatat,
446 4709 508 4757 oea
519 4707 652 4774 paoem,
667 4695 781 4776 ioqan
800 4697 912 4776 ipsam
923 4715 1040 4778 eorpraa
1086 4703 1187 4760 autem
1201 4699 1303 4779 ipsum
1321 4699 1484 4772 Christum,
1500 4699 1527 4760 si
1545 4698 1585 4760 ita
1600 4696 1810 4776 aeeiperenms
1823 4711 1862 4760 eo
1875 4696 1948 4760 loeo
2040 4719 2041 4732 ¹

184 4782 528 4856 mamrepraeseatat.
693 4804 697 4815 ·
1087 4793 1212 4859 panam3
1226 4782 1283 4845 sed
1299 4783 1440 4863 aenipera
1455 4779 1592 4860 ungimur
1606 4793 1663 4859 per
1690 4793 1813 4858 punem,
1842 4778 1946 4856 ipsum

229 4860 424 4939 Respondeat
441 4859 574 4922 Verbum
589 4859 848 4937 appraeseutuudi
862 4861 1038 4943 ambiguum
1087 4877 1191 4929 aarum
1205 4863 1318 4928 *Christi
1336 4881 1460 4944 eorpus,
1475 4863 1556 4942 ouon
1572 4870 1620 4926 est
1634 4861 1721 4941 punis
1737 4861 1825 4926 ritae.
1836 4859 1946 4941 Itaque
2017 4903 2019 4912 ·

187 4941 503 5023 estraignitleateuim
518 4947 710 5021 praesentem
725 4945 936 5024 remotionum
960 4946 1038 5009 laee-
1087 4943 1258 5010 Hieremias
1282 4947 1416 5028 loquitur
1438 4945 1563 5026 quidem
1587 4943 1727 5022 figurate,
1754 4943 1810 5008 sed
1837 4949 1946 5024 tropus

186 5041 233 5096 re,
249 5027 314 5088 sire
328 5027 442 5102 reipsa,
464 5026 529 5086 siae
543 5022 576 5086 in
590 5025 808 5106 signo-aliquo,
823 5028 872 5090 uel
892 5029 1038 5109 imagine.
1088 5043 1151 5090 non
1167 5037 1214 5092 est
1229 5029 1259 5092 iu
1275 5044 1324 5105 eo,
1340 5029 1421 5111 quon
1437 5027 1526 5109 panis
1541 5027 1658 5090 amatur
1672 5041 1796 5104 eorpus,
1811 5026 1882 5103 auia
1904 5028 1948 5091 sil

188 5108 241 5180 lo,
257 5114 290 5172 ut
303 5108 438 5169 omittam
452 5106 625 5169 testimonia
639 5107 807 5176 clueronis,
823 5117 854 5172 ει
868 5112 957 5172 eliam
972 5127 1040 5174 eun·
1087 5112 1226 5191 eorporis
1239 5112 1372 5193 signum
1388 5113 1443 5176 saal
1458 5113 1489 5173 in
1503 5127 1554 5186 eo,
1582 5109 1662 5188 quod
1688 5123 1800 5188 eorpus
1824 5109 1946 5172 alieatnr

186 5197 304 5252 eloruru
320 5187 710 5271 autrumuutaequeuur
737 5198 863 5255 utuntur
887 5194 944 5256 hae
967 5209 1042 5257 roae
1087 5195 1188 5270 panis,
1203 5195 1274 5274 quia
1289 5197 1383 5263 nutrit
1396 5193 1513 5258 animas
1537 5199 1655 5256 nasuta
1678 5192 1773 5255 tuam
1787 5191 1887 5269 panis:
1910 5199 1948 5256 ut

188 5273 226 5333 arl
257 5269 491 5356 significandum
519 5289 583 5335 rem
612 5272 745 5352 aliquam
769 5291 841 5338 rere
868 5282 899 5338 et
919 5277 1042 5355 proprie
1087 5275 1177 5339 etiam
1193 5275 1618 5357 reeleesposuitLautantius
1634 5274 1687 5336 lib.
1715 5273 1746 5336 t.
1772 5273 1866 5336 alula.
1893 5273 1945 5336 In·

186 5359 381 5432 praesentem
393 5354 544 5416 exhiberi:
572 5355 776 5419 Tertullianus
800 5356 868 5436 ipse
883 5361 1041 5438 utriusque
1086 5359 1182 5424 stitul.
1198 5375 1267 5440 eap.
1284 5361 1334 5423 18.
1348 5361 1399 5424 ubi
1415 5360 1488 5422 dicit
1503 5374 1615 5436 eorpus
1636 5355 1757 5418 Domini
1778 5356 1877 5418 uoueri
1893 5375 1949 5435 pa·

186 5435 1041 5602 ittllllttliatltllalsllmttilitit*
1087 5441 1514 5602 lilailttlltatllsti
1526 5439 1761 5602 1111ιέ11.
1770 5439 1945 5586 liltlll·

184 5607 399 5680 pramnataaa
412 5617 501 5665 eona
515 5601 573 5665 Hie
584 5608 630 5665 eet
641 5601 745 5667 Filiae
758 5569 849 5668 mette
859 5541 985 5668 stefani
997 5607 1042 5669 di·
1087 5622 1160 5670 num
1175 5607 1338 5672 declaravit
1352 5607 1543 5688 prophetiam
1559 5605 1738 5678 Hieremiae,
1757 5621 1827 5668 aum
1842 5606 1884 5668 alt
1905 5607 1949 5668 de

187 5687 229 5746 uit
242 5684 341 5746 Deum
356 5683 542 5762 Patremqui
553 5684 717 5764 aliquando
728 5686 909 5766 promiserat
920 5688 1040 5766 Titium,
1087 5705 1177 5769 pane:
1193 5691 1258 5756 Hoo
1271 5695 1316 5755 est
1326 5705 1443 5772 eorpata
1452 5702 1574 5764 meana
1590 5704 1663 5768 ergo
1676 5687 1816 5753 Christus
1829 5701 1892 5750 non
1906 5693 1949 5754 ue
