4084 6275
803 360 899 423 llllzlt
917 364 1044 427 antuus
1705 376 1742 435 ⁸3

79 498 198 573 Quarta
212 494 353 561 dadnitlu
367 501 416 561 est
429 493 574 572 ullomm,
595 495 648 577 gul
664 496 781 572 nolunt,
808 514 911 562 saera·
995 487 1250 580 'lartloprobatur
1260 503 1420 569 anaidem.
1435 503 1814 583 liamlposinluslloman.

41 590 148 645 menta
168 596 238 645 esse
252 582 341 659 signa
356 582 481 661 gratiae,
498 594 559 641 non
577 594 655 657 quae
672 586 745 642 tunc
760 583 911 661 percipia-
954 584 985 647 d.
998 584 1191 663 apertissima
1212 590 1297 649 dieii:
1328 588 1515 667 baptismum
1545 587 1720 669 significare
1734 608 1816 655 mor-

40 673 102 737 tua,
120 667 184 727 sed
199 662 353 742 quaejam
370 668 457 725 antea
469 666 614 741 pcraapla
628 662 730 725 luerit.
743 662 828 725 llano
841 667 911 731 sinu
956 676 1016 731 iem
1031 673 1062 729 et
1074 671 1329 732 resurrectionem
1345 671 1469 734 Christi:
1492 676 1523 733 et
1544 670 1575 732 le
1605 670 1743 737 dorintu.
1761 679 1815 741 ll.

39 750 176 810 nomine
191 747 325 810 aucturis
340 746 486 815 releruni,
517 748 548 805 el
576 744 720 807 relelluni
747 747 911 827 zwinglius
955 750 1264 814 diciizlluclraristiam
1278 755 1443 816 institutam
1458 754 1490 815 in
1506 755 1684 816 memoriam
1701 759 1818 835 passio·

39 830 72 893 in
90 830 152 891 lib.
171 832 210 892 de
224 844 292 889 reru
322 835 354 891 et
368 828 441 891 ialsa
456 826 618 905 religione,
648 844 717 906 cap.
747 832 786 893 de
810 846 910 891 sacra·
957 836 1005 894 nis
1019 834 1152 895 bomini<
1168 835 1233 897 Noa
1248 836 1341 914 igitur
1355 843 1544 901 sacramenia
1560 836 1737 916 signiueant
1766 858 1818 903 so·

39 912 161 973 mentis
190 918 222 974 et
239 910 416 973 llemnitlus
431 910 490 971 loe.
504 910 556 971 cit.
571 909 603 972 in
618 909 763 974 Eximiae
777 928 847 993 pag.
857 913 909 975 titi.
957 918 1020 977 turn
1034 916 1190 980 hominurn
1206 918 1317 983 initiari
1330 920 1404 994 Deo,
1422 922 1469 983 aei
1484 920 1631 1001 conjungi
1657 937 1728 983 cnm
1759 925 1816 987 Ec·

39 996 76 1055 Et
91 994 186 1057 iacile
215 994 339 1056 relulari
367 999 480 1073 potest:
507 992 578 1069 quia
607 992 761 1072 Scriptura
788 996 912 1061 disertis
955 998 1063 1061 alesia.
1593 1016 1597 1022 ¹

40 1079 150 1140 uerbis
164 1080 272 1150 docet,
288 1074 524 1138 sacramentale
540 1078 695 1152 praesenti
711 1078 837 1157 gratiam
859 1080 912 1142 ad·

39 1164 135 1231 terre,
154 1159 261 1221 toton
278 1159 331 1221 22.
344 1158 443 1221 Ablue
454 1161 592 1237 peccatu
603 1165 671 1220 luc.
868 1170 873 1177 ·

80 1242 198 1316 Quinta
215 1240 355 1305 delinitio
371 1248 419 1304 esi
434 1240 559 1319 zwingli
572 1246 603 1303 et
623 1247 811 1305 sectaturum
827 1242 908 1325 ejus,

37 1331 174 1403 exceptu
190 1332 295 1386 tamen
311 1323 399 1387 Petro
430 1323 572 1403 llartyre,
599 1330 737 1403 utsupra
763 1327 910 1389 diximus.

39 1408 219 1487 zwinglius
236 1406 329 1485 igitur
343 1408 375 1469 iu
389 1406 445 1469 lib.
461 1404 501 1467 de
516 1420 586 1467 aera
613 1411 644 1468 ei
656 1407 730 1469 ialsa
746 1408 910 1489 religione3
1137 1399 1307 1477 delebitur
1326 1396 1472 1477 &bailio
1495 1397 1633 1463 Caluini.

39 1508 111 1567 cap.
128 1494 170 1553 de
187 1491 404 1565 sacramentis,
421 1496 587 1567 postquam
617 1490 758 1552 reiularit
786 1499 911 1554 senten·
1473 1526 1476 1532 ·

38 1573 114 1635 tiam
133 1574 362 1635 catholicorum
393 1578 423 1633 ei
437 1570 691 1643 Luilrerauurum,
708 1572 806 1651 aperit
827 1590 912 1636 men·
995 1567 1151 1634 Postrema
1179 1569 1329 1641 delinitio,
1364 1588 1401 1633 ac
1421 1571 1573 1633 sententia
1609 1577 1659 1633 esi
1683 1570 1814 1635 loannis

40 1666 103 1718 tem
117 1672 221 1729 suam,
236 1672 272 1717 aa
286 1655 390 1728 docet,
406 1659 594 1715 sacramenta
616 1653 694 1717 nitati
722 1671 793 1719 esse
814 1658 909 1733 aliud,
955 1648 1083 1723 calvini.
1099 1656 1151 1733 qui
1167 1654 1222 1716 ll'b·
1238 1654 1270 1717 4·
1287 1654 1385 1717 lusiti-
1399 1671 1467 1732 cap·
1485 1655 1535 1716 ll·
1551 1654 1569 1735 b
1592 1655 1631 1716 l,
1649 1654 1698 1716 his
1712 1656 1817 1718 verbis

41 1738 103 1801 nisi
128 1739 333 1801 initiationem
363 1736 527 1816 quandum,
553 1742 583 1797 ei
611 1738 910 1817 oppignerationem,
956 1736 1040 1810 dieii,
1057 1738 1230 1813 simplicem
1255 1744 1287 1799 et
1313 1738 1466 1815 propriam
1495 1736 1645 1797 contineri
1667 1736 1820 1800 dedalric-

41 1818 621 1898 ouavidelicetlrominesseobligant
640 1821 815 1891 carisiaci
842 1823 911 1900 ajars
955 1833 1026 1878 tiam
1061 1820 1256 1881 sacramenti:
1286 1819 1546 1891 Salaminum,
1574 1826 1747 1882 emmim
1770 1828 1817 1884 esi

42 1906 172 1965 miiitiae
188 1918 302 1965 nornen
318 1902 402 1964 dant.
419 1901 462 1963 Ex
478 1916 539 1981 quo
560 1901 696 1975 deducit,
719 1914 910 1969 sacramenta
955 1901 1217 1983 modulumque
1229 1901 1469 1966 beneuolentiae
1483 1918 1562 1981 crgo
1574 1916 1726 1965 noasuue
1739 1920 1814 1981 pru·

43 2002 104 2047 nun
117 2002 195 2047 esse
208 1986 387 2048 testimonie
397 1980 546 2064 iustitiae,
564 1987 707 2063 propriae
732 1988 761 2048 ci
788 1988 841 2065 qui
864 2006 912 2054 sa·
953 1984 1124 2047 medones
1138 1986 1344 2047 conscientiis
1351 1986 1469 2047 noatm
1483 1983 1640 2047 Dombtua
1654 1984 1815 2065 obsignat.

44 2075 198 2130 eramenta
214 2068 358 2145 suscipit,
375 2075 408 2129 ut
422 2066 584 2127 lutherani
600 2067 754 2139 dicebant:
767 2072 822 2131 sud
838 2084 910 2135 esse
955 2066 1465 2144 adstuliwuilamfiduiuoairuu
1490 2067 1755 2131 imbecillitatem:
1790 2077 1820 2131 ct

45 2152 221 2212 testimonia
236 2150 360 2230 publiea
378 2154 429 2213 tott
445 2148 603 2211 Ecclesiae
615 2152 654 2213 de
666 2150 855 2231 obligatione
880 2162 911 2217 et
953 2164 1015 2211 uus
1028 2150 1173 2213 meusim
1181 2152 1334 2229 pictatem
1344 2165 1423 2227 erga
1433 2164 1510 2212 cuna
1521 2154 1670 2213 nostrum
1689 2156 1757 2212 tum
1768 2168 1819 2213 ee·

42 2234 205 2303 lidelitate,
225 2248 317 2315 quam
334 2230 640 2305 illedebeiclrrislo,
658 2235 706 2295 cui
737 2250 772 2297 se
801 2252 911 2298 conse·
954 2246 1030 2295 rum
1045 2233 1276 2311 eoeiungeit'a,
1302 2248 1404 2313 guum
1432 2232 1526 2311 opud
1553 2232 1699 2297 immines
1724 2232 1820 2297 icciu-

42 2318 149 2377 erarii.
168 2316 306 2377 Eandem
323 2316 506 2377 sententiam
522 2316 662 2392 sequitur
677 2316 825 2381 liertinus
853 2320 910 2382 liu·
952 2328 1040 2377 mur.

42 2415 134 2459 cerus
151 2400 182 2459 in
200 2398 379 2460 Conmment.
397 2398 428 2459 3.
444 2414 513 2475 unp.
544 2396 649 2460 llattlr.
668 2400 752 2463 ¹eiln
782 2403 910 2479 praelat.
992 2396 1048 2459 Est
1087 2405 1189 2461 autem
1216 2394 1453 2465 observandum,
1483 2394 1597 2458 citrini
1627 2398 1818 2461 sententiam·

43 2482 202 2543 seruandae
217 2481 367 2543 editionis
380 2484 547 2542 eorundem
564 2483 861 2557 commentariorum,
876 2502 910 2548 u·
951 2479 1154 2559 dumpusitarn
1173 2481 1267 2545 rideri
1283 2496 1321 2543 ex
1335 2479 1461 2542 Lutberi
1476 2485 1508 2541 et
1535 2479 1672 2558 zwinglii
1688 2487 1817 2543 senten·

43 2565 70 2625 bi
85 2565 185 2625 addit:
205 2562 300 2639 Quod
311 2563 450 2641 aiii;qui
463 2562 763 2641 bcpiiauattmsuati
773 2570 910 2645 mecde-
953 2562 1016 2624 tiis.
1032 2564 1102 2625 dam
1119 2566 1200 2642 quod
1215 2563 1445 2643 aiisgmboluru
1457 2561 1623 2639 obsignare
1636 2564 1817 2640 promissio·

44 2649 247 2709 atinatiluna
260 2650 501 2709 annumeratum
510 2660 580 2707 non
592 2647 697 2709 auium
709 2650 909 2730 mimum,
954 2660 1011 2707 nes
1025 2645 1063 2707 ad
1077 2646 1292 2709 sustinendam
1308 2644 1381 2707 lidei
1394 2644 1646 2717 imbecillitatem,
1656 2660 1694 2707 ex
1708 2646 1818 2708 tuliae·

43 2733 133 2808 qaaod
147 2730 202 2791 iili
217 2730 298 2791 demi
310 2742 432 2791 nomen
448 2727 579 2793 Clttistu.
597 2737 626 2790 ei
653 2732 860 2810 recipiuntur
872 2735 911 2797 in
953 2742 987 2789 ru
1002 2737 1160 2807 sumptum
1176 2734 1236 2805 est3
1252 2728 1333 2806 quud
1345 2727 1430 2790 addit
1440 2728 1473 2788 lu
1484 2726 1559 2798 due,
1571 2728 1681 2790 eodem
1694 2728 1818 2807 simbo-

42 2820 180 2875 eatemu
195 2812 415 2881 scaininscd
431 2810 531 2872 elium
541 2810 646 2889 adieri
657 2816 909 2892 quundumeon·
956 2810 986 2873 lo
1002 2826 1060 2873 nos
1074 2812 1177 2874 testari
1194 2810 1275 2889 apud
1291 2811 1434 2873 homiues
1447 2808 1592 2889 pietatem
1614 2816 1748 2871 nostram
1764 2827 1812 2873 er·

43 2898 254 2968 solutionem·
269 2894 300 2955 si
310 2908 386 2956 uero
401 2898 558 2955 twnstntt
575 2897 826 2973 praedestinati,
842 2906 911 2962 inm
953 2910 989 2973 ga
1005 2895 1114 2968 lleum,
1130 2910 1167 2957 en
1181 2892 1326 2970 zwinglie
1340 2898 1389 2955 est
1402 2898 1574 2971 accepturu:
1590 2897 1691 2954 umen
1714 2893 1817 2972 reipsa

41 2984 288 3040 sacamentum
304 2982 350 3039 est
362 2977 494 3038 nudum
506 2976 649 3055 nmium
663 2974 753 3059 quod
764 2979 816 3042 iiii
828 2982 910 3044 reci·
953 2976 1119 3054 plurimum
1134 2976 1277 3039 dissentit
1291 2974 1434 3038 Caluinus
1448 2976 1486 3037 ab
1498 2981 1643 3053 unoque.
1676 2976 1747 3037 dum
1772 2982 1817 3037 et·

43 3064 177 3138 piaretur
186 3061 228 3122 in
243 3065 383 3121 caterno
396 3058 552 3129 Ecclesia,
567 3074 636 3121 non
664 3068 774 3124 nutem
796 3063 908 3127 olleo.
953 3058 1096 3121 iamcum
1111 3058 1257 3136 zwinglio
1282 3058 1433 3138 agnoscit,
1455 3064 1814 3120 sacramentuuusiesta·

45 3145 122 3205 llnde
138 3145 236 3206 etiam
254 3143 393 3210 deducit,
408 3141 574 3204 infantibus
587 3159 648 3204 nou
660 3148 908 3222 praedestinatis,
954 3141 978 3204 ri
996 3143 1174 3206 hominibus
1188 3144 1333 3221 pietatem
1347 3147 1494 3215 nostram,
1509 3147 1610 3203 tamen
1627 3148 1719 3219 negat
1732 3141 1816 3204 bunc

46 3228 116 3287 nibil
134 3226 294 3304 prodesse
316 3225 518 3304 baptismum,
542 3226 598 3287 sed
614 3227 716 3305 perire
740 3243 806 3305 eos,
837 3231 912 3293 licei
953 3226 1153 3295 essesotum,
1169 3227 1217 3287 rel
1241 3223 1415 3304 primarium
1443 3240 1531 3285 rasum
1559 3227 1753 3289 sacramenti.
1785 3230 1817 3286 ei

43 3309 276 3387 sintbaptiaaii.
856 3345 858 3350 -
952 3303 1812 3387 acerrimepugnat,cap.lt.a§5.usqueauli.prosen-

79 3392 160 3453 llaec
174 3389 332 3452 sententia
350 3387 461 3450 similis
473 3395 520 3450 est
531 3391 753 3468 superioribus,
772 3410 839 3455 nam
855 3395 909 3458 ad·
954 3393 1046 3453 leniit
1062 3391 1200 3463 lobilleri,
1213 3396 1245 3452 el
1262 3390 1363 3452 8⁰¹*st
1380 3389 1481 3450 ⁰¹1¹¹¹i³
1509 3394 1700 3467 irzssfflesslia
1729 3405 1811 3468 (illio

43 3475 93 3534 lert
108 3474 241 3552 quidem
254 3471 369 3550 aliquid
382 3473 443 3533 reri
456 3472 571 3549 (raeque
584 3474 665 3535 enim
679 3476 781 3554 negari
795 3483 907 3552 potest,
951 3472 1119 3551 zwinglius
1136 3471 1432 3536 etliueerusiaciunt
1443 3471 1810 3540 contrabutberumtam-

42 3559 108 3634 quin
124 3573 186 3633 per
210 3561 402 3616 sacramenta
418 3555 584 3631 intuemur,
611 3563 643 3618 et
664 3573 775 3619 nornen
788 3563 908 3622 cbristo
953 3555 1009 3618 etsi
1028 3557 1182 3619 neminem
1208 3571 1315 3618 eorum
1339 3554 1487 3616 nominat.
1510 3553 1576 3616 Pari
1593 3556 1722 3626 ratione,
1740 3555 1813 3616 licut

41 3645 195 3700 «temneat
208 3639 332 3716 publice
346 3643 564 3710 testemur,uos
577 3654 647 3700 esse
660 3641 794 3703 membra
804 3641 907 3705 Enete·
952 3655 1021 3700 oum
1038 3639 1169 3702 luthero
1183 3637 1313 3704 affirmet
1326 3642 1518 3698 sacramenta
1546 3650 1617 3709 esse
1639 3637 1811 3697 testimonia

43 3725 115 3801 siae)
132 3723 193 3783 sed
210 3723 241 3781 in
259 3735 297 3781 eu
310 3730 401 3790 errat,
418 3723 499 3799 quud
517 3735 576 3780 nun
593 3723 732 3802 agnoscit
753 3726 844 3785 alium
873 3724 907 3786 il·
952 3722 1078 3799 gratiae.
1094 3728 1125 3784 et
1139 3719 1332 3784 remissionis
1348 3726 1556 3796 peecatorum:
1572 3724 1676 3779 tamen
1692 3720 1721 3780 id
1745 3719 1811 3780 lon·

41 3819 104 3864 nem
120 3803 341 3864 sublimiorem
357 3801 560 3863 institutionis
582 3812 856 3869 sacramentorum:
874 3812 906 3870 et
951 3817 990 3879 ge
1004 3805 1095 3866 aliter
1107 3805 1260 3883 intelligit,
1277 3817 1369 3878 mam
1384 3800 1548 3863 lutherus.
1563 3800 1716 3862 lliceeim
1730 3817 1810 3863 sem-

41 3887 165 3962 proinde
184 3901 252 3946 uon
269 3891 352 3946 reete
381 3886 515 3964 explieat
542 3893 682 3948 naturam
709 3891 905 3952 sacramenti.
952 3901 1008 3962 per
1023 3885 1158 3964 loquitur
1172 3887 1212 3948 de
1224 3887 1332 3964 gratia,
1356 3899 1435 3962 quae
1464 3890 1537 3945 iuno
1565 3883 1653 3944 datur
1680 3882 1810 3957 bomini,

41 3967 70 4028 Et
91 3968 248 4046 prubnur
259 3967 319 4028 boc
336 3967 434 4044 primo
451 3967 906 4051 exsententiazwinglii,clr1i·
951 3983 1023 4030 uum
1042 3975 1229 4031 sacramenta
1241 3965 1384 4047 percipit:
1400 3966 1438 4028 tt
1452 3963 1595 4028 Calvinus
1623 3966 1810 4044 loquiturdc

40 4061 100 4112 stris
117 4051 288 4130 utilinga,
312 4049 367 4110 aed
383 4050 484 4113 solum
499 4048 591 4111 homo
620 4056 748 4114 testatur
770 4067 811 4116 ‘se
839 4055 906 4118 lere
949 4051 1046 4128 gratia
1077 4049 1417 4131 praedestinationem
1452 4047 1583 4126 preinde
1617 4047 1682 4110 nult
1711 4065 1810 4112 sacra

42 4133 172 4194 liciam.
187 4134 229 4194 tt
241 4131 330 4194 ioan.
355 4131 384 4193 l.
401 4132 524 4194 dicitur:
540 4132 600 4195 llic
612 4136 728 4214 estqui
747 4134 902 4216 baptizat,
950 4139 1054 4194 menta
1088 4149 1164 4197 esse
1193 4130 1367 4195 testimonia
1411 4130 1737 4209 praedestinationis,
1773 4133 1810 4194 ad

40 4219 199 4296 etEplres.
216 4213 586 4278 5.llnndonacumetc.
949 4214 1125 4278 eamlidem
1167 4215 1308 4278 alendam
1345 4215 1494 4286 instituta,
1522 4230 1582 4295 qua
1614 4212 1708 4276 bomo
1742 4229 1807 4276 cer·

74 4297 238 4360 metando:
258 4296 334 4370 Quia
348 4296 514 4376 zwinglius
535 4296 676 4377 requirit,
704 4307 735 4363 ui
760 4300 903 4366 homines
948 4303 979 4358 to
994 4299 1141 4360 oreditsa
1154 4315 1226 4361 esse
1241 4296 1512 4376 praedestinatum
1535 4311 1572 4359 ex
1593 4312 1654 4373 guo
1669 4295 1810 4374 sequitur

42 4389 206 4456 anteguam
228 4386 418 4441 sacramenta
433 4380 592 4457 recipiant,
609 4380 672 4442 sini
682 4381 851 4461 iustillcati,
870 4391 901 4448 el
947 4379 991 4448 id,
1008 4382 1238 4458 quud-Bucerus
1260 4379 1405 4448 dicebat,
1434 4386 1625 4442 sacramenta
1655 4393 1717 4439 non
1734 4390 1805 4441 esse

41 4465 195 4540 conjuncti
214 4461 333 4524 cbristo
345 4461 484 4535 interius,
501 4467 533 4523 et
546 4464 645 4525 sulum
663 4481 718 4543 per
729 4481 901 4530 sacramen·
947 4479 1016 4526 vera
1033 4465 1133 4541 signa,
1146 4479 1204 4526 neu
1219 4462 1368 4542 prodesse
1384 4460 1444 4523 nisi
1457 4461 1705 4540 praedestinatis.

42 4553 64 4605 ta
78 4547 224 4608 exterius
240 4549 401 4620 testentur,
419 4551 448 4604 et
462 4544 661 4622 profiteantur
674 4547 708 4609 se
722 4549 801 4611 velle
815 4547 900 4612 Curt-
986 4547 1228 4610 Fundamentum
1243 4551 1346 4606 autem
1361 4543 1454 4623 liujus
1468 4545 1512 4606 rei
1525 4550 1583 4619 est,
1606 4542 1688 4622 quod
1704 4543 1809 4604 existi·

39 4636 79 4687 sto
106 4628 257 4696 militare,
287 4632 318 4688 ei
342 4627 499 4690 Ecclesiae
529 4635 674 4691 externae
702 4629 840 4712 adjungi.
864 4634 902 4696 di
945 4637 1007 4690 met
1023 4628 1166 4693 dalwinus
1180 4628 1227 4707 (ut
1241 4633 1309 4705 lpse
1325 4627 1393 4690 iusa
1408 4633 1514 4688 tractat
1533 4627 1589 4688 lib.
1615 4625 1646 4688 3.
1669 4623 1803 4690 institut.

39 4713 216 4788 scripturae
230 4715 381 4772 testantur
393 4718 582 4772 sacramenta
595 4727 667 4774 esse
695 4713 831 4776 instituta
861 4717 900 4779 ad
945 4712 1064 4791 capz.)
1076 4727 1176 4774 reram
1191 4711 1283 4773 idem
1297 4710 1394 4772 semei
1404 4709 1719 4786 lrabitam,uumquam
1733 4724 1807 4787 pns-

39 4793 291 4854 sanctificandum
319 4799 349 4853 et
363 4793 573 4854 mundandum
586 4795 741 4857 bominem
756 4795 897 4863 interius.
945 4796 1100 4858 scamilli:
1118 4793 1190 4856 irinc
1204 4793 1287 4854 enirn
1315 4793 1455 4872 sequitur
1479 4807 1580 4854 weram
1598 4789 1715 4863 fldem,
1735 4790 1805 4854 siue

40 4873 66 4934 ld
78 4877 161 4936 euim
175 4872 332 4951 significat
345 4874 522 4952 Apostolus,
545 4893 615 4938 cum
636 4877 689 4948 aii,
718 4879 833 4956 Ephes.
864 4882 896 4944 5.
944 4894 1002 4954 qua
1014 4884 1203 4940 sacramenta
1218 4874 1296 4937 nibil
1311 4880 1452 4953 prosunt,
1467 4888 1538 4936 esse
1551 4874 1703 4952 propriam
1717 4888 1804 4950 prae·

39 4958 287 5020 Eundunacum
300 4957 430 5020 lauacro
445 4959 603 5038 uguuein
616 4958 710 5023 nmio
723 4962 821 5024 oiiuc.
850 4964 896 5027 ld
943 4961 1176 5029 destinatorum,
1192 4973 1251 5020 aec
1266 4972 1333 5020 eam
1347 4958 1412 5020 ullo
1433 4957 1524 5018 modo
1545 4955 1650 5017 baberi
1674 4970 1766 5029 posse
1787 4974 1805 5016 a

41 5057 122 5116 quern
139 5041 249 5104 locum
263 5040 435 5118 respiciens
448 5056 475 5101 s.
493 5042 682 5120 Augustinus
697 5049 813 5106 tractat.
842 5045 894 5110 80.
943 5058 1004 5105 non
1021 5041 1267 5122 praedestinatis.
1282 5039 1368 5102 Unde
1382 5041 1412 5100 in
1427 5038 1571 5101 llniidoto
1586 5037 1707 5100 concilii
1720 5054 1803 5100 sess.

43 5123 66 5181 in
81 5122 171 5186 ioan.
185 5121 324 5200 scripsit:
342 5121 431 5185 dade
446 5123 525 5185 bueo
540 5129 633 5186 tuoto
646 5127 749 5188 alaim
774 5143 894 5207 uqttue,
941 5123 974 5186 6.
987 5143 1055 5206 cap.
1067 5124 1100 5187 5.
1116 5125 1201 5197 dicit,
1217 5124 1404 5204 Baptismum
1431 5119 1496 5183 dari
1525 5119 1705 5193 infantibus,
1731 5122 1803 5197 quia

42 5211 71 5264 ut
84 5219 206 5286 comata
220 5209 335 5283 langui
363 5209 392 5267 ei
407 5219 462 5268 eur
475 5205 608 5269 uoluae
629 5205 704 5270 Item
717 5206 804 5271 ioan.
817 5209 848 5273 3.
865 5218 898 5273 et
942 5214 1112 5272 censentur
1124 5207 1187 5286 jam
1203 5205 1338 5269 membra
1354 5202 1607 5272 acclamantem
1632 5204 1695 5264 sini
1708 5219 1725 5264 a
1740 5201 1806 5266 Deo

42 5290 71 5347 ad
85 5287 146 5349 Tit.
162 5288 195 5349 3.
213 5287 324 5348 dieitur
338 5287 513 5367 Baptismus
527 5290 679 5352 lavacrum
692 5294 897 5370 regeneratio·
943 5291 1075 5370 adoptati
1090 5291 1121 5351 in
1137 5289 1230 5364 lilios,
1246 5287 1389 5350 nimirum
1405 5301 1462 5365 per
1481 5285 1607 5364 gratiam
1634 5285 1804 5363 praedesti·

44 5373 82 5432 nis
96 5377 127 5431 et
141 5369 362 5432 renoratiunis.
393 5367 436 5432 Ex
448 5371 649 5450 quibuslueis
665 5373 825 5450 babemus
840 5391 898 5456 per
944 5373 1087 5436 nationis:
1103 5379 1134 5434 et
1146 5372 1261 5435 ibidem
1276 5385 1357 5434 sess.
1375 5369 1404 5431 i.
1421 5383 1531 5431 canon.
1550 5368 1579 5430 i.
1595 5367 1635 5430 de
1649 5367 1803 5445 Baptismo

45 5452 227 5530 baptismum
242 5452 399 5514 bonrlnem
414 5455 548 5528 renasci,
565 5457 646 5533 quod
658 5456 695 5518 ad
717 5456 896 5521 interiorem
941 5457 1027 5518 dieii:
1044 5456 1272 5518 Sacramentum
1283 5452 1414 5514 reddere
1428 5467 1486 5514 nos
1509 5454 1610 5513 certus
1629 5450 1669 5512 de
1694 5465 1803 5532 perpe·

47 5538 196 5596 huminem
210 5535 387 5612 pertinet,ei
405 5551 467 5597 non
482 5537 582 5598 solum
594 5539 727 5602 caterius
740 5541 844 5603 testari
860 5557 896 5604 sa
943 5544 991 5601 tua
1005 5537 1178 5616 adoptionis
1188 5533 1506 5615 gratiazetclarissimc
1520 5533 1552 5594 in
1563 5532 1662 5595 libde
1672 5547 1803 5596 eonsen-

50 5629 110 5678 esse
133 5616 271 5678 lidelern.
283 5617 349 5680 lluc
361 5617 452 5680 etiam
467 5621 622 5698 pertinent
635 5619 811 5700 Scripturas
824 5625 896 5686 eiia-
942 5623 1030 5684 sione
1045 5621 1125 5681 inter
1138 5619 1301 5698 ligurinus
1325 5625 1356 5679 et
1370 5615 1568 5679 Generenses
1587 5613 1619 5677 iu
1646 5631 1679 5677 re
1701 5632 1803 5677 sacra·

54 5707 92 5762 tae
106 5707 213 5762 eontm
228 5699 303 5764 ulios
318 5715 453 5776 errores,
468 5703 535 5766 Aet.
551 5703 582 5764 ἓ.
599 5709 629 5766 ei
643 5703 695 5766 22.
711 5705 743 5766 l.
776 5703 846 5769 Cor.
862 5706 895 5768 6.
941 5705 1100 5777 meutaria,
1116 5702 1163 5764 sie
1174 5703 1215 5764 ait
1226 5699 1379 5776 Calvinus:
1393 5699 1511 5763 sconia
1523 5699 1686 5773 docemus,
1701 5696 1805 5762 Deum

1282 1207 1400 1273 CAPUT
1410 1208 1501 1283 xvi,
