4084 6275
847 403 944 464 ttltttll
963 403 1119 473 ultanus
1747 410 1802 470 tte

103 543 197 614 stura,
210 544 242 602 ιι
255 533 408 618 integrum
423 543 647 602 sacramentum
659 537 693 601 in
708 547 768 602 una
783 539 890 618 specie
912 557 963 603 su·
1006 539 1140 620 xemplis
1153 537 1318 605 similibus.
1333 539 1423 606 certe
1436 542 1642 610 sacerdotium
1656 545 1782 624 qratiam
1796 562 1870 608 con·

103 622 146 685 nri
166 621 454 691 demonstravimus:
480 622 511 684 id
536 639 632 688 unum
646 628 799 702 superest,
816 629 850 685 ut
862 619 964 686 video·
1008 625 1078 697 lert,
1096 637 1154 686 neo
1169 627 1270 684 tamen
1285 625 1411 702 expedit
1427 626 1571 690 omnibus
1599 627 1664 690 ileri
1680 629 1870 691 sacerdotes.

103 721 176 768 mus
190 709 290 768 ulrum
303 703 415 782 aliquis
428 704 546 768 fructus
556 707 595 768 iis
610 706 767 784 depereat,
781 707 832 784 qui
847 707 905 768 sub
921 707 964 768 al·
1008 706 1146 768 Parvaiis
1160 704 1352 768 Eucharistia
1367 709 1494 788 gratiam
1516 708 1670 774 conterret
1685 757 1692 779 .
1723 717 1755 772 et
1768 717 1872 772 tamen

103 793 169 850 tera
182 794 298 852 tanturn
312 787 418 866 specie
432 787 655 851 Eucharistiam
677 795 814 850 sumunt.
837 789 875 850 tlt
889 806 965 869 quo·
1008 790 1081 870 quia
1094 804 1130 852 ea
1145 804 1208 850 non
1223 789 1362 869 indigent
1377 793 1563 863 necessario,
1580 809 1639 855 nee
1666 792 1736 855 sine
1760 793 1873 865 irreve-

104 872 189 934 niam
201 871 241 934 de
255 870 354 932 fructu
369 877 628 933 sacramentorum
645 872 736 948 longe
752 872 839 934 aliter
859 871 964 951 dispn·
1008 872 1105 933 rantia
1122 872 1168 934 eis
1182 872 1256 934 dare
1272 878 1389 950 posset,
1407 889 1467 934 non
1484 875 1531 936 eis
1545 875 1656 951 datur,
1676 891 1777 955 neque
1791 894 1808 937 a
1822 893 1873 938 ca·

104 962 173 1018 tant
187 953 334 1018 baeretici
349 953 444 1015 nostri
466 954 625 1033 temporis,
642 961 733 1032 atque
759 955 901 1017 catholici
923 956 964 1016 ia·
1008 954 1144 1024 tbolicis,
1160 969 1263 1033 neque
1277 956 1315 1016 ab
1327 956 1501 1019 haereticis.

101 1041 200 1108 ciunt,
214 1037 300 1119 juxta
315 1042 512 1113 utrorumque
540 1036 723 1098 sententiam
752 1037 791 1099 de
819 1036 965 1101 linebant·
1052 1032 1210 1099 Praeterea
1225 1039 1296 1114 ptus
1311 1037 1425 1116 gratioe
1440 1038 1536 1119 recipi
1553 1047 1654 1120 potest
1669 1057 1705 1103 ex
1718 1041 1874 1119 frequenti

101 1121 181 1184 stiae
197 1120 297 1182 iruetu
312 1117 514 1181 disseremus.
757 1175 759 1180 ,
790 1149 793 1156 -
1010 1118 1232 1183 communione
1246 1122 1306 1182 sub
1328 1136 1389 1182 una
1404 1120 1523 1200 specie,
1547 1137 1637 1199 quam
1666 1141 1704 1185 ex
1732 1140 1798 1187 rura
1814 1123 1873 1184 sub

145 1204 190 1264 bc
205 1207 239 1264 ut
252 1201 432 1264 asentcntia
445 1198 668 1264 baereticorum
681 1201 878 1274 incipiamus,
905 1209 965 1264 sta·
1009 1211 1216 1278 utraqneznon
1231 1200 1380 1280 igiturest
1392 1204 1566 1265 necessaria
1577 1204 1756 1267 communio
1767 1206 1825 1267 sub
1842 1223 1875 1266 ιι·

102 1291 158 1348 ιιι
175 1286 255 1348 banc
267 1284 508 1362 propositionem
525 1283 654 1369 Primam
671 1303 679 1344 ε
711 1284 790 1364 ujns
816 1283 940 1361 fructus
957 1332 972 1353 ,.
1011 1292 1129 1363 traque,
1156 1300 1225 1348 cnm
1242 1284 1321 1346 inciti
1336 1287 1461 1364 negotio
1472 1290 1664 1364 compensari
1681 1289 1778 1367 possit
1792 1289 1876 1349 darri-

101 1384 202 1446 qucm
214 1366 393 1430 lutherani
405 1381 516 1430 omnes
530 1368 567 1429 in
578 1368 791 1430 sacrementis
805 1373 968 1445 quaerunt
1012 1384 1097 1438 num,
1114 1366 1140 1428 si
1156 1368 1238 1443 quod
1253 1369 1304 1430 sit.
1321 1368 1392 1447 llam
1408 1368 1435 1430 si
1450 1371 1676 1432 communicant
1688 1371 1751 1448 iam
1762 1373 1875 1447 singn-

101 1467 176 1514 non
185 1451 296 1514 minus
315 1450 512 1528 praecipiunt,
528 1451 590 1528 qui
602 1449 660 1512 aab
674 1452 862 1528 unospccic
884 1467 970 1513 eom·
1012 1452 1052 1512 lis
1074 1449 1235 1511 mensibus
1251 1451 1310 1512 snb
1327 1455 1467 1528 utraque;
1482 1454 1710 1514 communicent
1738 1454 1876 1514 decimo·

102 1532 287 1604 munirent,
301 1547 403 1612 quarn
414 1533 472 1612 qni
485 1531 544 1594 snb
559 1531 699 1596 duobos.
723 1531 879 1594 Probatur.
896 1534 968 1596 llam
1012 1532 1132 1609 quinto.
1149 1537 1201 1594 aut
1215 1539 1321 1592 octavo
1337 1549 1462 1612 quoque
1476 1533 1527 1596 die
1541 1534 1600 1596 sub
1616 1540 1723 1609 uno,et
1735 1535 1806 1596 sine
1820 1536 1875 1597 du·

103 1618 225 1680 tructus
239 1631 332 1694 quem
349 1614 514 1676 Lutbereni
530 1616 560 1674 in
577 1613 778 1676 sacramentis
792 1622 965 1692 quaerunt,
1012 1616 1065 1679 bio
1082 1615 1182 1675 multo
1196 1615 1329 1693 amplius
1345 1617 1556 1679 lucrabuntur.

1 1736 5 1745 ·
105 1708 156 1762 cst
170 1699 311 1762 excitatio
326 1696 461 1763 ddei.rcl
477 1695 680 1759 coniirmatio:
699 1698 806 1758 dicunt
821 1700 903 1758 enirn
920 1715 968 1761 sn·
1054 1699 1209 1776 lienique,
1226 1698 1325 1776 posita
1341 1699 1465 1762 veritate
1480 1699 1637 1762 secundae
1652 1699 1877 1772 conclusionis,

105 1787 264 1844 momenta
281 1795 341 1842 non
358 1781 447 1842 aliter
461 1779 622 1857 prodesse,
640 1797 731 1860 qnam
746 1779 971 1858 significatione
1013 1796 1093 1858 qnae
1108 1780 1279 1841 certissimo
1294 1785 1353 1842 est.
1371 1783 1469 1860 magis
1485 1783 1619 1844 lucratur
1633 1783 1685 1862 qui
1712 1783 1760 1859 (ut
1774 1782 1880 1843 accle-

105 1870 343 1942 contenanum
357 1861 472 1924 visibili
493 1863 587 1925 verbo
610 1863 871 1941 repraesentando
900 1881 970 1944 pro·
1015 1861 1228 1937 siacobediatl
1244 1863 1451 1925 communicat
1465 1865 1525 1926 sub
1547 1881 1620 1935 uno,
1647 1881 1736 1940 quom
1752 1865 1803 1942 qui
1820 1864 1879 1924 snb

105 1947 278 2008 missiones
289 1944 357 2007 Dei.
373 1943 468 2018 Quam
492 1959 598 2008 corum
629 1948 812 2008 sententiam
843 1949 972 2024 copiose
1016 1946 1147 2013 duabus.
1165 1946 1233 2007 sine
1250 1945 1302 2006 illo
1316 1945 1434 2025 ingenti
1449 1948 1645 2010 obedientiae
1659 1947 1770 2008 iructu.

107 2030 344 2100 declaravimus,
360 2034 392 2090 et
406 2025 630 2090 confutavimus
652 2030 683 2090 in
698 2029 800 2090 liba.
817 2029 856 2092 de
870 2046 970 2092 sacra·
1057 2029 1103 2090 Sit
1116 2027 1231 2089 Ultimo
1249 2029 1431 2106 propositio:
1447 2029 1536 2092 Nihil
1553 2031 1734 2109 spirituales
1757 2028 1883 2106 fructae

108 2111 223 2175 mentis
235 2112 267 2174 in
278 2125 407 2194 genere,
424 2109 455 2171 in
472 2109 679 2188 disputatione
694 2113 733 2174 dc
746 2111 855 2174 ellectu
871 2129 971 2174 saera·
1015 2112 1146 2190 cupitur
1158 2126 1205 2174 cm
1215 2109 1344 2173 duobus
1356 2111 1535 2190 speciebus,
1547 2115 1636 2194 qnod
1648 2127 1718 2184 non
1731 2113 1884 2191 cupiatur·

110 2200 301 2258 mentorum.
318 2193 380 2256 ιιιι
408 2199 510 2254 autem
536 2192 653 2255 tructus
682 2195 794 2258 meiius
819 2195 975 2260 obtinetur
1016 2211 1060 2257 cm
1074 2210 1155 2256 uno.
1172 2191 1254 2255 llaec
1270 2193 1439 2271 propositio
1452 2211 1514 2257 non
1530 2202 1578 2258 cst
1592 2196 1671 2257 adeo
1686 2201 1818 2266 certant
1830 2211 1885 2256 su·

109 2277 246 2340 videndo
261 2274 481 2339 bncbaristtam
498 2274 529 2336 in
548 2291 676 2348 mensa,
700 2293 790 2357 quam
806 2293 872 2339 cam
889 2295 972 2344 mon·
1016 2277 1132 2357 perior:
1148 2277 1188 2338 de
1204 2274 1359 2339 badenim
1381 2277 1464 2338 varie
1475 2280 1613 2341 sentiunt
1627 2277 1883 2355 theologiaeque

0 2389 2 2396 v
110 2357 357 2424 ducenanltam
379 2357 452 2420 dum
478 2360 705 2432 mottducatur,
734 2361 975 2439 continnoperit
1017 2361 1183 2422 concilium
1200 2374 1266 2420 earn
1282 2364 1389 2438 aparte
1405 2359 1536 2422 definire
1551 2360 1682 2423 videtur.
1712 2359 1767 2422 Ειι
1782 2367 1886 2422 tauron

110 2441 309 2522 significatio,
326 2440 439 2503 aldum
454 2440 601 2512 cernitur,
617 2448 648 2504 ct
668 2447 782 2505 attente
797 2443 947 2522 cogitatur
963 2490 972 2516 ,
1017 2440 1300 2521 nostra-sententia,
1317 2446 1409 2520 atquc
1423 2443 1552 2507 assertio
1566 2443 1752 2513 communis,
1769 2449 1801 2504 et
1816 2458 1884 2520 pro⁶

110 2540 239 2605 semper
266 2528 478 2603 repraesentat
516 2528 548 2585 ct
568 2523 721 2603 significat
749 2526 974 2603 promissiones
1017 2525 1221 2594 habilissima,
1238 2526 1315 2586 adeo
1330 2524 1563 2604 at‘simpiieiter
1577 2527 1676 2588 asseri
1693 2571 1701 2599 ,
1718 2532 1750 2586 et
1764 2539 1800 2586 ιι
1817 2527 1886 2602 put-

110 2609 181 2681 Dei,
204 2606 324 2670 edamsi
335 2621 389 2685 per
405 2606 557 2684 integrum
573 2623 687 2668 annum
699 2609 769 2686 quis
784 2623 849 2668 eam
866 2624 975 2670 cerne·
1019 2609 1082 2687 pito
1098 2607 1129 2668 ia
1145 2608 1296 2670 concione
1312 2605 1349 2666 nd
1364 2610 1514 2688 populum
1531 2610 1663 2686 proponi
1692 2610 1801 2686 possit.
1812 2605 1887 2668 Nam

110 2709 146 2754 re
158 2691 263 2754 vellet.
280 2690 440 2751 Praeterea
460 2687 643 2766 significatio
668 2691 780 2752 melius
802 2692 975 2769 apprehen·
1019 2692 1050 2752 in
1068 2689 1176 2766 primis
1191 2691 1358 2751 concilium
1375 2691 1577 2754 tridentinum
1593 2693 1666 2755 licet
1681 2707 1742 2754 uon
1758 2691 1888 2769 opertis-

110 2775 195 2836 ditnr
209 2787 266 2852 per
279 2771 401 2843 oculus,
415 2787 505 2848 quam
522 2785 578 2849 per
588 2772 731 2851 gustandi
748 2789 887 2847 sensum,
904 2779 974 2836 edm
1020 2774 1098 2835 sime
1113 2772 1172 2833 boc
1187 2771 1354 2842 definierit,
1372 2779 1474 2836 tamen
1496 2776 1571 2838 satis
1599 2774 1715 2837 indicat
1734 2788 1817 2834 scss.
1833 2773 1887 2834 Pl.

112 2857 154 2920 sit
168 2857 221 2918 ilie
233 2858 327 2934 longe
338 2853 525 2930 spiritualior
540 2859 571 2916 et
582 2857 680 2932 aptior
692 2856 728 2916 nd
740 2855 975 2936 intelligentiam
1020 2854 1166 2916 canomd.
1184 2871 1254 2930 cum
1269 2854 1341 2916 dicit
1351 2855 1421 2918 .snb
1438 2872 1498 2917 una
1514 2855 1623 2935 specie
1637 2855 1722 2918 sumi·
1734 2855 1889 2932 inte'qrum

113 2938 330 3017 adiuvandam.
347 2935 427 2998 tlibil
440 2951 514 3014 ergo
529 2935 644 2999 tructus
658 2939 736 3016 perit
747 2938 975 3002 communican-
1021 2936 1175 3000 christum
1189 2938 1328 3000 omnium
1351 2938 1514 3017 gratiarum
1536 2939 1664 3000 iontem:
1687 2937 1842 3016 signifieat
1855 2952 1888 2998 e·

112 3022 201 3084 tibus
211 3021 270 3084 sub
286 3019 434 3097 nunquia
449 3019 523 3101 licet
538 3036 628 3081 unam
646 3027 762 3084 tantum
777 3037 830 3084 ore
842 3027 974 3096 sumant,
1021 3021 1084 3082 nim
1100 3020 1150 3081 bis
1165 3022 1268 3083 verbis
1282 3024 1341 3086 sub
1358 3037 1417 3083 una
1432 3021 1539 3100 specie
1565 3023 1649 3082 sumi
1674 3036 1798 3082 omnem
1820 3035 1889 3096 qra-

0 3141 1 3144 =
114 3103 507 3180 tam'enocalisutramquu
518 3108 644 3165 sumunt
659 3120 721 3168 non
738 3104 851 3174 minus,
882 3121 974 3183 quam
1023 3104 1106 3174 tiam,
1124 3119 1202 3182 quae
1217 3117 1255 3165 ex
1269 3102 1461 3171 Eucharistia
1478 3103 1559 3167 sumi
1575 3107 1688 3183 potest.
1705 3102 1739 3164 ln
1757 3101 1892 3164 concilio

113 3190 307 3260 sacerdotes,
320 3192 351 3247 et
365 3192 507 3263 possunt,
524 3186 673 3251 stratoni
689 3235 698 3263 ,
729 3204 766 3251 ex
782 3188 834 3249 illc
850 3196 978 3267 aspectu
1024 3187 1115 3249 etiam
1131 3187 1301 3249 basileensi
1317 3206 1353 3253 ea
1368 3188 1547 3251 conditione
1562 3202 1733 3249 concessus
1747 3185 1802 3247 tuit
1813 3184 1894 3247 enlin

114 3269 373 3351 siqnidcationem
396 3268 567 3345 percipere.
1023 3270 1217 3339 Bobernis,nt
1229 3270 1553 3339 Ruardustestatur,ut
1568 3271 1731 3332 crederent
1746 3285 1807 3330 non
1822 3269 1894 3342 plus

157 3351 428 3425 sitiamseeundu
443 3351 612 3428 propositio
624 3351 663 3414 de
679 3352 778 3415 tractu
794 3353 978 3415 sacramenti
1024 3353 1141 3415 fructus
1156 3354 1235 3413 sumi
1251 3370 1288 3414 ex
1309 3354 1430 3418 duabus
1446 3353 1636 3432 speciebus,
1653 3368 1743 3431 quam
1760 3366 1799 3413 cr
1816 3366 1892 3411 una.

5 3473 8 3491 .
115 3436 290 3497 secundum
305 3432 483 3496 catholicos:
499 3433 552 3497 Em
566 3434 711 3514 quotibet
723 3438 828 3514 specte
841 3437 979 3514 percipi·
1069 3435 1239 3510 Praeterea,
1256 3443 1303 3497 cst
1318 3438 1395 3499 baec
1408 3436 1562 3497 sententio
1584 3434 1757 3496 communis
1774 3434 1895 3495 tbenlo·

115 3524 172 3581 tur
186 3506 315 3581 tontum
328 3516 397 3597 ejus
411 3514 646 3597 [pactamquern
661 3518 811 3581 collectici
824 3518 861 3581 in
871 3535 982 3581 socro-
1027 3532 1147 3594 porum,
1165 3524 1227 3578 turn
1244 3526 1393 3597 veterum,
1410 3525 1481 3580 ιιι.
1498 3518 1633 3578 Pbomne
1645 3531 1754 3594 opusc.
1768 3514 1893 3590 occup.

115 3608 226 3664 mereto
240 3602 417 3680 quaerunt,
433 3604 596 3679 qnantum
623 3601 844 3663 neceesarium
869 3610 913 3665 est
937 3596 984 3665 ud
1028 3599 1080 3661 aa.
1096 3600 1127 3661 in
1143 3599 1218 3670 dne.
1234 3607 1266 3661 ct
1281 3602 1311 3663 3.
1332 3618 1398 3681 par.
1413 3606 1534 3680 quaest.
1550 3598 1601 3661 all.
1615 3606 1672 3661 art.
1683 3600 1740 3659 utt.
1754 3613 1781 3657 s.
1797 3597 1894 3661 Boua·

116 3684 269 3747 romam
282 3680 506 3757 Habctnrbaec
529 3684 697 3762 propositio
723 3684 753 3746 in
782 3684 914 3747 concilio
931 3686 981 3746 tri·
1027 3689 1175 3744 venturae
1189 3686 1233 3745 *et
1247 3683 1389 3746 llicbardi
1405 3683 1438 3744 in
1452 3682 1483 3743 i.
1500 3684 1572 3743 dist.
1590 3681 1640 3742 ιι.
1657 3690 1723 3743 tum
1738 3681 1829 3741 ctiam
1846 3694 1894 3741 re-

117 3768 248 3829 dentino
263 3780 345 3827 sess.
363 3765 416 3827 Pi.
428 3780 509 3827 can.
535 3763 565 3826 3.
593 3764 654 3827 ubi.
672 3766 838 3829 concilium
864 3767 982 3831 directe
1028 3767 1211 3836 cantiorum,
1229 3774 1260 3826 ut
1276 3766 1426 3829 Gabrielis
1442 3765 1513 3825 lect.
1530 3762 1582 3825 at.
1599 3763 1631 3824 in
1653 3778 1805 3825 canonem
1822 3764 1895 3823 mis·

118 3850 245 3911 damnat
265 3848 491 3910 baereticorum
517 3848 702 3910 sententiam
728 3850 767 3911 de
797 3849 982 3912 necessitate
1027 3845 1376 3923 sae‚10on.Rotiensis,
1407 3847 1569 3927 Gajetani,
1594 3844 1718 3908 bomin.
1750 3862 1768 3905 a
1797 3845 1893 3919 soto,

88 3968 92 3977 ·
117 3932 282 4009 utriusque
296 3928 427 4009 speciei.
455 3930 526 3993 llam
550 3930 666 3993 iructus
682 3948 773 4011 quem
789 3932 932 3993 catholici
950 3932 981 3993 iu
1025 3930 1153 4000 tinardi,
1169 3928 1286 3992 loona
1302 3930 1446 4005 bononia,
1463 3937 1495 3993 et
1508 3928 1650 3996 otiorum.

118 4018 312 4077 sacramento
327 4020 490 4092 quaerunt,
502 4016 661 4097 estqrutir
685 4016 739 4078 Dei
752 4016 872 4077 animae
885 4016 982 4077 iniusn
1071 4012 1155 4074 llnus
1171 4020 1220 4074 ιιι
1233 4030 1271 4075 er
1292 4014 1460 4087 veteribus,
1486 4014 1538 4091 qui
1561 4009 1746 4074 eontrarium
1769 4009 1892 4079 sensit,

118 4112 178 4175 per
192 4112 282 4175 quam
299 4100 499 4159 conservatur·
512 4096 569 4155 vita
580 4096 713 4169 animae,
730 4103 763 4160 ut
774 4112 830 4177 per
845 4097 983 4159 ciborum
1031 4096 1203 4165 alexander
1217 4098 1335 4159 alensis
1350 4098 1381 4158 iu
1397 4096 1427 4158 l.
1445 4112 1511 4175 par.
1537 4108 1676 4157 summae
1704 4098 1826 4169 quaest.
1842 4091 1896 4153 ab.

121 4180 320 4241 nutritionem
333 4183 552 4247 conservantur
573 4194 712 4257 corpora:
744 4179 798 4243 sed
825 4180 983 4259 quaelibet
1032 4179 1147 4240 memb.
1163 4180 1193 4240 l.
1210 4177 1254 4240 ιιι
1270 4178 1496 4242 recentioribus
1523 4185 1625 4239 autem
1654 4175 1770 4250 Gospor
1791 4172 1898 4235 Cassa·

118 4261 245 4338 species
257 4258 375 4323 coniart
385 4260 525 4338 qratiam,
540 4266 573 4323 ut
584 4278 675 4341 supra
686 4262 980 4333 demonstravimus,
1030 4261 1090 4323 lius
1105 4261 1136 4321 in
1150 4261 1182 4322 2.
1199 4262 1255 4323 lib.
1272 4263 1311 4324 de
1326 4278 1423 4325 coena
1438 4267 1470 4323 et
1484 4260 1580 4323 calice
1601 4259 1702 4338 capita
1716 4255 1768 4318 25.
1786 4272 1850 4317 rem
1867 4259 1898 4317 in

120 4344 250 4407 comsit
270 4359 374 4405 verum
390 4348 626 4416 sacramentum,
656 4352 688 4415 ιι
715 4344 846 4424 quilibet
868 4345 983 4424 gradus
1031 4343 1159 4405 dubium
1175 4352 1307 4407 revocat.
1325 4346 1360 4405 ιιι
1376 4346 1514 4425 quamvis
1529 4342 1671 4405 lluardus
1700 4340 1838 4401 videatur
1852 4341 1897 4400 in·

4 4450 6 4455 ’
119 4427 237 4506 gratiae
258 4424 371 4489 sufficit
384 4426 589 4502 adimplendo
603 4430 852 4499 mandata,immo
867 4430 903 4488 ad
920 4430 984 4507 pet·
1031 4429 1152 4487 tardum
1166 4426 1198 4487 in
1215 4429 1397 4490 contrariam
1413 4427 1596 4489 sententiam
1621 4422 1815 4502 propendere
1832 4459 1840 4493 r
1866 4423 1899 4484 id

119 4510 213 4571 lenda
229 4507 319 4571 ctiam
331 4508 432 4571 omnin
444 4508 624 4587 peccatatit
635 4498 831 4573 confirmatur
844 4528 881 4572 ex
896 4509 985 4573 Jocn.
1031 4509 1116 4582 iacit,
1146 4514 1180 4572 ut
1194 4510 1298 4589 aliquo
1327 4511 1419 4571 modo
1442 4509 1587 4584 conciliet
1611 4504 1814 4569 Alexandrum
1830 4520 1901 4567 eum

0 4627 4 4648 s
121 4592 211 4654 dubi
224 4590 374 4653 Dominus
389 4591 553 4669 pollicetur
563 4594 652 4653 vitam
666 4595 799 4655 sumenti
813 4610 903 4655 unam
917 4610 987 4671 spe·
1035 4590 1186 4653 sententia
1203 4593 1371 4654 communi:
1387 4591 1502 4670 alioqui
1526 4592 1608 4661 enim
1624 4588 1766 4668 plurimis
1779 4588 1809 4647 in
1822 4588 1900 4649 locis

120 4676 216 4737 ciem:
232 4672 293 4750 Qui
305 4675 487 4738 ιιιιιιιιιιιι
501 4675 588 4738 bunc
601 4692 725 4755 ponem
738 4678 821 4739 uiuet
834 4677 873 4739 in
887 4684 987 4741 ceter-
1037 4672 1232 4751 apertissime
1247 4675 1350 4743 docet.
1367 4674 1587 4755 nihilomnino
1609 4674 1678 4752 ptus
1700 4670 1839 4731 utilitatis
1853 4684 1901 4731 rc·

1 4767 11 4801 ·-
119 4774 217 4821 num.
1037 4756 1099 4835 cipi
1114 4772 1152 4818 ex
1166 4756 1287 4819 duobus
1296 4757 1476 4836 speciebus,
1491 4773 1583 4835 quam
1598 4772 1636 4818 ιιι
1651 4772 1722 4827 uua,
1739 4766 1819 4845 qaae
1832 4753 1900 4815 loco

165 4835 266 4901 Tertia
281 4839 464 4919 propositio:
483 4839 574 4903 'Licet
586 4840 662 4919 plue
676 4842 804 4919 pectino
819 4847 848 4903 et
861 4841 989 4918 [auctam
1007 4824 1023 4853 '
1039 4839 1203 4919 diligenter
1218 4844 1332 4902 notavit
1344 4839 1480 4903 ioannes
1495 4857 1512 4900 a
1527 4840 1670 4901 lovanio.

4 4971 7 4983 .
122 4922 622 5004 emutruqucapccimquom‘cm
636 4930 991 5001 unctantnmcnpere·
1079 4922 1226 4983 Probatur
1241 4924 1336 5003 igitur
1349 4921 1519 5003 propositio
1539 4928 1674 4985 nostrae.
1705 4918 1736 4981 st
1765 4919 1901 4997 sumptio

120 5012 187 5079 tur,
209 5010 459 5085 conproptcrcn
471 5021 552 5085 opus
567 5014 656 5080 meet,
671 5008 722 5069 uel
743 5008 934 5087 expediret,
955 5010 992 5069 ιιι
1038 5005 1200 5083 utriusque
1216 5007 1332 5084 speciei
1349 5008 1420 5084 plus
1435 5004 1575 5083 gratiae,
1601 5010 1654 5066 out
1681 5002 1799 5065 tractus
1811 5003 1902 5080 spiri·

121 5102 236 5151 omncs
257 5094 434 5170 tetramque
454 5091 594 5167 speciem
621 5095 798 5155 semerom.
831 5090 990 5153 Probatur.
1040 5088 1132 5149 tualis
1147 5089 1277 5160 content,
1294 5104 1386 5167 quam
1397 5084 1532 5165 sumptio
1547 5087 1652 5160 unius,
1679 5086 1709 5146 id
1727 5083 1903 5160 necessario

121 5170 197 5233 Nam
215 5184 253 5234 cx
267 5172 389 5235 duobus
402 5172 492 5234 malis
502 5188 627 5251 semper
637 5179 686 5235 est
696 5171 873 5253 eligendum
888 5171 991 5234 minus
1038 5169 1170 5231 oriretur
1181 5171 1229 5232 vel
1245 5187 1283 5233 ιι
1296 5170 1439 5252 symbolo
1454 5170 1644 5240 continente,
1656 5169 1704 5231 vel
1719 5179 1758 5230 ax
1781 5184 1815 5230 rc
1830 5184 1902 5237 eon·

123 5253 251 5317 melum:
268 5260 434 5317 astantem
449 5254 552 5318 minus
568 5256 680 5318 malum
693 5260 726 5317 ut
738 5256 882 5319 homines
894 5253 990 5333 aliqui
1038 5257 1132 5313 tenta.
1148 5252 1193 5313 ιιι
1206 5254 1347 5333 symbolo
1363 5254 1394 5315 id
1411 5252 1498 5318 nasci
1513 5268 1575 5314 nan
1591 5258 1693 5331 potest
1705 5250 1804 5330 ,·quia
1820 5265 1902 5329 spru·

121 5341 248 5399 careant
261 5334 365 5415 aliquo
378 5338 529 5401 bononon
542 5339 827 5416 necessario,quam
842 5344 874 5399 ut
886 5354 989 5399 sacra·
1035 5332 1141 5395 bolum
1155 5350 1216 5396 non
1232 5335 1451 5412 operatur,nisi
1468 5351 1523 5413 per
1537 5336 1677 5399 virtutem
1693 5334 1753 5395 sibi
1771 5336 1902 5412 impres·

122 5419 323 5481 mentumllei
333 5419 466 5483 evidenti
477 5420 614 5499 periculo
628 5420 843 5483 irreverentiae
855 5434 989 5499 expono·
1036 5417 1115 5492 sani3
1130 5418 1160 5477 in
1180 5416 1372 5485 liuctloristia
1389 5426 1492 5480 autem
1506 5420 1574 5481 loco
1591 5417 1709 5479 virtutis
1733 5417 1904 5495 impressae

126 5500 645 5580 turllxponereturantemeridenti
658 5502 837 5581 periculosi
854 5518 991 5565 commu·
1036 5504 1084 5560 est
1098 5500 1166 5578 ipse
1181 5498 1339 5573 'cbristus
1354 5502 1419 5562 sive
1432 5518 1546 5581 corpus
1561 5502 1630 5581 ejus
1646 5508 1677 5562 et
1699 5500 1905 5579 sanguistuon

125 5584 840 5663 niterpopulodareturEucbaristiasudspccie
851 5586 991 5660 vini3mo·
1037 5580 1131 5660 igitur
1144 5598 1182 5643 ιι
1195 5582 1336 5661 symbolo
1352 5583 1449 5644 oritur
1466 5584 1563 5663 major
1578 5584 1687 5662 piatio.
1777 5614 1780 5618 ·

124 5667 233 5732 raliter
246 5666 329 5729 enim
340 5666 406 5729 beri
424 5680 484 5729 non
501 5670 693 5747 posset‚quin
710 5668 835 5745 saepius
851 5664 989 5728 effunde·
1078 5664 1179 5727 ilices:
1193 5665 1275 5726 ticet
1290 5666 1463 5745 symbolum
1476 5665 1835 5746 opereturpervirtctem
1851 5663 1905 5723 im·

5 5798 6 5801 η
127 5749 316 5829 tursanguis
329 5748 504 5813 Dominillt
515 5750 711 5815 confirmatur
724 5752 798 5813 baec
814 5750 889 5811 ratio
904 5748 942 5809 ab
959 5764 989 5812 e·
1037 5761 1187 5823 pressam,
1205 5756 1305 5809 tamen
1318 5748 1348 5810 id
1363 5754 1520 5827 operatur,
1537 5749 1619 5827 quod
1643 5746 1816 5827 siqnittcatq
1833 5762 1906 5823 crgo

202 5854 375 5911 Betuanvnr.
394 5852 452 5908 Vnt.
475 5850 522 5910 llt.
877 5918 882 5927 Ι
1624 5850 1656 5904 lt
