4084 6275
251 353 306 412 801
817 352 860 408 DE
879 349 1105 409 stetttittitt‘id
1125 303 1328 408 birtPlllllONil

178 492 210 550 ot
224 484 338 550 dcindc
351 484 423 566 jure
438 483 542 547 dirino
554 481 746 562 evangelico:
758 498 822 545 non
834 488 936 563 potest
951 488 1054 561 autom
1100 497 1172 546 esse
1189 480 1379 562 laciendum,
1396 479 1445 544 rel
1461 495 1522 542 non
1540 477 1716 545 iaciendum
1743 484 1779 544 ut
1792 495 1823 542 s.
1842 475 1978 544 ronnas

178 569 306 630 interior
321 565 503 645 dispensare
519 565 550 628 io
566 566 636 644 tege
661 564 836 644 superioris
846 563 979 644 proinde
995 580 1055 628 nee
1100 565 1193 628 docet
1204 565 1235 628 in
1249 563 1280 626 i.
1293 567 1430 646 sentent.
1443 562 1516 626 dist.
1529 561 1581 624 33.
1594 565 1750 639 quaesti.
1765 571 1829 626 art.
1845 563 1875 624 1.
1893 561 1931 622 ad
1948 565 1977 622 2.

181 653 273 712 tronto
290 650 321 711 io
336 650 406 725 lege
421 648 489 710 lici.
556 672 558 675 ·
717 700 720 704 ι
1101 643 1187 708 Sicut
1212 646 1305 725 igitur
1329 645 1458 723 speciali
1485 645 1688 724 inspiratione
1703 645 1826 708 sancita
1844 644 1975 706 tuerata

222 726 378 794 Secunda:
391 729 495 792 Potest
509 729 592 792 beas
607 730 799 807 dupormoro
813 726 1054 807 nireopolgpo·
1090 727 1166 792 'lieo
1192 729 1241 792 Ιιι
1268 726 1493 807 monogamiae,
1517 726 1557 791 ita
1572 726 1703 804 speciali
1717 726 1932 806 inspiratione
1947 742 1976 786 o·
2033 721 2034 760 l

180 814 284 876 otium
297 813 398 875 unios
412 812 478 874 oiri
488 827 564 875 euna
575 812 726 890 pluribus
736 810 983 881 umoribustton
993 823 1054 874 utr-
1100 826 1159 889 pus
1174 817 1240 872 erat
1255 810 1286 870 in
1302 807 1634 887 eiosssdispensatione.

179 895 359 958 teoraciae
372 894 577 957 umorbeum
590 894 801 956 mottisoiris.
817 894 904 955 ttatio
919 893 1055 966 estante
1142 891 1253 965 Quarta
1274 891 1457 971 propositio:
1484 889 1691 966 Dispensatio
1716 891 1808 954 nica
1836 889 1976 969 polypo·
2033 911 2034 982 r

113 996 116 1001 ·
181 978 242 1039 duo
257 991 370 1056 genera
383 981 620 1054 praeceptorum
633 976 733 1053 adjus
747 981 871 1038 naturae
884 975 1050 1052 pertinent.
1099 974 1213 1044 mium,
1236 973 1388 1036 indicato
1416 977 1462 1036 est
1478 989 1500 1034 o
1513 970 1578 1033 Deo
1593 971 1709 1050 primis
1725 973 1857 1051 aliquot
1871 971 1976 1032 Putri-

181 1059 335 1132 Quaedam
352 1057 537 1120 universalia
552 1064 583 1118 nt
598 1058 864 1132 communissima,
887 1070 966 1133 quae
982 1058 1055 1116 suot
1100 1054 1172 1130 bats:
1190 1054 1460 1132 deindeitlorttm
1490 1051 1827 1132 uerbootrtearamplo
1845 1055 1978 1116 odene-
2033 1065 2034 1090 ³

179 1139 271 1202 veluti
287 1139 438 1217 principia
456 1140 553 1216 prima
565 1140 644 1214 juris
656 1145 795 1200 naturae.
808 1137 965 1213 Quaedam
981 1135 1052 1212 alia,
1099 1135 1184 1199 ieros
1193 1137 1353 1214 peruenit.

178 1238 258 1300 quae
273 1238 310 1282 er
326 1221 434 1299 primis
450 1226 602 1299 tamquam
619 1221 839 1282 conclusiones
865 1217 1052 1281 derivantur.
1141 1219 1301 1293 Probatur,
1315 1218 1459 1298 quiajam
1473 1215 1810 1296 temporalbralrae,ct
1823 1217 1978 1292 deinceps

177 1302 351 1380 litquidem
369 1303 469 1380 priora
491 1304 556 1377 illa,
584 1305 748 1364 continent
773 1304 812 1363 ita
838 1299 1062 1363 universaliter·
1099 1308 1205 1378 postea
1221 1315 1273 1362 res
1288 1307 1352 1362 erat
1367 1300 1511 1362 omuibus
1528 1305 1611 1374 uota,
1628 1299 1719 1372 adeo,
1743 1305 1776 1360 ut
1791 1297 1868 1361 Sara
1885 1301 1976 1358 lbra·

177 1387 315 1462 regulam
332 1383 540 1457 rectitudinis,
557 1388 589 1445 ot
611 1385 642 1444 in
666 1383 753 1446 nullo
778 1399 852 1446 casu
883 1382 1053 1445 mutatione
1100 1382 1223 1444 hamunt
1237 1382 1446 1445 induceretad
1459 1381 1630 1444 secundam
1642 1396 1769 1444 oaorem
1783 1381 1975 1444 ducendam.

178 1467 241 1528 ulla
259 1467 428 1545 indigeant,
445 1473 475 1528 et
489 1465 561 1527 ideo
577 1464 791 1539 suutomnino
822 1463 1053 1540 indispensabi·
1098 1464 1204 1542 Neque
1230 1465 1314 1526 enirn
1339 1463 1491 1532 credibile
1522 1469 1580 1531 ost.
1598 1461 1703 1526 Βιιιιιι
1719 1461 1892 1525 ioeminam
1909 1477 1978 1522 sao·

176 1548 230 1625 tia;
246 1549 348 1627 qualia
364 1553 437 1611 suot
453 1554 619 1626 praecepta
636 1547 789 1625 decalogi.
811 1546 983 1610 Posteriora
999 1562 1053 1606 au·
1099 1547 1267 1608 ctissimam
1297 1546 1358 1608 hoo
1383 1545 1530 1608 iacturam
1553 1543 1680 1617 luisse,
1707 1544 1767 1604 oisi
1795 1543 1827 1604 id
1856 1543 1975 1604 licitum

175 1636 238 1690 tem
254 1630 415 1693 continent
436 1629 562 1708 quidem
589 1630 726 1706 regulam
753 1627 962 1690 rectitudinis:
995 1626 1052 1688 sed
1099 1640 1170 1690 esse
1196 1626 1350 1692 sciuisset:
1379 1643 1482 1705 noque
1506 1625 1674 1688 verisimile
1700 1631 1758 1699 est,
1778 1626 1823 1686 iiii
1842 1627 1975 1704 primum

177 1712 345 1790 aliquando
362 1712 486 1773 mutatis
502 1711 745 1773 circumstantiis
773 1726 873 1772 rerum
900 1715 931 1770 et
946 1723 1053 1786 perso·
1098 1710 1159 1772 boc
1184 1726 1199 1770 a
1227 1709 1292 1773 beo
1314 1709 1496 1776 indicatum.
1524 1707 1590 1770 Pari
1605 1708 1724 1771 ratione
1738 1707 1849 1770 Labau
1865 1707 1977 1770 obtulit

177 1809 298 1864 narum,
315 1795 391 1856 utile
403 1799 450 1855 cst
465 1793 567 1869 legem
583 1792 692 1854 mutari
710 1809 719 1867 3
748 1793 805 1854 sed
829 1797 930 1853 tamen
961 1793 1052 1852 etiam
1097 1788 1213 1852 Jacobo
1229 1790 1307 1853 duas
1322 1790 1448 1868 blias3et
1462 1805 1568 1854 rursus
1585 1788 1657 1852 illae
1673 1791 1859 1852 obtulerunt
1874 1792 1975 1852 eidem

176 1882 251 1937 tuoe
266 1875 373 1937 mutari
390 1890 452 1938 non
469 1879 571 1952 potest
585 1874 646 1936 nisi
658 1874 698 1935 'ob
714 1873 820 1950 eo,oui
836 1873 920 1934 illam
937 1873 1051 1950 posuit.
1086 1874 1176 1936 *duos
1192 1871 1267 1934 alias
1282 1871 1407 1948 utores3
1425 1889 1528 1951 nequo
1544 1871 1612 1948 ipsc
1628 1873 1758 1935 miratus
1774 1879 1825 1932 est
1840 1917 1849 1942 ,
1867 1878 1921 1932 aut
1936 1874 1975 1932 di·

217 1955 283 2018 lam
300 1957 393 2035 igitur
409 1955 581 2035 polygamia
598 1957 753 2018 foeminae
769 1957 862 2016 onius
877 1970 948 2016 cum
975 1955 1052 2014 mul·
1096 1956 1150 2026 rit,
1167 1965 1230 2016 oon
1256 1954 1364 2020 licere.
1382 1955 1418 2017 Ει
1433 1955 1570 2032 denique
1591 1953 1712 2033 llogses
1728 1955 1759 2014 in
1778 1953 1974 2018 Deuterouo

178 2039 306 2102 tisriris
322 2039 455 2117 pertinet
469 2040 506 2100 ad
521 2039 616 2115 prima
634 2039 686 2099 illa
703 2037 854 2115 principia
868 2037 949 2116 juris
965 2043 1051 2098 natu·
1098 2036 1172 2112 orio,
1198 2041 1355 2115 tamquam
1381 2036 1421 2100 de
1437 2053 1470 2098 re
1487 2042 1569 2108 nota,
1592 2043 1623 2098 ot
1639 2035 1755 2111 passim
1772 2036 1860 2098 licita
1877 2036 1974 2114 loqui·

179 2136 244 2193 roo,
261 2135 320 2181 oea
334 2135 390 2199 per
406 2120 498 2181 ullam
525 2120 725 2182 mutationem
755 2118 1053 2182 circumstantiarum
1098 2124 1230 2191 iuncum
1246 2117 1338 2180 aitrsi
1350 2118 1589 2195 fucmntolicai
1601 2118 1688 2180 doce
1699 2131 1918 2191 umoresuno
1929 2118 1973 2178 di·

178 2209 281 2280 potest
295 2199 360 2262 iteri
378 2201 472 2273 bono,
491 2201 562 2278 quia
578 2206 741 2279 repugnat,
758 2209 899 2278 utsupra
916 2200 1052 2261 ostendi·
1098 2199 1192 2274 lecto,
1208 2200 1314 2264 altero
1328 2201 1454 2276 odioso,
1472 2207 1530 2264 cte.
1549 2197 1716 2262 Deuteroo.
1733 2199 1788 2260 21.
1807 2215 1874 2260 nou
1887 2199 1975 2278 igitur

180 2300 263 2356 rous,
276 2283 423 2346 omnibus
436 2282 551 2350 linibus
566 2283 750 2347 blatrimooii
765 2303 774 2360 3
805 2284 877 2344 ideo
905 2278 938 2343 io
967 2281 1053 2345 ittam
1099 2297 1231 2344 neeesse
1247 2289 1323 2358 erat,
1340 2289 1373 2345 ut
1387 2283 1425 2344 ad
1441 2282 1589 2358 singulos
1603 2279 1692 2342 lieret
1707 2279 1877 2360 inspiratio
1903 2281 1974 2342 diri-

178 2366 264 2428 nulla
280 2366 361 2427 cadit
376 2366 582 2443 dispensatio.
1098 2381 1150 2440 na;
1166 2363 1222 2426 sed
1238 2363 1313 2426 satis
1329 2370 1406 2436 erat,
1422 2363 1449 2426 si
1467 2363 1575 2440 primis
1599 2361 1740 2424 Patribus
1768 2363 1850 2424 iacta
1873 2362 1974 2434 luerit,

219 2447 323 2509 ilices:
342 2446 421 2520 Quid
434 2447 461 2509 si
476 2447 543 2510 sola
557 2451 644 2509 esset
658 2463 717 2508 unu
733 2447 846 2509 mulier
859 2444 940 2506 inter
954 2445 1050 2507 tromi·
1099 2454 1130 2508 ct
1144 2445 1275 2508 tortasse
1290 2445 1348 2508 soli
1365 2445 1429 2510 lloii
1445 2447 1522 2510 taeta
1539 2445 1606 2520 luit,
1622 2451 1653 2508 ιι
1666 2445 1784 2507 deiude
1802 2445 1876 2523 ipse
1899 2443 1975 2506 alios

178 2543 247 2605 ncs,
261 2534 294 2589 ιι
307 2543 344 2590 ιι
359 2533 446 2591 osset
460 2534 553 2606 nupta
568 2529 633 2591 riro
648 2529 746 2590 sterili
762 2547 771 2588 :
801 2542 906 2590 nonno
931 2533 1054 2604 oporte·
1098 2529 1215 2590 docuit.
1290 2567 1296 2584 .

178 2615 225 2672 rat
239 2625 310 2672 cuna
337 2625 372 2672 ea
393 2611 596 2689 dispensare,
614 2616 647 2672 ut
661 2611 794 2674 nuberet
809 2611 897 2672 alteri
918 2609 995 2684 viro,
1013 2626 1053 2674 oe
1140 2609 1250 2684 Quinta
1274 2609 1458 2690 propositio:
1484 2605 1654 2676 Probabile
1681 2612 1727 2670 est
1755 2607 1976 2686 dispensatio·

179 2692 315 2754 mundus
330 2690 486 2756 interiret?
1097 2707 1175 2754 nem
1187 2709 1372 2758 concessam
1387 2693 1538 2756 omnibus
1551 2687 1791 2767 gentibnsmon
1805 2696 1921 2752 αιιιιιι
1930 2706 1978 2750 so·

221 2773 1053 2850 Respondeozllooesscpcricqumutialisoasusac·
1098 2775 1138 2836 tis
1153 2774 1318 2839 Hebraeis.
1335 2775 1410 2837 iiico
1430 2775 1460 2836 id
1484 2791 1556 2838 esse
1579 2771 1751 2850 probabile,
1776 2772 1853 2848 auia
1878 2787 1940 2834 non
1957 2774 1978 2830 i·

180 2853 272 2916 cidat:
290 2855 353 2918 lieo
370 2855 453 2916 onim
469 2871 562 2918 curae
577 2861 625 2918 est
650 2855 840 2932 providentia
855 2856 981 2934 generis
996 2856 1053 2917 bu·
1097 2872 1194 2934 gooro
1211 2858 1324 2920 multos
1346 2856 1533 2930 existimare,
1551 2851 1611 2920 soli
1628 2854 1747 2932 populo
1772 2853 1833 2916 Ilei
1858 2853 1891 2915 id
1908 2869 1977 2916 esse

178 2937 275 3008 mani.
288 2933 408 3015 Alioqui
422 2937 512 2999 etiam
525 2952 675 3015 quaerere
687 2953 852 3012 possemus
865 2953 939 3000 nom
955 2936 1051 2999 debe·
1099 2938 1445 3011 conoessum,nimirom
1457 2939 1494 3002 ad
1508 2937 1740 3016 propagandam
1751 2951 1824 3000 earo
1838 2943 1976 3015 gentem,

177 3025 224 3080 ret
238 3025 325 3097 pater
341 3017 433 3079 liliam
451 3034 578 3080 uxorem
594 3018 724 3092 ducere,
740 3026 792 3080 out
806 3017 890 3082 iilius
907 3025 1052 3092 matrem,
1100 3019 1182 3080 unde
1197 3019 1328 3084 Messias
1343 3019 1518 3083 nasciturus
1535 3021 1612 3082 erat.

179 3100 206 3161 si
220 3100 296 3162 ouili
310 3098 362 3160 atii
376 3101 456 3161 inter
467 3100 613 3163 homines
624 3100 908 3179 superessentscd
925 3100 996 3163 dato
1008 3108 1052 3163 et·
1140 3099 1288 3181 Probatur
1304 3103 1403 3181 primo
1420 3118 1457 3165 ιι
1472 3099 1656 3182 Augustino,
1673 3099 1725 3175 uui
1741 3101 1773 3161 in
1790 3099 1852 3163 lib.
1871 3097 1925 3163 to.
1941 3098 1978 3161 de

179 3182 241 3243 iam
257 3182 310 3243 iilo
325 3196 411 3254 casu,
428 3181 531 3259 potios
556 3182 800 3259 dispensandum
817 3200 888 3247 cum
903 3198 939 3245 ea
955 3190 1051 3256 esset,
1098 3182 1186 3247 Civit.
1200 3183 1255 3246 bei
1267 3200 1337 3265 cap.
1352 3183 1404 3246 38.
1418 3190 1449 3247 et
1461 3185 1515 3246 lib.
1530 3184 1582 3246 22.
1597 3182 1885 3255 contro-Faustum,
1903 3199 1973 3259 eap.

182 3268 216 3324 ut
229 3262 364 3325 solveret
378 3262 535 3325 vincutum
551 3281 621 3327 oum
637 3264 741 3343 priore
756 3265 879 3340 marito,
903 3282 996 3345 quam
1021 3269 1055 3327 ut
1098 3265 1151 3328 ll.
1168 3266 1287 3343 scribit,
1305 3264 1443 3329 interris
1461 3265 1513 3327 ubi
1528 3263 1624 3329 Jacob
1641 3280 1754 3327 uxores
1770 3270 1909 3342 quatuor
1924 3266 1977 3325 du·

180 3344 261 3406 duos
276 3344 401 3407 maritos
413 3345 553 3407 baberet.
1097 3347 1151 3421 rit,
1175 3346 1274 3411 luisse
1296 3363 1413 3411 morem
1430 3347 1565 3411 ducendi
1584 3345 1681 3426 pluris
1697 3362 1827 3420 osores,
1846 3348 1978 3425 posteri·

220 3425 314 3487 Porro
330 3426 502 3505 polygamin
518 3427 611 3491 unius
623 3426 676 3489 riri
689 3444 760 3491 cum
774 3429 879 3491 multis
891 3426 1051 3502 uxoribus,
1100 3429 1169 3491 tatis
1194 3434 1370 3505 caussari
1384 3445 1456 3491 oum
1485 3426 1716 3493 moremiuisse
1733 3430 1974 3507 inculpabilem,

181 3505 220 3599 ad
233 3507 389 3584 posterius
403 3519 504 3585 genus
518 3514 754 3587 praeceptorum
770 3511 917 3588 pertinet:
934 3511 1054 3586 noiant
1098 3510 1168 3588 quia
1182 3526 1219 3572 eo
1232 3518 1370 3590 tempore
1383 3512 1588 3605 polygamiaur
1600 3513 1649 3573 lox
1664 3510 1748 3572 nulla
1773 3510 1973 3589 prohibebat.

183 3589 330 3661 donimus,
343 3605 406 3651 non
418 3596 572 3668 repugnat
584 3591 729 3668 primario
744 3590 811 3667 iini,
828 3591 884 3655 sed
900 3592 1053 3653 secundo·
1098 3593 1164 3670 Quo
1177 3592 1246 3655 loeo
1258 3592 1450 3673 Augustinus
1462 3594 1589 3666 mdical,
1613 3588 1887 3667 dispensationem
1904 3594 1974 3653 tuis-

181 3669 228 3731 rio
255 3676 386 3747 tantum:
416 3678 447 3731 et
468 3670 535 3734 beri
559 3678 674 3748 potest.
691 3673 905 3749 utaliquando
922 3675 997 3735 utile
1012 3675 1054 3735 sit
1096 3688 1133 3737 so
1145 3676 1336 3753 generalem,
1351 3680 1416 3737 tuna
1429 3675 1501 3755 quia
1514 3674 1657 3739 absolute
1670 3673 1757 3747 dicit,
1782 3691 1822 3737 eo
1837 3680 1974 3753 tempore
2033 3736 2034 3755 ,

183 3750 220 3813 ad
243 3753 502 3831 consequendum
525 3753 704 3831 primarium
728 3753 834 3825 tinem,
851 3760 1054 3817 contemnere
1097 3754 1437 3837 nullnmiuisselegem
1450 3756 1973 3835 prohibentempolygamiam,quia
2033 3794 2034 3827 ,

183 3834 418 3896 secundarium:
433 3835 592 3896 etidcirco
604 3834 634 3895 io
653 3836 736 3897 illam
752 3836 855 3913 legem
872 3836 984 3900 cadere
1000 3853 1054 3914 po·
1102 3836 1246 3899 nimirum
1269 3839 1319 3901 ιιι
1344 3838 1492 3901 naturalis
1514 3846 1638 3917 propter
1651 3841 1836 3918 generalem
1849 3840 1971 3916 dispeu-

182 3920 244 3976 test
263 3915 467 4009 'dispentatin
484 3917 540 3979 sed
557 3917 611 3978 liei
629 3922 759 3994 tantum,
777 3925 810 3979 ut
824 3918 970 3995 diximus,
986 3935 1050 3981 non
1102 3920 1255 3982 sationem
1271 3934 1424 3998 nusquam
1439 3919 1611 3998 obligabat,
1637 3928 1699 3983 tum
1717 3922 1826 3994 etiam,
1845 3923 1915 3999 quia
1932 3918 1974 3979 di-

186 3996 360 4060 bominum.
1053 4036 1055 4041 ·
1102 4002 1144 4062 cit
1157 4002 1187 4062 in
1202 4017 1238 4065 eo
1251 4002 1332 4073 loco,
1348 4009 1379 4065 et
1391 4004 1422 4063 io
1438 4002 1508 4064 aliis
1522 4002 1622 4075 terris,
1637 4002 1688 4066 ubi
1700 4002 1801 4064 iacob
1816 4006 1974 4071 tuneerat,

228 4077 329 4141 Tertia
351 4079 535 4157 propositio:
561 4081 596 4143 lit
618 4079 703 4145 Deus
719 4082 852 4146 dicotur
865 4083 1058 4161 dbpermom
1101 4081 1132 4145 id
1156 4080 1252 4145 inisse
1268 4084 1399 4145 licitum.
1416 4083 1519 4146 Locus
1544 4091 1648 4146 autem
1664 4085 1717 4145 iila
1732 4086 1895 4163 gentilium
1910 4090 1977 4142 erat

185 4161 786 4243 circapotpgumtommoarequiritur
797 4166 1058 4244 emtcmooliqui
1102 4180 1163 4227 noo
1176 4163 1400 4227 Hebraeorum:
1416 4166 1573 4242 siquidem
1589 4164 1705 4238 Laban,
1723 4168 1818 4243 cujus
1834 4166 1911 4225 ditas
1927 4163 1975 4223 ta·
2033 4220 2034 4245 ,

186 4242 654 4321 toquullouetseripruromee
667 4244 785 4323 suffieit
799 4247 888 4324 qaod
901 4252 990 4309 reeta
1002 4263 1057 4309 ro·
1102 4246 1159 4308 eob
1173 4248 1292 4323 aceepit
1303 4263 1427 4318 uxores,
1442 4248 1614 4309 idololatria
1634 4254 1748 4319 erat,ut
1761 4253 1849 4324 putet
1863 4246 1976 4309 cenes.
2033 4250 2034 4271 ¹

185 4324 231 4385 iio
243 4323 563 4387 dictetolicrliillom
574 4342 641 4389 esse
657 4328 795 4391 licitum:
804 4330 865 4391 scd
874 4329 1058 4408 requiritur
1102 4327 1156 4389 31.
1173 4328 1382 4407 tumdenique
1398 4329 1469 4407 quia
1485 4344 1595 4393 caussa
1612 4346 1667 4393 eur
1683 4330 1895 4409 polygamiam
1908 4335 1976 4390 tuoe
2033 4316 2034 4335 ¹

184 4404 365 4484 peculiaris
380 4407 556 4483 inspiratio
571 4406 640 4470 Pei.
1101 4416 1186 4471 esset
1202 4410 1411 4477 tieita.dicitur
1426 4411 1464 4473 ab
1476 4410 1759 4492 bugustiooinisse
1777 4414 1972 4491 propagatio

229 4484 326 4555 Prima
341 4504 411 4564 pars
423 4488 582 4566 probatur,
597 4490 667 4567 quio
681 4490 783 4566 qualis
795 4496 844 4552 est
855 4492 917 4561 ιιι,
932 4491 1001 4551 tuiis
1012 4494 1058 4552 et·
1102 4490 1152 4551 nis
1177 4492 1312 4571 generis,
1342 4508 1399 4555 seu
1421 4491 1623 4555 sufficiendae
1638 4493 1747 4573 prolis:
1769 4508 1831 4555 neo
1848 4508 1976 4570 usquam

171 4567 249 4629 iam
271 4568 441 4646 requiritur
463 4569 670 4648 dispensatio.
686 4570 748 4633 ben
765 4576 868 4633 autem
886 4573 1058 4650 probibens
1102 4571 1188 4645 dicit,
1207 4574 1289 4653 quod
1307 4574 1415 4647 seiam,
1431 4576 1621 4654 propagandi
1649 4574 1755 4653 populi
1773 4574 1830 4637 liei
1849 4582 1977 4635 tontum.

174 4648 390 4725 ‚polygamiana
404 4657 543 4729 tempore
556 4652 810 4730 patriarcharum,
827 4670 890 4716 nou
903 4660 970 4716 erat
982 4654 1058 4715 seri·
1144 4654 1288 4717 Secundo
1300 4655 1534 4735 probatur,quia
1547 4657 1702 4735 Scriptura
1716 4664 1834 4727 narrat,
1852 4674 1917 4719 nun
1934 4672 1979 4717 so·

188 4736 239 4809 pta
252 4731 282 4791 in
296 4732 359 4793 ullo
375 4731 466 4805 libro,
483 4733 538 4795 sed
555 4734 655 4795 solum
672 4734 822 4813 impresso
839 4736 869 4796 in
886 4736 1058 4797 mentibus:
1103 4734 1168 4797 ium
1190 4736 1342 4806 Abrabam
1358 4746 1387 4801 et
1402 4736 1509 4810 Jacob,
1526 4742 1558 4801 ιι
1573 4754 1681 4801 corum
1697 4745 1859 4819 posteros,
1878 4738 1936 4801 sed
1952 4754 1978 4797 e

188 4812 381 4876 libros'eoim
395 4812 572 4891 scripturae
583 4831 689 4877 sacrae
702 4834 718 4877 a
730 4816 836 4896 Moyse
861 4817 983 4879 initium
1004 4817 1057 4879 ba·
1103 4820 1174 4879 tiam
1186 4818 1334 4895 lisanum
1348 4819 1386 4881 ad
1399 4820 1549 4897 populum
1562 4820 1616 4881 liei
1630 4838 1692 4882 noo
1705 4820 1979 4897 pertinebatmul·
2033 4840 2034 4865 ι

191 4894 312 4969 buisse,
328 4901 448 4957 eertum
463 4900 523 4957 est.
1105 4904 1150 4960 tas
1166 4915 1278 4962 uxores
1300 4900 1558 4971 duxissedenes.
1576 4901 1628 4963 26.
1656 4909 1688 4963 ιι
1702 4900 1754 4963 28.
1787 4918 1898 4981 nequo
1928 4902 1979 4961 du·

233 4976 375 5039 Secunda
388 4992 460 5055 pers
471 4976 628 5056 probatur,
643 4977 774 5057 quirion
787 4978 958 5057 prohibens
974 4981 1061 5059 polg·
1104 4980 1190 5043 bium
1206 4982 1503 5060 :illarumquintsau
1519 4982 1556 5045 ad
1571 4983 1772 5045 imitationem
1789 4984 1937 5047 Abrabae
1953 4984 1979 5043 id

192 5058 339 5136 gamiam,
365 5059 622 5134 uouerotsolom
640 5061 788 5123 naturalis
803 5062 874 5136 quia
890 5062 1060 5125 conformis
1104 5061 1222 5140 iecerit:
1239 5078 1341 5142 neque
1363 5063 1521 5143 Scriptura
1536 5081 1607 5127 eum
1631 5065 1849 5143 reprehendit.
1867 5066 1979 5127 ismai·

193 5139 305 5224 ratiouj
322 5145 437 5216 rectae,
453 5141 511 5203 sed
526 5141 596 5217 quia
612 5142 696 5204 ileos
710 5140 841 5220 speciali
856 5142 1061 5219 inspiratione
1104 5144 1173 5207 litas
1188 5160 1324 5223 quoque,
1354 5147 1408 5224 qui
1434 5162 1534 5224 usque
1559 5146 1596 5207 ad
1614 5146 1695 5207 banc
1709 5148 1793 5208 diem
1811 5154 1978 5211 consueto

191 5222 341 5285 docuerat
360 5221 536 5298 ddamom,
563 5239 643 5301 quaa
669 5228 755 5287 esset
775 5229 881 5286 natura
907 5224 1060 5288 llatrimo·
1105 5226 1208 5287 dinem
1225 5227 1419 5307 polygamiae
1431 5230 1578 5301 retinent,
1593 5228 1833 5305 abdbrabamo,
1848 5231 1979 5307 aliisque

194 5301 238 5396 nii
262 5320 279 5365 a
305 5318 341 5367 se
363 5303 507 5376 instituti,
531 5308 563 5367 et
578 5304 708 5381 proinde
722 5320 758 5369 se
770 5305 850 5369 retia
866 5312 899 5369 ut
913 5322 1061 5385 monoga—
1106 5307 1247 5370 Patribus
1262 5325 1331 5371 cam
1346 5310 1510 5387 accepisse
1520 5310 1671 5373 credibile
1686 5316 1746 5372 est:
1763 5316 1797 5373 ιι
1810 5328 1889 5373 oum
1906 5311 1980 5373 Scri·

192 5398 285 5474 ruram
301 5387 487 5449 contineret.
503 5384 577 5447 Nam
603 5386 788 5449 secundaria
814 5388 873 5450 ista
895 5394 1061 5466 praecepta
1078 5406 1082 5413 ·
1105 5395 1192 5468 ptura
1207 5390 1340 5470 gentiles
1356 5406 1419 5453 uon
1434 5392 1667 5469 reprehendat,
1682 5392 1766 5471 quod
1785 5408 1825 5455 eo
1844 5400 1980 5473 tempore

115 5513 122 5525 .
191 5464 272 5557 roris
284 5472 422 5543 naturae,
435 5483 498 5531 oon
514 5468 629 5530 babent
643 5470 702 5531 rim
715 5468 894 5543 coactivam,
911 5471 971 5531 uisi
986 5486 1059 5549 spe·
1104 5471 1212 5551 piures
1228 5477 1341 5535 uxores
1355 5472 1519 5549 baberent,
1542 5473 1705 5553 probabile
1717 5479 1766 5537 est
1781 5476 1920 5539 omuino
1934 5490 1979 5554 ga·

194 5546 314 5607 cratrter
341 5564 357 5609 a
374 5550 451 5622 beo,
467 5549 515 5611 rol
531 5548 570 5611 ab
584 5549 847 5629 atiquoprineipe
862 5550 1056 5629 sancientum
1104 5552 1244 5615 noralem
1260 5554 1358 5617 luisse
1373 5554 1630 5635 permissionem.

190 5625 247 5685 scd
263 5628 364 5689 solum
380 5630 519 5709 obligant
534 5637 707 5707 quaetenus
720 5637 805 5694 recto
818 5632 895 5694 ratio
909 5633 1001 5697 docet
1017 5634 1056 5695 ita
1145 5634 1233 5697 Sexta
1250 5636 1433 5717 propositio:
1450 5634 1621 5703 Probabile
1635 5638 1980 5718 est,dsspensotioarn
