4084 6275
843 306 939 363 ttbbtt
959 304 1081 365 enttttls
1727 308 1779 365 tot

90 462 251 509 revocasse
265 451 297 509 et
311 446 343 508 in
358 444 480 507 caelum
496 440 712 511 banstuiisse,
742 445 773 500 et
801 438 947 516 Spiritum
992 458 1061 506 nan
1075 448 1119 505 cat
1129 446 1387 507 sacromentum?
1401 444 1494 524 ctgui
1507 443 1721 507 tridentinam
1748 446 1855 509 eonci-

15 577 16 588 ,
90 529 179 593 etiam
193 536 333 591 sanctum
348 528 471 589 misisse
487 521 739 603 dicantur‚quia
754 521 831 582 baec
846 523 948 583 omnia
994 526 1230 589 nummasii.
1248 543 1320 606 cap.
1340 526 1852 604 t.ncpcrecmcasesccramen·

90 614 165 675 iacta
180 626 252 672 esse
274 612 372 673 literis
388 608 605 688 prodiderunt?
620 607 682 667 don
699 605 790 683 igitur
804 602 946 677 dicimus,
994 615 1073 671 tum.

15 737 17 756 .
89 694 169 771 nond
185 692 273 771 lingit
287 694 472 761 ltemnitius.
487 690 603 767 llatbau
619 705 680 749 non
703 686 875 749 absolvisse
896 688 948 765 ju·
1037 693 1078 753 nd
1095 693 1154 753 line
1167 696 1378 767 argumentum
1391 691 1558 769 respondet
1572 689 1639 768 ipse
1652 690 1793 767 quiillnd
1808 692 1852 755 le·

14 817 17 842 r
89 776 211 840 dicistis
227 782 389 855 potestate,
404 775 460 838 sed
475 789 531 853 per
548 770 853 847 ministerium‚quasi
865 770 947 848 apud
992 774 1043 847 cit,
1061 778 1115 835 sed
1133 775 1221 851 nitriam
1237 774 1382 839 absurde.
1411 782 1443 833 nt
1459 775 1601 847 nimirum
1618 773 1759 835 ostendat
1787 790 1849 837 non

15 897 16 934 r
89 875 145 922 nos
159 859 339 921 sacerdotes
354 876 415 920 uun
432 873 486 933 per
501 856 718 926 ministerium,
742 852 798 913 scd
813 853 896 933 regia
911 871 948 915 ac
992 872 1085 934 posse
1102 857 1358 933 responderi.nisi
1376 854 1480 917 moitis
1495 859 1749 936 concessis,qune
1767 858 1850 921 nulla

15 995 16 1006 ,
86 957 228 1021 suprema
244 948 395 1019 potestate
409 939 580 1011 absolvant,
603 937 659 999 sed
674 934 827 1005 dicimus,
853 938 883 995 in
900 953 948 996 sa·
990 939 1107 999 ratione
1123 938 1320 1000 concedende
1350 945 1466 999 essent:
1493 938 1680 1015 despondeo
1697 984 1704 1011 ‚
1732 939 1851 1018 inquit,

85 1030 241 1088 eramento
256 1023 465 1087 Paenitentiae
489 1019 669 1083 sacerdotes
694 1023 843 1095 potestate
864 1018 947 1095 J'udi·
991 1023 1072 1100 guin
1083 1024 1231 1084 contritio
1249 1028 1278 1081 et
1293 1021 1448 1097 confessio
1462 1035 1532 1082 non
1552 1020 1668 1099 babuit
1682 1036 1851 1087 enumera·

85 1107 188 1181 cloria,
204 1106 260 1168 sed
273 1104 474 1175 ministeriali,
488 1109 520 1164 ut
531 1101 640 1163 Cbristi
656 1098 824 1170 orioistrcs,
841 1116 902 1161 non
915 1108 947 1162 ut
990 1106 1113 1165 tionem
1126 1104 1332 1180 singulorum
1354 1102 1556 1178 delictorum:
1585 1103 1727 1168 Christus
1755 1108 1852 1171 ctiam

84 1206 175 1268 reges
197 1207 233 1251 ac
247 1190 402 1257 deminus,
419 1192 597 1264 peccatores
622 1182 805 1258 absoluere;
830 1180 945 1245 liatban
990 1185 1483 1263 obsclmicncminupartiitnan
1496 1188 1675 1263 praemissa
1697 1202 1851 1265 processu

85 1279 199 1345 autem,
216 1288 275 1333 nec
289 1273 386 1351 regia,
402 1287 460 1331 nec
475 1267 666 1331 ministeriali
681 1270 830 1343 potestate
845 1267 946 1327 absal-
983 1264 1141 1349 judiciali
1155 1278 1183 1328 et
1196 1269 1348 1345 imposita
1361 1266 1493 1335 mulcta.
1516 1270 1574 1331 aad
1593 1272 1707 1347 gratis.
1731 1271 1773 1333 iia
1794 1274 1852 1351 qai

84 1356 177 1425 risse,
194 1355 250 1417 sed
266 1362 382 1416 tantum
397 1371 412 1413 a
426 1352 491 1414 lieo
502 1351 564 1419 iam
577 1348 750 1410 absolutum
766 1347 944 1425 prophetica
986 1358 1122 1429 peccata
1142 1351 1370 1429 agnoscebant,
1386 1351 1473 1413 iram
1488 1352 1544 1413 lici
1558 1350 1715 1433 timebunt
1739 1360 1769 1415 et
1782 1352 1851 1429 tide

82 1438 192 1500 virtute
206 1439 390 1517 adgnouisse
419 1442 450 1497 et
466 1431 678 1497 renunciasse.
702 1430 945 1508 Quamquamne
988 1442 1120 1513 propter
1129 1436 1237 1511 ipsum
1248 1434 1398 1512 parebam
1409 1438 1439 1494 et
1451 1433 1651 1513 quaerebant
1663 1436 1852 1499 reconcilia·

82 1527 143 1583 tum
160 1520 285 1596 cuidem
299 1519 414 1599 aliquid
432 1518 584 1580 obtineret
597 1513 818 1585 ltemnitius,si
830 1513 944 1575 tlatban
989 1517 1121 1580 tionem.
1138 1518 1177 1578 lit
1190 1531 1329 1585 summu,
1346 1515 1455 1593 inquit,
1466 1517 1546 1594 qnia
1559 1518 1597 1581 in
1612 1514 1850 1583 illcPaenitan·

80 1603 241 1681 iudiciaria
257 1601 448 1664 ministeriali
466 1602 615 1678 potestate
631 1596 773 1657 Doridem
789 1595 942 1657 absolvis·
988 1601 1035 1661 tia
1049 1601 1160 1681 protis,
1172 1601 1243 1662 sine
1259 1598 1409 1677 operibus
1424 1646 1432 1670 ,
1447 1599 1514 1675 lide
1534 1596 1665 1678 propter
1692 1598 1850 1665 Christum

82 1686 195 1747 setrid
220 1687 303 1747 enim
328 1684 440 1747 iactum
466 1688 551 1745 esset
576 1680 673 1743 semel
702 1679 941 1739 extraordinaria
986 1682 1228 1745 remittebantur
1240 1688 1383 1759 peccota,
1401 1683 1480 1759 quin
1501 1684 1597 1743 etium
1619 1689 1684 1745 tcm
1705 1682 1851 1761 Baptista

81 1768 211 1846 quadam
228 1768 417 1845 providentia
442 1766 509 1843 bei3
524 1763 689 1842 singularia
705 1777 776 1823 vero
802 1762 943 1839 erernpta
987 1781 1088 1845 quam
1101 1764 1357 1841 campanariam
1370 1764 1406 1825 tn
1418 1762 1540 1826 Filium
1548 1767 1848 1845 meaiarornmfflup.

15 1899 16 1920 2
83 1850 183 1929 legam
202 1866 262 1911 nco
277 1849 403 1912 iaciunt.
986 1856 1049 1910 tem
1064 1848 1281 1911 conuersionia
1293 1848 1512 1909 necessarium
1526 1848 1572 1923 ad
1583 1846 1847 1926 insequendam

15 1931 16 1936 ’
119 1933 178 1993 sed
196 1927 674 2006 instatllemnitiuszdpoatatm
688 1923 939 1988 bernarium.
985 1932 1208 1994 remissionem
1226 1930 1619 2009 praedicamenpropter
1643 1930 1849 1995 nmcausras

79 2020 108 2076 et
120 2015 245 2079 Paulas
260 2012 327 2077 dat.
342 2012 395 2078 26.
412 2012 576 2092 affirmant
588 2026 622 2072 ae
634 2011 675 2071 de
688 2008 892 2070 Paenitentia
905 2010 943 2071 in
986 2015 1060 2075 tatis
1074 2013 1280 2076 Paenitentia
1304 2010 1486 2087 Pontificius
1506 2028 1574 2075 non
1596 2020 1642 2075 est
1662 2026 1848 2079 sacramen·

15 2097 16 2174 ,
78 2095 189 2169 Deam.
206 2102 238 2161 et
251 2098 291 2163 dc
302 2098 499 2175 accipienda
511 2093 699 2157 remissione
711 2098 939 2171 peccatoram,
986 2104 1066 2158 tram.
1085 2096 1235 2160 Concedit
1245 2097 1357 2175 itaque
1372 2099 1401 2154 et
1414 2094 1532 2170 tutetur
1546 2096 1762 2159 tridentinam
1773 2111 1845 2159 con·

77 2196 144 2243 non
157 2180 255 2243 aliter
274 2174 726 2257 mmmeqcampropiretca.
742 2174 867 2252 liquid
883 2174 942 2237 boc
986 2180 1110 2247 citium.
1123 2185 1365 2241 sacramentum
1385 2174 1606 2239 Paenitentiae
1631 2192 1700 2241 non
1722 2176 1842 2242 babere

77 2264 113 2323 ad
129 2263 321 2342 propositum
336 2262 423 2323 taciti
446 2278 517 2323 num
535 2261 604 2320 ideo
621 2257 808 2319 Paenitentia
836 2255 938 2318 Testa·
984 2262 1249 2338 fundamentum,
1272 2258 1501 2327 testimenium,
1525 2260 1575 2321 net
1589 2260 1789 2341 exemptum,
1806 2264 1847 2325 gg.

78 2346 170 2407 menti
186 2345 300 2409 ueteris
311 2350 536 2407 sacramentum
552 2340 626 2403 criti
641 2348 693 2401 aut
707 2339 776 2399 nori
790 2354 851 2431 uon
867 2340 940 2399 erit?
985 2352 1038 2407 eut
1052 2362 1121 2409 nan
1134 2346 1283 2408 inceleri
1305 2343 1511 2415 Testamenta,
1534 2344 1651 2405 itanec
1665 2345 1704 2406 in
1719 2346 1846 2409 concin-

75 2428 210 2504 apostoli
224 2429 308 2491 enirn
324 2430 494 2510 loquuntur
505 2428 544 2486 de
560 2422 767 2484 Paenitentiae
783 2427 940 2513 virtutem
982 2426 1080 2491 nibus
1093 2428 1265 2507 baptistae,
1288 2432 1317 2489 et
1338 2424 1453 2487 Cbristi
1473 2428 1839 2492 anteresarrectionem.

76 2527 111 2572 ea
125 2510 304 2586 praesertim
319 2528 398 2587 quae
413 2510 449 2571 ad
469 2507 610 2570 inlideles
625 2508 779 2585 pertinet,
796 2520 847 2581 qur
864 2521 937 2567 oon·
984 2508 1067 2573 llaec
1082 2512 1146 2572 iile.

77 2600 236 2655 vertuntur
250 2592 286 2655 ad
310 2592 415 2655 fidem:
445 2607 512 2654 eam
540 2595 642 2651 autem
671 2600 795 2665 semper
818 2588 849 2647 in
881 2604 939 2651 usu
1025 2594 1068 2655 nd
1090 2597 1303 2673 argumentum
1326 2589 1413 2653 initio
1429 2591 1540 2651 tactum
1562 2590 1844 2669 RespondeorPoe·

74 2676 184 2738 luisse.
201 2686 261 2737 eta
277 2677 436 2754 prophetis
452 2675 628 2750 trequenter
642 2670 858 2749 praedicatam,
874 2686 937 2733 non
983 2676 1156 2748 nitentium,
1171 2690 1262 2752 qoam
1277 2674 1415 2735 cbristus
1430 2672 1601 2751 etBaptistc
1619 2674 1843 2752 praedicarunt,

74 2757 448 2837 negamusbliudautem
464 2763 511 2819 cst
526 2756 619 2818 rictus
634 2750 937 2828 Paenitentiaequae
981 2759 1053 2819 ideo
1081 2764 1306 2819 sacramentum
1333 2772 1393 2817 non
1415 2754 1532 2828 luisse,
1558 2758 1628 2831 nuta
1652 2754 1749 2819 deluit
1773 2774 1844 2835 pars

74 2856 203 2918 semper
218 2840 483 2903 necessariaiuit:
509 2838 592 2900 aliud
613 2852 685 2899 rere
709 2843 936 2898 sacramentum
981 2839 1352 2917 sacramentipotissime,
1370 2839 1512 2898 nimirum
1530 2839 1656 2900 verbum
1679 2840 1844 2911 absolutio-

72 2922 298 2997 Poenitentiae‚
314 2924 396 3002 quod
418 2921 570 2984 adbristn
596 2920 786 2992 institutum,
811 2917 844 2978 io
868 2919 936 2981 solo
981 2921 1235 2995 nis,contessicni
1252 2920 1723 2998 peccatorumadjunctnm.ilam
1737 2922 1842 2985 ltattb.

74 3004 274 3067 Testamenta
289 3022 367 3067 noro
382 3007 482 3066 locum
499 3002 602 3065 babet.
980 3006 1014 3068 3.
1038 3007 1171 3086 legimus
1197 3004 1322 3083 quidem
1348 3003 1504 3063 auditores
1526 3001 1678 3078 Baptistae
1703 3004 1842 3067 cantitari

115 3086 181 3150 Cur
193 3088 401 3167 lnilttminslfll
413 3086 596 3158 Kefflsslliusr
609 3083 651 3147 ab
662 3082 819 3161 wimiill'ss
832 3082 935 3145 Peatc·
979 3088 1087 3152 soiitos
1102 3094 1226 3168 peccatu
1239 3101 1378 3158 sumnum
1392 3086 1577 3147 accederent
1589 3085 1626 3146 od
1640 3084 1839 3166 Baptismum,

72 3171 176 3232 menti
189 3172 316 3240 calmis.
337 3174 578 3233 sacramentam
592 3168 811 3230 Paenitentiae
821 3163 935 3245 confir·
979 3173 1036 3233 sed
1051 3172 1214 3250 baptistam
1231 3167 1454 3245 pronunciasse
1468 3168 1595 3230 verbum
1607 3169 1813 3234 absolutionis
1830 3219 1838 3246 ,

70 3269 162 3318 more
176 3251 335 3324 nitimini,
350 3254 380 3316 ti
392 3251 596 3316 Paenitentia
614 3250 653 3313 t‘b
676 3250 869 3312 Teiitlmtittlo
883 3264 935 3310 ve·
980 3271 1040 3317 non
1064 3253 1208 3332 legirnus;
1224 3252 1377 3315 Christum
1393 3257 1494 3312 autem
1510 3256 1541 3312 ct
1556 3252 1716 3328 paralitico
1732 3259 1763 3314 et
1777 3254 1839 3318 loe·

70 3336 131 3398 teri
143 3342 388 3399 eomnnmntam
401 3351 469 3398 non
483 3337 571 3397 erut?
586 3330 848 3410 llespondecdlco
864 3347 933 3410 pro·
978 3340 1081 3398 minuc
1098 3336 1261 3410 peccatrici
1284 3333 1410 3412 peccata
1426 3333 1585 3396 remisisse
1601 3332 1732 3411 legimus
1750 3382 1759 3409 ,
1783 3338 1838 3400 sed

70 3416 181 3480 luamus
196 3434 234 3480 cr
259 3418 455 3480 Testamenta
481 3418 574 3479 reteri
600 3413 809 3477 Paenitentiae
833 3430 933 3475 sacra·
978 3424 1170 3496 cospeccata
1184 3417 1549 3495 contessosueqoaquam
1572 3417 1714 3496 legimus.
1731 3416 1839 3497 ltaque

74 3506 223 3573 menium,
239 3499 298 3562 nisi
313 3501 389 3562 torte
401 3517 437 3562 01
453 3499 606 3564 voliciniis
619 3505 649 3560 el
664 3498 782 3576 figuris,
805 3496 860 3560 scd
876 3497 932 3557 lit·
979 3500 1303 3564 nisillemnitiusrelit
1315 3497 1555 3560 excuntessionc
1568 3499 1837 3564 auditorumloao·

71 3589 167 3646 tutem
182 3583 408 3650 Paenitentiae.
438 3584 507 3645 sine
536 3599 595 3661 qua
621 3586 858 3654 sacramentum,
882 3585 934 3641 eut
978 3586 1040 3657 nis,
1057 3592 1138 3646 etex
1154 3582 1310 3661 paralytici
1326 3597 1361 3640 ac
1377 3580 1559 3657 peccatricis
1581 3579 1788 3657 absolutione,
1805 3603 1836 3645 u·

69 3679 151 3737 esse,
167 3672 220 3727 aut
235 3671 318 3728 certe
335 3665 408 3728 utile
423 3681 494 3728 esse
509 3681 570 3726 oon
586 3669 697 3742 potest.
715 3662 756 3722 bx
772 3662 932 3724 Paeniten-
978 3683 1053 3729 num
1068 3673 1294 3730 sacramentum
1309 3661 1486 3735 iacarsmon
1499 3661 1648 3724 babemus
1660 3667 1837 3743 exemptum

69 3747 107 3806 tia
122 3749 206 3809 enim
219 3747 352 3823 timidis,
368 3750 543 3811 elatiorem
571 3754 706 3808 veterum
721 3792 731 3821 ,
761 3745 927 3822 probamus
977 3749 1161 3812 sacramenti
1177 3745 1432 3818 Poerritentiae‚in
1449 3746 1524 3806 actis
1539 3745 1691 3824 Baptistae
1705 3754 1737 3809 et
1751 3747 1836 3811 tibri-

69 3830 283 3893 contritianem
306 3848 368 3894 uon
383 3846 454 3893 esse
468 3831 553 3894 solas
568 3834 721 3902 terrores,
751 3830 807 3890 scd
822 3845 927 3890 rerum
973 3833 1013 3894 sti
1030 3839 1100 3894 ante
1115 3831 1387 3894 resurrectionem.

69 3912 208 3975 dolorem
223 3914 264 3976 de
279 3915 414 3991 peccatis
429 3911 614 3991 praeteritis,
630 3926 700 3974 cum
716 3917 800 3974 certo
816 3927 928 3989 propo·
1013 3915 1113 3978 Adde:
1130 3914 1211 3991 quod
1228 3911 1389 3982 cbristus,
1416 3925 1485 3970 cunr
1502 3910 1697 3987 paralyticum
1710 3917 1741 3973 et
1755 3931 1826 3990 pen-

68 3994 217 4058 sitaritne
238 3996 389 4071 melioris;
406 4003 567 4058 etrurscm
590 3993 702 4056 eodem
722 3994 865 4072 exempto
880 3995 926 4055 di·
972 3997 1118 4060 actricem
1132 3995 1273 4068 absolvit,
1298 4010 1359 4054 nun
1382 3993 1470 4052 ritum
1488 3993 1630 4062 instituit,
1645 4009 1827 4070 nuorecon·

65 4077 327 4151 seimus,remissa
342 4079 432 4157 culpa
449 4095 511 4140 non
525 4092 649 4155 semper
661 4091 791 4156 poenam
803 4093 926 4156 quaque
972 4081 1150 4142 ciliarcntur
1176 4077 1324 4154 deinceps
1347 4082 1546 4153 peccatores,
1564 4090 1665 4153 neque
1687 4082 1833 4154 apostolis

65 4161 267 4237 temporalem
282 4163 406 4224 remitti:
423 4166 454 4223 et
468 4161 525 4220 ntia
539 4159 571 4222 id
585 4175 685 4240 genus
697 4159 845 4237 muita3de
859 4160 925 4237 qui·
973 4164 1136 4233 mondavit,
1154 4169 1185 4222 ut
1200 4176 1237 4222 ea
1253 4159 1343 4219 modo
1368 4173 1429 4234 nuo
1444 4159 1511 4234 ipse
1532 4157 1666 4230 iecerat,
1693 4159 1832 4238 inspecta

65 4239 122 4302 bus
136 4243 215 4304 inira
231 4245 375 4306 suctoco
390 4243 608 4321 disputandum
624 4245 694 4305 erit.
971 4245 1032 4308 ilde
1054 4246 1195 4308 aliorum.
1212 4243 1262 4305 alii
1284 4240 1360 4302 nibil
1384 4240 1519 4317 petenti,
1547 4247 1670 4320 peccata
1696 4243 1830 4307 remitte·

103 4323 295 4389 insecundo
310 4326 411 4404 capite
427 4343 497 4404 pag.
513 4324 586 4387 ero.
602 4324 712 4404 probat
724 4323 900 4388 liemnitius
916 4373 925 4397 ,
971 4336 1051 4390 rent:
1068 4327 1199 4407 proinde
1214 4341 1273 4386 non
1291 4323 1383 4386 rerbo
1398 4324 1622 4396 sacramentali,
1635 4324 1690 4386 sed
1708 4329 1829 4405 propria

65 4417 291 4472 sacramentum
306 4409 515 4473 Paenitentiae
531 4423 593 4469 non
609 4408 722 4470 babere
748 4409 926 4470 tundamen·
971 4427 1007 4474 ac
1023 4409 1170 4488 singulari
1186 4426 1241 4468 sua
1258 4411 1408 4486 potestate
1424 4411 1549 4481 peecata
1564 4405 1691 4468 dimisit.

66 4495 125 4550 tum
143 4491 173 4550 in
190 4491 424 4570 praedicatione
440 4489 648 4552 Paenitentiae
670 4490 781 4553 Cbristi
797 4498 827 4550 et
842 4507 928 4568 prae·
1011 4493 1103 4554 Pnrra
1119 4494 1168 4554 iila
1190 4489 1333 4553 llemnitii
1346 4488 1507 4564 responsio
1522 4489 1558 4550 ad
1574 4488 1655 4550 idem
1668 4505 1828 4568 argumen-

67 4574 201 4635 cursoris
216 4574 299 4645 eius:
323 4574 405 4650 quod
423 4579 519 4636 tolum
546 4572 678 4634 libenter
704 4574 927 4647 concedimus,
970 4575 1125 4649 romentini!
1142 4575 1236 4636 ralet:
1251 4571 1351 4650 neque
1366 4570 1507 4631 cotnmtct
1523 4571 1674 4648 ejusmodi
1697 4587 1825 4652 respon·

66 4670 133 4715 cum
162 4657 345 4725 doceamus.
373 4660 598 4718 sacramentum
624 4655 832 4717 Paenitentiae
857 4665 927 4733 post
969 4658 1091 4720 sionem
1112 4671 1246 4734 unquam
1272 4659 1486 4740 agnoscerent.
1510 4653 1641 4714 Primum
1663 4655 1745 4716 enim
1773 4657 1827 4720 iat·

15 4732 16 4755 ³
65 4740 323 4802 resurrectionem
338 4738 458 4800 Domini
471 4737 924 4802 institutumluissettaeterum
967 4735 1825 4811 sumestcontritionemillorumitainterioremluisse,

15 4884 16 4893 g
67 4819 113 4881 tric
128 4820 222 4882 etiam
238 4821 346 4885 tudere
363 4821 460 4882 voluit
481 4821 674 4882 aduersarius
703 4826 736 4881 et
765 4821 880 4899 inepte,
894 4829 927 4886 ut
970 4831 1002 4885 ut
1016 4839 1078 4885 non
1101 4822 1291 4884 ineritetiam
1308 4818 1450 4880 exterior:
1467 4825 1550 4879 certe
1572 4819 1623 4896 qui
1639 4818 1826 4882 cantitaban-

15 4896 16 4919 ¹
64 4901 659 4983 solet,ratiocinari.Sieigiturloquitur:
678 4903 925 4981 Buptmtaprce·
970 4913 1018 4968 tur
1047 4911 1173 4985 peccata
1202 4903 1306 4966 ltattb.
1329 4899 1359 4962 3.
1382 4908 1413 4961 et
1433 4915 1513 4977 quae
1534 4900 1699 4980 lachrymis
1723 4903 1822 4982 pedes

14 4968 17 5007 t

15 5032 17 5079 Ι

15 5158 17 5171 Ι

14 5461 18 5509 Ι

15 5545 17 5589 Ι

14 5706 20 5754 Ι

65 4983 922 5066 dicacitpoenitcntiaminremissionempeccatcrnm:
968 4987 1089 5051 liomini
1103 4987 1262 5059 tanit,satis
1274 4982 1388 5062 apertis
1402 4983 1500 5060 signis
1508 4984 1722 5046 contritionem
1738 5003 1825 5049 suam

15 5131 17 5149 ¹
64 5081 190 5132 mmma
204 5069 307 5133 etium
315 5069 571 5147 praedicationis
587 5068 703 5132 Christi
716 5070 764 5132 ita
774 5070 923 5134 describi·
968 5072 1150 5149 prodebant.
1167 5067 1398 5132 contessionem
1413 5073 1513 5126 autem
1530 5065 1651 5127 iliorum
1676 5082 1736 5128 non
1752 5069 1825 5133 tuis·

67 5154 127 5208 tar.-
141 5151 382 5216 Poenitentium
403 5151 848 5230 ugiteeicredileecanpelio.
864 5151 923 5217 lio·
967 5153 1204 5234 sesingutorum
1226 5149 1418 5218 delictorum,
1434 5153 1485 5208 aot
1504 5147 1625 5220 laisum,
1648 5155 1698 5210 aut
1724 5150 1824 5215 incer·

15 5298 16 5306 ,
66 5233 129 5294 cuit
142 5240 299 5298 autemut
310 5234 457 5313 Baptista
467 5237 496 5296 el
513 5233 654 5297 tarnim
665 5237 705 5300 dc
718 5235 921 5300 contritione.
967 5242 1030 5300 tum
1047 5242 1104 5300 est:
1131 5231 1317 5311 cantitantes
1328 5237 1560 5309 peccamina,
1577 5233 1617 5292 ait
1638 5225 1817 5309 linttbaeus,

67 5311 228 5393 Baptistae
249 5319 415 5382 auditores
433 5316 570 5392 confessi
588 5324 665 5379 aunt
685 5326 819 5396 peccota
838 5333 922 5395 aaa,
967 5337 1070 5400 neque
1085 5318 1168 5380 addit
1183 5316 1362 5397 generatim,
1378 5313 1424 5374 rel
1441 5313 1629 5392 singiliatim.

69 5394 421 5465 earnemcarnem
433 5400 598 5478 privatam
610 5399 845 5464 absolutionem
863 5403 924 5466 im·
1002 5404 1093 5466 Porro
1106 5401 1257 5464 Christum
1269 5396 1314 5460 eis
1327 5401 1450 5474 peecata
1462 5394 1686 5475 commiscendi
1699 5407 1820 5474 peccata

67 5483 183 5554 pert-iil.
199 5482 309 5547 ltattb.
325 5484 356 5546 ti.
369 5489 399 5546 et
412 5481 489 5545 Luc.
514 5483 545 5546 i.
567 5483 674 5560 Quare
701 5485 803 5560 initam
818 5483 921 5564 inmte
967 5484 1189 5567 agnoscebant,
1204 5482 1280 5545 iram
1297 5478 1350 5542 Dei
1378 5476 1546 5544 timebant.
1573 5485 1604 5540 et
1623 5479 1684 5543 ddc
1699 5488 1823 5559 propter

68 5560 513 5640 delinitionemPoenitentice
537 5563 744 5643 uPontificiia
765 5568 921 5632 traditam
967 5569 1069 5648 ipsum
1085 5567 1229 5648 petebant
1244 5570 1274 5626 et
1294 5561 1483 5641 quaerebant
1508 5561 1817 5639 reconciliationem,

68 5643 265 5714 Paenitentia
277 5649 371 5717 illac
386 5646 918 5732 cbristoettiaptietcpraediccla,
968 5653 1075 5718 neseio
1089 5649 1140 5714 ubi
1156 5645 1329 5713 ltemnitins
1352 5644 1485 5723 legerit,
1515 5661 1584 5706 nam
1610 5645 1712 5708 ltattln
1734 5645 1766 5710 i.
1788 5653 1819 5711 et
