4084 6275
262 325 317 384 tab
814 323 859 382 bu
878 317 1101 381 sachaulaxto
1118 318 1362 380 auchxalsllas

141 521 146 530 ,
189 457 343 534 eximendi
359 455 470 532 alioqui
500 451 609 518 laisum
631 462 714 520 esset
738 455 930 528 discrimen,
961 453 1044 534 quud
1091 453 1277 533 cmcmioris
1292 448 1959 532 obstineant-Quiproeuidubio(quoni-

191 545 198 602 i
204 559 258 620 pse
267 542 353 621 panii
367 541 446 601 inter
461 553 567 600 novam
580 545 610 600 et
625 546 757 616 ueterem
774 537 961 620 legemliam
976 539 1003 599 si
1018 552 1049 597 a·
1092 553 1147 602 nm
1159 539 1268 600 nescio
1284 551 1352 615 qua
1364 535 1592 612 superstitione
1605 535 1763 600 docentur
1784 532 1961 608 obstrinpi)

192 633 279 702 gutur
291 625 329 685 de
344 620 521 701 speciebus,
538 621 629 682 etiam
651 637 734 685 nunc
753 631 869 701 partem
893 619 987 684 sumit
1000 635 1048 680 sa·
1092 625 1151 680 uui
1163 619 1507 696 sucrumeutaintcpra
1519 617 1790 696 percipiens-ant
1803 615 1845 678 ub
1869 617 1959 678 inte·

192 708 315 778 cerdos,
332 710 447 785 partem
464 704 609 782 populus:
626 721 716 766 nemo
746 707 827 769 enim
849 705 943 778 sumit
971 703 1048 764 intc-
1092 705 1159 780 pris
1174 708 1361 766 arceantur:
1390 703 1472 782 quin
1487 699 1603 763 diuisis
1628 703 1785 765 uniusaet
1809 698 1960 776 οροοοοοι

191 805 279 869 grum
293 803 416 868 panem.
433 785 497 848 Hoc
512 786 603 864 igitur
617 792 665 848 est
679 788 844 850 discrimen
873 789 953 848 inter
967 791 1053 847 rete·
1093 786 1238 866 mysterii
1256 786 1328 848 sine
1348 784 1473 864 mnndi
1493 784 1664 862 sccuupio
1685 801 1755 848 aton
1766 788 1868 863 potest
1880 796 1962 861 pro-

193 869 360 934 riscinuri
375 869 560 931 Testamenti
587 869 772 934 sacrihcium
795 869 876 948 quod
907 869 981 930 illud
1004 867 1049 928 di·
1094 869 1217 931 uenire.
1566 923 1568 927 .

191 953 351 1017 videbatur
366 966 421 1030 per
437 958 548 1028 partes,
566 968 624 1012 nec
639 959 756 1030 poterat
781 953 818 1015 ab
835 969 896 1015 uno
911 949 990 1013 sumi
1004 957 1047 1010 lu·
1135 949 1453 1028 Respondembupiex
1469 948 1506 1009 ad
1522 948 1606 1010 hunc
1621 948 1721 1011 iocum
1737 947 1800 1009 dari
1816 948 1896 1008 solet
1907 962 1963 1006 so·

193 1045 267 1115 tum3
285 1043 316 1098 ei
328 1035 400 1096 inde
414 1032 518 1106 hobal,
535 1040 567 1096 ut
583 1035 632 1095 alii
662 1035 810 1115 maiorem
839 1042 954 1114 partem
972 1077 980 1106 ‚
997 1030 1047 1092 alii
1096 1035 1182 1095 latio.
1198 1031 1260 1094 ilua
1276 1039 1334 1104 est,
1352 1033 1433 1110 quod
1450 1031 1592 1108 loquatur
1607 1031 1748 1094 Gclasius
1762 1031 1801 1092 de
1817 1031 1893 1091 solis
1907 1046 1965 1090 sa·

193 1122 341 1180 minorem
358 1117 519 1193 habereut;
533 1123 562 1177 et
583 1119 775 1180 sacerdotum
805 1117 957 1180 ordinarie
985 1120 1051 1177 erat
1095 1116 1273 1179 cerdolibus
1287 1114 1544 1184 sacrificantibus,
1561 1115 1615 1189 qui
1632 1116 1716 1176 nullo
1730 1114 1822 1174 modo
1842 1112 1965 1172 dehent

194 1218 264 1280 pars
281 1198 451 1279 potissima.
468 1203 502 1259 At
518 1201 576 1261 hoc
592 1207 728 1261 nostrum
747 1209 840 1262 totum
857 1209 887 1261 et
898 1200 1051 1278 integrum
1099 1216 1188 1261 unam
1205 1196 1341 1277 speciem
1358 1198 1427 1258 sine
1443 1197 1536 1257 altera
1563 1210 1699 1266 sumere,
1725 1212 1793 1257 cum
1819 1197 1962 1272 ipsorum

195 1286 283 1345 datur
304 1281 448 1360 singulis:
475 1297 533 1343 nec
556 1282 626 1360 plus
655 1282 747 1344 habet
774 1284 935 1348 sacerdos.
960 1293 1052 1356 quam
1095 1282 1373 1354 sii,holocaustuu1
1399 1295 1594 1340 consumere.
1622 1280 1703 1340 llaec
1727 1278 1840 1340 solutio
1865 1295 1902 1339 ex
1919 1293 1961 1337 eo

195 1366 303 1442 laicus3
320 1364 393 1426 licet
407 1364 619 1442 symbolasinl
634 1365 806 1443 majorave}
820 1367 904 1444 plura
921 1365 951 1424 in
965 1363 1052 1423 Gcm·
1098 1364 1266 1442 prohabilis
1281 1365 1431 1434 redditur,
1448 1361 1529 1440 quod
1546 1359 1717 1431 Gratianus,
1734 1362 1785 1437 qui
1801 1376 1839 1421 ex
1865 1360 1962 1435 epist.

193 1449 339 1510 munione
364 1446 570 1510 sacerdotum.
587 1447 694 1508 Fuisse
722 1447 821 1511 autem
844 1443 1053 1527 chrysostomi
1094 1448 1218 1520 Gelusli,
1236 1462 1315 1526 quae
1332 1447 1422 1507 modo
1440 1444 1569 1506 tortasse
1585 1461 1647 1506 tion
1665 1449 1772 1514 exstat,
1790 1443 1962 1520 capitutum

198 1537 310 1602 aelate,
332 1535 364 1591 et
384 1531 415 1589 in
435 1531 502 1606 ipss
519 1528 737 1608 chrysostomi
754 1520 893 1592 Ecclesia
922 1529 1052 1589 liberum
1097 1530 1170 1592 illud
1187 1530 1370 1609 desumpsit,
1389 1531 1472 1588 hunc
1487 1527 1515 1587 ei
1532 1525 1672 1602 praellxit
1686 1527 1819 1588 tilulum:
1838 1525 1964 1604 Corpus

196 1613 424 1676 communicare
440 1611 498 1673 suh
516 1627 573 1672 una
589 1613 706 1690 specie,
730 1614 891 1675 manifeste
920 1615 1054 1689 paieicx
1099 1613 1214 1676 Christi
1227 1613 1299 1674 aine
1321 1611 1391 1689 eius
1411 1610 1578 1687 ,sanquine
1602 1611 1754 1673 sacerdos
1777 1623 1846 1670 non
1870 1607 1967 1669 debet

198 1712 235 1757 eo
252 1695 405 1772 exemplo,
422 1695 503 1771 quud
520 1711 612 1773 supra
629 1695 789 1758 citavimus
819 1711 855 1756 ex
877 1693 1053 1756 -Soaomeno
1099 1696 1258 1772 accipere.

197 1785 229 1840 ot
248 1777 432 1855 Nicephoru.
1139 1779 1237 1839 Altera
1253 1776 1365 1839 solutio
1388 1781 1446 1847 est,
1461 1774 1615 1836 Gelasium
1640 1772 1870 1851 reprehendere
1891 1771 1967 1832 illos

236 1859 362 1922 Decimo
374 1859 442 1920 lucu
460 1857 617 1936 proterunt
631 1859 845 1938 Augustiuum.
869 1860 910 1919 Ac
922 1857 1054 1918 Primum
1098 1861 1315 1938 dumtaxat,qui
1332 1875 1369 1920 ex
1380 1874 1483 1920 errore
1491 1857 1735 1919 Manichaeorum
1751 1873 1766 1917 a
1782 1856 1879 1918 calice
1893 1854 1968 1915 abs·

195 1944 288 2022 citant
304 1943 379 2003 iliud
394 1941 449 2002 lib.
465 1943 679 2016 quaestionum
697 1945 728 2003 iu
743 1940 1054 2017 beviaicamquacsi.
1100 1944 1238 2005 linebant
1254 1989 1263 2015 ,
1279 1942 1389 2022 quales
1413 1947 1499 2003 erant
1525 1946 1587 2000 lum
1613 1940 1672 2018 ipsi
1695 1938 1875 2001 Alanicbaei.
1900 1944 1966 1998 tam
2033 1996 2034 1999 ,

195 2025 246 2087 st.
261 2025 311 2087 Au
332 2023 507 2086 bibendum
520 2027 727 2103 sanquinem,
750 2041 859 2088 umores
881 2022 1056 2087 emhortun·
1100 2023 1417 2088 Priscilliauistae.1sli
1433 2025 1516 2084 enim
1533 2020 1966 2095 ideoacaliceabstinebani,
2033 2034 2034 2037 ¹

196 2116 249 2170 tur
263 2108 321 2187 qui
330 2106 441 2168 uolunt
466 2104 584 2168 lichene
607 2109 720 2170 cilum.
745 2107 940 2185 Respondes:
956 2107 1056 2182 Augu·
1100 2116 1163 2171 tum
1178 2109 1247 2185 quia
1263 2107 1499 2170 abhorrebanta
1516 2104 1598 2177 vino,
1621 2110 1685 2167 tum
1711 2103 1781 2183 quia
1807 2104 1966 2165 existima·
2033 2104 2034 2109 ’

194 2193 293 2252 stinus
306 2190 413 2250 eodem
427 2189 517 2249 moda
533 2189 667 2267 loquitur
683 2192 720 2252 de
736 2197 808 2269 potu
821 2190 1057 2267 sanguinisque
1101 2192 1175 2253 bant
1197 2189 1350 2252 Christum
1377 2206 1439 2252 non
1467 2187 1614 2250 habuisse
1639 2204 1744 2250 rerum
1770 2187 1969 2264 sauguinem.

195 2289 285 2352 supra
302 2272 432 2332 diximus
447 2271 605 2348 loquutum
622 2271 959 2352 esse‘Cyprianumscu
974 2271 1057 2349 quis·
1102 2275 1201 2347 Quare
1216 2271 1355 2336 Gelasius
1370 2289 1432 2332 non
1449 2272 1573 2332 damnat
1587 2285 1654 2338 eus,
1665 2271 1717 2348 qui
1729 2270 1812 2349 justa
1821 2270 1860 2330 de
1875 2283 1969 2329 caus·

198 2355 267 2434 quis
284 2355 340 2415 luit
354 2354 504 2414 auctor'in
528 2368 622 2415 serm.
638 2354 677 2416 de
692 2372 789 2416 coena
806 2355 939 2426 hominu
955 2370 1015 2415 non
1029 2368 1059 2414 e·
1102 2374 1137 2418 sa
1152 2375 1167 2417 a
1183 2357 1280 2418 calice
1296 2371 1331 2417 se
1346 2355 1513 2426 abstinent,
1530 2351 1585 2414 sed
1601 2352 1652 2429 qui
1669 2368 1707 2414 ex
1732 2350 1968 2430 superstitione,
2033 2404 2034 2409 ,

197 2434 807 2502 nimrimiaciliumodobibendi.sed
830 2439 860 2498 iu
894 2439 1060 2517 ipsasum-
1103 2433 1967 2516 ulverbaipsiusindicant:Quonimn,inquit,uesciu
2033 2432 2034 2445 ¹

199 2522 301 2598 pticnc
324 2519 496 2597 sanguinis,
513 2518 565 2595 qut
581 2518 663 2580 idem
686 2519 801 2591 efficit,
828 2520 893 2591 siae
922 2525 1061 2581 sumatur
1103 2537 1172 2602 quc
1186 2520 1417 2599 superstitione
1431 2520 1589 2582 docentur
1609 2517 1777 2595 obstrinpi.
1806 2516 1858 2578 lsti
1884 2517 1971 2577 enim

198 2618 254 2682 per
270 2601 392 2662 anudum
409 2599 482 2669 cibi,
500 2604 565 2662 slve
580 2617 635 2679 per
650 2605 772 2665 modum
784 2600 962 2681 poluslium
977 2600 1059 2662 idem
1105 2619 1214 2683 anagnu
1242 2604 1406 2680 sacrilegio
1431 2607 1655 2664 sacramentum
1680 2600 1869 2672 dividebant,
1896 2598 1970 2675 quia

198 2685 387 2764 Augustinus
402 2682 530 2755 ibidem,
547 2685 627 2746 siout
645 2691 731 2747 antea
747 2684 917 2764 Cyprianus
934 2729 942 2758 ,
965 2698 1060 2762 oppo·
1103 2686 1262 2748 solvebant
1275 2685 1380 2748 iesum
1396 2685 1543 2764 opinione
1558 2700 1624 2757 sua,
1642 2690 1673 2745 el
1687 2684 1758 2753 ideo
1772 2689 1857 2744 recte
1875 2681 1968 2758 jube·

198 2768 245 2829 nil
260 2774 293 2827 ut
307 2765 470 2837 contraria,
487 2781 548 2827 non
566 2767 729 2830 comedere
756 2768 939 2845 sanguinem
968 2773 999 2828 et
1014 2765 1059 2827 bi·
1104 2769 1214 2830 bantur
1227 2775 1279 2830 aut
1294 2770 1410 2847 integra
1425 2773 1627 2835 sacramenta,
1644 2773 1675 2827 et
1699 2765 1824 2842 quidem
1849 2763 1908 2825 suh
1930 2779 1967 2823 u·

201 2851 276 2912 bere
298 2849 493 2928 sanguinem:
511 2847 655 2926 Accius,
683 2849 794 2927 inquil,
809 2847 963 2926 sacrificii
981 2864 1058 2911 sun·
1105 2858 1210 2930 traque
1226 2850 1333 2930 specie
1348 2867 1470 2913 sumere
1485 2850 1516 2910 iu
1539 2849 1661 2926 siguum
1687 2850 1816 2910 correcti
1839 2845 1964 2918 errans,

197 2932 297 3010 quiue
311 2933 350 2992 iu
364 2929 557 2994 alimentum
569 2933 728 2994 sumendo
742 2947 812 2995 non
835 2931 941 2994 sultam
963 2945 1059 2994 nemo
1105 2942 1156 2996 aut
1169 2933 1351 3012 simpliciter
1366 2953 1381 2994 a
1398 2938 1587 2995 sacramento
1603 2931 1712 2994 arceri.
1740 2929 1827 2992 Unde
1852 2929 1900 3004 (ui
1914 2945 1968 2988 su·

196 3012 403 3094 prohibetur,
433 3013 492 3074 sed
519 3014 565 3076 ud
592 3012 768 3078 bibendum
793 3015 1007 3079 exhortentur
1027 3031 1060 3075 o·
1104 3035 1159 3096 pm
1175 3016 1322 3096 diximus)
1338 3032 1366 3078 s.
1380 3015 1443 3079 Leo
1457 3030 1551 3078 serm.
1567 3013 1654 3085 t.‚,de
1668 3009 1969 3091 quadragesimam

198 3111 289 3159 mnes
301 3100 359 3158 etc.
455 3145 459 3170 ,
559 3135 561 3141 ·
1110 3098 1303 3163 llauicbaeos
1318 3098 1510 3180 detegendos
1523 3095 1651 3176 jubebat
1665 3095 1832 3164 obseruari,
1856 3109 1918 3155 nou
1934 3108 1968 3155 e·

241 3178 384 3240 Secundo
399 3175 559 3255 proterunt
573 3192 611 3240 ex
626 3177 736 3242 eodem
751 3180 920 3258 Augustino
932 3180 983 3241 illa
996 3196 1061 3243 rer·
1112 3199 1160 3257 os,
1175 3183 1227 3261 qui
1244 3183 1334 3258 modo
1348 3182 1406 3245 sub
1421 3199 1493 3255 una,
1509 3180 1601 3243 modo
1624 3180 1683 3243 sub
1709 3185 1837 3256 utraque
1859 3176 1969 3254 specie

202 3259 240 3321 ba
257 3262 287 3321 in
303 3260 655 3353 serm.de·sacramentis
671 3262 749 3340 apud
766 3263 875 3324 bedam
891 3264 923 3324 in
939 3263 1062 3341 ttlnap.
1109 3267 1388 3341 conxmunicabaut3
1411 3265 1466 3327 sed
1493 3280 1548 3327 eos
1572 3268 1700 3334 tantum,
1725 3261 1778 3341 qui
1801 3256 1970 3337 numquam

202 3343 312 3421 prioris
328 3342 364 3403 ad
382 3341 518 3404 Goranlh.
535 3343 640 3405 Simul
654 3343 712 3406 hoc
726 3344 895 3417 sumimus,
909 3345 1006 3408 simul
1018 3346 1063 3409 bi·
1108 3349 1167 3411 sub
1182 3354 1311 3427 utraque
1326 3346 1602 3411 communicabant.
1619 3344 1698 3407 Illud
1720 3344 1803 3407 euim
1829 3358 1869 3404 eo
1890 3350 1968 3403 tem

199 3440 282 3495 naus,
299 3425 381 3504 quin
400 3424 500 3486 simul
521 3427 671 3488 uiuimus.
684 3428 878 3504 Respondes:
893 3426 978 3491 Nulla
991 3445 1063 3491 con·
1108 3448 1183 3509 pore
1198 3432 1320 3511 signum
1336 3438 1400 3492 erat
1414 3428 1655 3493 llanichaeismi:
1672 3442 1776 3489 errore
1796 3431 1899 3487 autem
1916 3424 1970 3485 itio

202 3507 335 3569 cluditur
350 3508 422 3567 hinc
438 3509 607 3570 necessitas
622 3508 765 3571 sumendi
781 3511 940 3587 sauguinis
963 3510 1064 3573 Dumi-
1107 3513 1398 3583 sublato,crdinarie
1412 3528 1521 3575 omnes
1536 3511 1595 3574 sub
1611 3527 1669 3572 una
1683 3507 1964 3578 communicabant,

203 3591 233 3649 ni
252 3605 307 3666 per
321 3590 444 3651 modum
462 3597 564 3668 polus.
580 3592 650 3653 ham
667 3592 786 3655 etiamsi
801 3593 929 3667 sanquis
941 3593 1063 3657 Domini
1108 3603 1141 3660 ut
1155 3613 1194 3659 ex
1209 3597 1317 3659 ordine
1331 3612 1456 3658 romanu
1471 3612 1563 3668 supra
1577 3592 1780 3655 ostendimus.
1875 3618 1885 3641 ·

205 3673 263 3734 suh
279 3673 384 3751 specie
398 3672 459 3733 riui
476 3672 516 3734 sit
529 3674 698 3752 signumat
712 3692 820 3737 caussa
834 3678 910 3737 vilae
923 3675 1063 3752 spiritua·
1148 3680 1316 3741 buodecim
1331 3678 1488 3758 proterunt
1502 3677 1681 3755 Gregorium
1698 3690 1819 3756 papam,
1834 3672 1889 3750 qui
1909 3667 1966 3733 iih.

203 3756 254 3823 lis,
273 3764 303 3815 et
318 3756 387 3815 idco
402 3760 485 3817 recle
502 3756 629 3839 dicatur:
648 3757 753 3820 Simul
768 3756 916 3825 bibimus,
933 3759 1012 3839 quin
1023 3761 1065 3821 si·
1106 3761 1127 3823 t
1155 3762 1270 3841 dialog.
1286 3778 1354 3837 cap.
1370 3761 1499 3825 iudicia
1513 3758 1623 3823 Christi
1634 3762 1817 3835 sanqmnem
1826 3754 1891 3834 jam
1906 3771 1966 3816 non

201 3838 432 3911 mutabimus,
449 3843 551 3900 tanaen
575 3856 634 3900 nun
661 3844 800 3915 sequitur
826 3841 974 3919 negativa,
998 3842 1063 3904 Nou
1106 3844 1138 3905 in
1154 3860 1262 3906 manus
1277 3844 1457 3914 infidelium,
1474 3844 1529 3905 sed
1544 3842 1576 3903 in
1591 3856 1645 3902 cre
1660 3839 1797 3900 bdelium
1813 3837 1914 3900 tundi:
1937 3844 1966 3899 et

203 3920 295 3981 simul
311 3921 459 4004 bibimus5
476 3936 550 3999 ergo
566 3938 625 3984 xum
643 3924 733 3985 simul
750 3923 890 3985 risimus.
906 3922 978 3985 liam
995 3941 1064 4000 pos·
1107 3927 1213 3987 homil.
1229 3926 1281 3987 22.
1297 3926 1328 3987 in
1345 3926 1483 4003 evaxngel.
1501 3926 1585 3993 dicit,
1616 3938 1670 3983 orc
1695 3920 1833 4000 corporis
1859 3928 1891 3986 et
1913 3936 1965 3982 oro

203 4018 311 4064 sumus
326 4002 417 4065 simul
443 4003 543 4065 rivere
569 4006 773 4067 comedendo:
800 4010 847 4067 est
871 4006 954 4067 enim
977 4006 1065 4069 cibus
1108 4008 1209 4072 cordls
1224 4007 1334 4072 Christi
1349 4010 1534 4084 sanquinem
1547 4003 1750 4067 hauriendum
1764 4019 1848 4065 esse.
1900 4044 1905 4052 -

202 4084 411 4178 Eucharistiae
427 4085 535 4148 eodem
553 4088 644 4149 modo
658 4088 779 4167 signum
808 4093 840 4151 el
851 4104 959 4150 caussa
971 4091 1062 4164 ritae,
1146 4091 1363 4153 Decimoterlio
1379 4090 1536 4167 proterunt
1549 4089 1673 4157 ltedam,
1689 4088 1741 4165 qui
1766 4086 1879 4149 similia
1901 4100 1965 4147 rer·

203 4168 432 4245 quoesittllt·
765 4244 769 4252 ¹
1040 4198 1043 4202 ’
1107 4171 1520 4235 bahabetinhomiliaiesti
1544 4169 1743 4246 Epiphaniae.
1767 4167 1966 4246 Respondes:

243 4248 345 4311 Tertio
362 4249 520 4327 proterunt
534 4249 622 4312 illud:
640 4250 698 4313 Aeo
713 4268 790 4315 coro
803 4252 875 4315 sine
888 4253 1062 4333 sanquine,
1108 4256 1210 4317 Sancti
1225 4256 1274 4316 isti
1291 4254 1394 4317 Patres
1409 4256 1488 4315 sami
1514 4254 1620 4315 dicunt
1646 4251 1757 4313 Christi
1784 4252 1969 4329 sauguinem

201 4343 262 4394 nec
275 4332 491 4410 sonmcusine
502 4334 684 4415 eornep'ure
695 4336 1063 4411 communicatur-uuam
1107 4354 1161 4400 cre
1176 4340 1325 4416 corporis,
1341 4338 1423 4414 quod
1441 4352 1497 4398 nos
1512 4346 1572 4397 non
1590 4348 1738 4414 negamus
1759 4350 1832 4397 esse
1857 4332 1971 4394 iacien-

202 4414 384 4475 senteclium
401 4430 438 4476 ex
453 4415 622 4493 Augustino
637 4418 709 4479 citat
724 4418 852 4496 tigerus
868 4417 922 4480 lib.
938 4418 970 4480 2.
993 4434 1061 4495 cap.
1107 4421 1192 4497 dum3
1209 4419 1272 4482 bibi
1288 4426 1388 4482 autem
1403 4418 1519 4483 debere
1534 4434 1588 4480 cre
1604 4416 1809 4495 eorporis,aut
1823 4416 1883 4480 sub
1897 4432 1971 4493 spe·

201 4496 234 4558 8.
251 4496 445 4574 Respondec:
463 4498 502 4558 Ea
518 4501 669 4563 sententia
685 4516 747 4563 οοο
764 4501 993 4580 Augustinised
1010 4502 1065 4562 Pa·
1108 4507 1156 4565 eie
1170 4503 1232 4564 riui
1248 4502 1418 4580 sumi,ipsi
1436 4516 1497 4563 uun
1511 4501 1630 4562 dicuni.

203 4580 317 4641 schasii
333 4586 392 4651 est,
408 4580 488 4643 libro
505 4581 543 4643 de
558 4598 686 4661 corpore
702 4582 834 4648 Domini.
852 4601 919 4663 cap.
944 4584 994 4645 19.
1010 4600 1065 4646 uc·
1148 4584 1385 4662 Decimoquario
1409 4583 1567 4663 proterunt
1592 4582 1792 4661 haymonem,
1816 4582 1869 4660 qui
1892 4580 1924 4641 in
1939 4598 1969 4642 c.

204 4678 264 4739 que
281 4661 371 4725 nohis
387 4662 449 4723 ulla
466 4666 582 4727 ratione
607 4665 796 4729 adversatur.
823 4666 887 4729 Non
914 4668 996 4728 euim
1013 4667 1064 4727 Pa·
1110 4667 1159 4729 tu.
1178 4668 1206 4729 1.
1223 4668 1259 4730 ad
1276 4668 1414 4730 Corinth.
1430 4682 1590 4745 exponens
1605 4664 1694 4727 illud:
1720 4662 1815 4727 Galim
1840 4662 1972 4725 henedi-

202 4746 347 4806 sehasius
365 4744 498 4823 loquitur
513 4746 551 4809 dc
566 4747 732 4825 speciebus
747 4752 942 4823 sacramenti,
956 4748 1010 4812 scd
1024 4750 1064 4811 de
1111 4750 1237 4823 olienis,
1253 4751 1309 4814 cui
1324 4749 1557 4819 benedicimus,
1583 4763 1694 4811 nonne
1718 4747 1972 4810 communicatio

202 4842 236 4889 re
251 4834 444 4901 contentaac
459 4828 552 4893 docet
567 4846 626 4892 nou
639 4848 732 4910 posse
745 4833 825 4894 sumi
837 4847 959 4893 carnem
973 4847 1063 4893 exan·
1110 4834 1283 4911 scupuinis
1297 4832 1506 4895 bominiesrt
1527 4832 1603 4893 dicit
1626 4844 1697 4891 euru
1721 4830 1849 4892 calicem
1871 4827 1973 4890 vocari

203 4925 308 4985 quem,
326 4926 427 4989 neque
442 4914 636 4992 sanquinem,
659 4915 718 4977 uisi
744 4930 815 4977 cum
831 4929 896 4976 suo
922 4929 1061 4991 corpore:
1113 4915 1385 4994 participationem,
1401 4929 1458 4976 seu
1482 4913 1741 4986 communionem,
1767 4912 1838 4989 quia
1860 4926 1972 4973 coines

203 4998 235 5053 ei
248 4992 335 5054 illum
352 5007 411 5053 non
425 4993 495 5071 iure
510 4998 749 5069 communicare,
773 4996 824 5076 qui
850 4996 942 5058 sentit
967 5012 1061 5057 unum
1108 5014 1146 5060 ex
1161 4998 1214 5060 illo
1229 5014 1290 5061 uno
1306 4998 1509 5074 participiant.
1526 4994 1887 5075 Respondeozlmquitur
1909 4993 1970 5055 iste

202 5075 298 5169 accipi
315 5076 383 5137 sine
398 5076 623 5140 alteru.Eodem
641 5094 734 5142 seusu
751 5078 826 5140 dixit
839 5078 921 5141 idem
934 5080 1062 5140 Pascha·
1107 5086 1223 5149 auctor,
1240 5088 1273 5142 ul
1285 5073 1378 5159 supru
1393 5078 1477 5156 loqui
1493 5079 1625 5140 diximus
1649 5076 1801 5156 ignatium
1822 5082 1854 5139 el
1877 5075 1973 5156 Ghrq·

204 5172 270 5217 saus
286 5174 354 5234 cap.
373 5156 507 5222 tillon
519 5167 603 5224 recte
618 5177 694 5224 curu
711 5159 826 5224 Christi
848 5161 919 5225 sine
945 5160 1062 5224 diuini·
1108 5169 1276 5227 sostomum
1294 5164 1334 5225 de
1350 5161 1465 5225 unitate
1480 5161 1598 5223 calicis:
1622 5159 1773 5239 significat
1796 5158 1880 5221 euim
1900 5174 1971 5232 eos,

204 5243 268 5383 tute
294 5240 457 5317 sumitur,
485 5260 546 5307 nee
575 5246 729 5309 diuinitus
752 5245 823 5307 siue
847 5260 947 5308 corne
969 5260 1064 5323 prue-
1111 5244 1162 5321 qui
1179 5246 1364 5327 sanguinem
1380 5242 1500 5308 bomini
1516 5248 1651 5316 sumunt,
1668 5256 1707 5304 ex
1721 5258 1782 5304 uuo
1806 5242 1904 5304 calice
1919 5258 1974 5303 su·

201 5336 316 5383 saur.
629 5387 632 5397 ,
1111 5344 1206 5390 mere.

244 5401 411 5496 llndeeimo
427 5406 586 5484 proterunt
602 5408 768 5481 Gelasium,
795 5409 885 5487 cuius
910 5425 945 5472 ea
970 5408 1063 5470 rerba
1149 5409 1383 5492 liecimoquinlc
1397 5408 1555 5490 proterunt
1569 5406 1842 5486 'theophylactum
1858 5407 1910 5485 qui
1923 5407 1973 5467 sic

200 5490 395 5551 rectianiuaa
412 5490 564 5563 Gratiano,
581 5508 650 5553 can.
669 5490 900 5569 Comperimus,
928 5493 967 5555 de
989 5506 1062 5552 con·
1109 5493 1150 5554 aii
1163 5492 1194 5554 in
1210 5510 1279 5573 cap.
1298 5494 1349 5556 ll.
1367 5492 1479 5571 prioris
1492 5490 1532 5553 ad
1547 5488 1683 5553 Corinth,
1707 5488 1901 5552 Tremutdus
1915 5489 1972 5551 hie

199 5574 311 5630 secret.
327 5570 398 5633 disi.
415 5570 668 5651 2.Gompcrimus
683 5575 772 5653 quod
785 5576 922 5655 quidum
932 5580 1062 5651 sumptu
1108 5576 1200 5638 culice
1212 5575 1349 5646 'cunctis
1364 5576 1441 5655 puri
1455 5574 1642 5637 conditione
1669 5579 1714 5633 est
1736 5573 1887 5634 traditam.
1910 5572 1973 5635 Re-

198 5656 422 5719 tuntummodu
437 5658 580 5735 corporis
594 5657 880 5737 conspectionem
895 5658 995 5721 eolice
1010 5672 1063 5719 su·
1108 5658 1258 5737 spondeo:
1276 5658 1421 5737 Loquitur
1434 5656 1681 5737 theophylactus
1696 5654 1735 5717 de
1754 5661 1972 5735 intempore,
