4084 6275
853 333 947 396 etddtt
966 337 1111 404 QUINTUS
1201 281 1211 301 ·
1740 347 1789 405 ιιι

96 455 268 548 sanguinis,
291 457 355 520 sire
377 471 414 520 ee
437 477 518 526 nono
540 464 601 541 dat,
625 465 689 528 sire
710 465 798 542 iacto,
822 467 887 532 siae
907 470 952 532 iu·
998 475 1061 534 nim
1077 471 1185 546 odiert,
1201 480 1322 551 praeter
1336 475 1379 546 id,
1395 481 1481 554 qnod
1494 477 1643 540 bnttre'res
1658 478 1862 555 dicebat,non

96 541 161 598 turo
177 543 227 633 stt.
293 621 299 634 θ
997 571 1092 635 posse
1105 555 1187 616 idem
1203 559 1299 634 aooipi
1329 565 1360 621 et
1373 560 1492 621 donari.
1509 560 1590 622 Haec
1603 568 1677 623 sunt
1697 579 1861 642 argumen-

136 617 276 697 [tenrque
292 639 321 684 m
338 625 489 690 sooriileio
513 633 627 696 missae
652 631 824 694 rectissime
850 640 955 712 potest
998 649 1026 700 to
1043 655 1080 700 ex
1093 638 1172 700 tibro
1187 638 1494 704 Institutionumdtia
1509 644 1570 705 dno
1586 645 1668 706 addit
1681 647 1711 705 in
1724 647 1861 708 antidoto

11 707 16 752 t
65 719 69 728 ⁴
92 701 155 796 diei
171 708 298 781 sanguis
313 704 424 802 cbristi
439 709 568 786 edundi,
590 722 624 776 ut
647 713 715 791 ipse
741 714 888 780 Dominus
909 718 953 778 io·
997 705 1084 783 ertio.
1099 719 1130 782 6.
1147 721 1329 796 Parsieosis,
1341 741 1419 802 arrae
1434 725 1614 790 brevissime
1629 728 1704 792 solui
1718 735 1862 810 possunt.

92 790 208 881 qmtor,
226 791 435 856 commedio
456 801 501 856 est
523 799 659 874 sangnis
683 813 785 865 oreos.
812 800 871 879 qui
893 817 954 880 pro
1040 805 1172 865 Primum
1186 814 1234 867 est
1258 808 1330 867 boc:
1358 807 1519 870 Institutio
1548 809 1662 872 cereta·
1685 812 1732 873 sie
1756 810 1864 873 babet.-

91 867 203 960 mottrs
215 869 446 949 [meditnmsire
462 879 696 942 consideremus
711 882 868 961 mysticent
885 901 955 946 san·
999 885 1137 964 Accipite
1152 893 1183 950 et
1195 892 1407 965 manducate·
1420 905 1491 952 nore
1504 899 1624 967 cotem,
1643 892 1766 975 offerte·
1786 910 1861 973 erpo

11 963 12 996 ι
91 967 198 1044 gainus
213 951 408 1028 otiosiorem,
425 959 488 1020 sire
504 961 616 1024 rentem
643 961 836 1038 effusionem,
862 967 954 1032 idest.
998 969 1195 1046 sacrificium
1207 987 1277 1034 aon
1290 989 1335 1035 em
1347 975 1494 1034 institorio
1511 975 1629 1038 doreti
1643 984 1698 1043 est,
1725 979 1784 1040 sed
1800 993 1860 1054 po·

93 1032 286 1130 libationem,
303 1053 358 1100 seu
374 1040 560 1106 oblationem
576 1047 738 1123 sanguinis
764 1047 895 1110 bomini.
919 1048 956 1110 Ut
999 1053 1067 1114 tom
1080 1069 1156 1115 com
1169 1069 1206 1116 eo
1219 1060 1357 1133 pugnat.
1382 1056 1577 1134 despondeo:
1605 1058 1761 1139 Nusquam
1784 1059 1864 1138 tegi·

11 1131 12 1136 ’
93 1125 306 1211 οηιιιιιιιιιιιιιο
330 1123 500 1187 secondum
526 1125 709 1202 Scripturas,
737 1129 847 1192 dieitur
869 1133 956 1208 panis
1001 1153 1069 1196 mus
1084 1134 1237 1198 Christum
1252 1139 1379 1210 dixisse3
1395 1139 1458 1200 don
1473 1137 1680 1218 offerrezquod
1698 1144 1724 1203 si
1744 1143 1865 1221 tegere·

93 1195 278 1294 trangroum
295 1203 497 1282 distribuitur,
515 1209 633 1270 etiamsi
649 1209 757 1289 integri
775 1229 870 1289 panes
882 1215 957 1275 den·
1000 1233 1080 1283 mus.
1098 1224 1160 1278 tom
1177 1235 1247 1280 rere
1263 1227 1495 1298 pugnaretnum
1511 1224 1650 1285 instituto
1677 1224 1788 1289 coristi
1814 1241 1866 1285 sa·

11 1295 12 1298 ¹
94 1285 737 1373 tur:steetiomuinumtuadidicipotest
762 1311 831 1360 eum
856 1297 958 1358 distri·
1000 1300 1151 1362 critieium
1166 1301 1290 1365 missae.
1318 1304 1453 1376 Quodsi
1478 1305 1554 1368 ittud
1577 1307 1865 1385 urgeatdnluinus,

11 1381 12 1412 t
94 1361 211 1438 buitur,
229 1368 301 1429 ticet
315 1370 425 1447 ptenae
441 1375 607 1450 amphorae
622 1379 785 1450 donentur,
802 1383 834 1439 et
848 1381 958 1441 eodem
1001 1383 1083 1461 qnod
1100 1400 1160 1445 non
1176 1384 1284 1446 dixerit
1300 1385 1450 1448 etatsms:
1467 1387 1593 1462 oberte,
1617 1390 1680 1468 iarn
1709 1407 1802 1469 supra
1817 1405 1867 1450 re·

96 1446 189 1540 modo
205 1465 319 1528 corpus
333 1453 391 1514 sub
407 1457 513 1530 specie
538 1457 627 1535 penis
652 1459 809 1538 frangitur,
836 1467 866 1522 et
890 1477 959 1523 san·
1000 1483 1150 1543 sponsum
1166 1473 1223 1539 est,
1242 1476 1303 1530 torn
1319 1471 1395 1531 stibii
1411 1469 1514 1550 eoitigi
1536 1491 1575 1534 ex
1587 1489 1662 1551 pura
1686 1475 1864 1552 negatione:

11 1579 12 1584 ,
95 1544 168 1605 guis
182 1532 242 1593 sub
256 1537 364 1610 specie
378 1535 439 1596 uini
456 1537 603 1612 tunditur,
619 1540 692 1604 dum
714 1543 884 1608 oberraret
905 1545 958 1606 do·
1001 1556 1064 1610 turn
1079 1555 1154 1611 satis
1171 1549 1323 1613 Christum
1338 1560 1444 1632 aperte
1457 1554 1594 1632 jussisse
1608 1554 1798 1628 discrimem
1810 1555 1862 1616 eit:

95 1617 188 1674 netur
203 1613 266 1678 Deo
281 1619 311 1678 in
324 1617 519 1682 sacrificium.
1002 1633 1067 1696 doe
1080 1633 1190 1709 tacite.
1564 1659 1569 1666 ⁸

137 1693 281 1766 Quartum
297 1700 411 1762 tietuini
437 1710 649 1781 argumentum
675 1707 833 1770 desitura
859 1708 956 1772 tracta
1042 1717 1177 1777 atterum
1193 1722 1405 1794 argumentum
1420 1725 1479 1780 est:
1506 1719 1602 1782 Nono
1626 1734 1789 1800 nsorpare
1811 1719 1867 1782 dc·

11 1793 13 1832 r
93 1779 450 1862 mortiscbristi3quem
466 1787 559 1850 missa
585 1787 675 1851 nobis
701 1791 858 1870 praeripit,
885 1791 958 1854 dum
1001 1797 1866 1874 oettnnoremsoccrdortt,netaneococaros,testc

11 1879 14 1918 r
95 1875 441 1942 noeumagnosoamus
461 1870 695 1948 ‘nteogitemus
718 1872 800 1934 tacit.
827 1874 903 1951 Quis
925 1891 957 1936 e·
1000 1879 1160 1958 Apostoto.
1177 1880 1865 1962 Nemooutemprocterdbristanrooeotres
1980 1935 1988 1957 ,

93 1941 159 2034 nim
174 1947 298 2033 cogitet,
315 1964 350 2010 se
367 1956 463 2013 morte
479 1950 589 2014 dbristi
607 1955 800 2031 redemptum
818 1973 901 2028 08⁵0,
925 1975 957 2018 tt·
1001 1964 1129 2041 tepitar.
1145 1965 1419 2044 Respondemdum
1433 1968 1590 2044 apostotos
1604 1969 1744 2032 cbristus
1759 1968 1797 2028 nd
1810 1966 1864 2028 bo·

92 2023 124 2084 br
142 2041 248 2124 nouom
264 2031 294 2091 in
310 2033 404 2092 misse
415 2033 661 2110 redemptionem
673 2036 873 2112 videritiQois
886 2057 958 2116 poo·
1001 2063 1109 2118 norem
1124 2047 1288 2109 sacerdotii
1303 2052 1455 2110 roraverit
1469 2050 1532 2113 iltis
1546 2054 1661 2114 uerbis:
1674 2051 1740 2114 Hoc
1753 2050 1864 2129 facite,

11 2129 12 2166 t
93 2113 161 2200 eata
175 2111 236 2206 subt
249 2115 380 2176 remissa
395 2114 595 2193 oonddat,ubi
612 2135 719 2182 noram
742 2123 956 2186 remissionem
1002 2143 1094 2191 nemo
1109 2136 1210 2210 potest
1225 2130 1329 2193 dicero
1344 2147 1399 2193 eos
1413 2148 1475 2194 non
1491 2149 1563 2196 esse
1578 2151 1594 2196 a
1607 2135 1671 2197 beo
1683 2132 1866 2202 rocetosni·

96 2189 224 2254 videnti
1001 2213 1028 2272 si
1043 2213 1096 2288 oui
1112 2211 1265 2276 Christum
1280 2223 1374 2292 neget
1387 2231 1458 2278 esse
1474 2216 1583 2279 boum.
1599 2217 1658 2291 Qui
1677 2222 1778 2279 autem
1793 2229 1867 2292 apo·

142 2273 340 2355 despondeo:
358 2278 575 2357 Argumentum
594 2299 653 2346 non
670 2290 717 2346 est
742 2284 893 2349 dissimile
908 2303 958 2350 su·
1001 2295 1090 2356 stolis
1105 2294 1238 2373 legitima
1255 2295 1447 2359 ordinatione
1462 2300 1646 2370 socordem,
1672 2316 1734 2361 non
1761 2300 1867 2359 minus

95 2361 282 2437 perioribus:
309 2364 415 2424 nititur
440 2365 523 2426 enirn
551 2366 628 2428 iatso
653 2365 706 2429 iilo
734 2367 956 2443 fundamento,
1002 2377 1212 2440 ebeorocari
1226 2380 1375 2440 censendi
1391 2390 1476 2455 sunt,
1493 2399 1584 2462 qnam
1610 2383 1714 2444 etima
1736 2381 1801 2443 beo
1813 2380 1865 2458 ju·

92 2443 175 2520 qood
192 2443 285 2506 misse
299 2445 517 2508 eatbotioorum
533 2448 698 2520 sententia,
712 2449 770 2512 rim
784 2451 895 2513 babeat
906 2468 957 2514 ex·
1001 2460 1177 2523 dicerentur
1190 2463 1302 2532 reneri,
1318 2463 1371 2540 qui
1387 2463 1494 2526 beroni
1510 2481 1566 2545 per
1580 2467 1733 2528 carnatem
1751 2479 1862 2546 propa·

93 2526 199 2603 piandi
214 2533 340 2604 peecata
355 2529 423 2588 sine
439 2529 541 2592 erucis
556 2530 718 2594 saoridoio.
736 2531 787 2594 Sic
802 2533 886 2597 enim
897 2535 958 2596 boo
1002 2545 1156 2621 gatioaem
1172 2545 1449 2610 substituebantur.

92 2611 279 2680 diceremus,
297 2609 469 2674 rectissime
485 2611 628 2676 Cetvinus
644 2614 813 2694 colligeret,
832 2617 957 2680 missam

93 2691 185 2752 nobis
200 2693 376 2770 praeripere
392 2694 522 2756 tructam
537 2697 644 2760 mortis
660 2697 783 2761 tibristi:
807 2699 863 2762 sed
885 2700 956 2776 quie

91 2773 124 2836 id
155 2775 232 2836 auiti
259 2775 401 2838 oetbotiei
430 2777 554 2853 docent,
585 2779 689 2842 adrem
718 2781 859 2844 verberet
889 2781 957 2845 cai·
1498 2845 1507 2860 ,

92 2859 198 2920 ,Μ
1309 2844 1428 2907 CAPUT
1454 2844 1561 2908 xavt.

137 2939 198 3000 Sed
214 2946 318 3000 eontra
333 2939 425 3001 instat
441 2942 505 3003 itte:
523 2942 630 3022 Nepae
645 2945 768 3018 erodet,
784 2946 958 3026 inquitqoi

93 3023 232 3090 disserit,
247 3036 316 3084 ooo
331 3023 400 3084 otio
414 3039 530 3086 caroso
543 3041 603 3088 aas
615 3035 822 3105 peccatoram
846 3030 957 3092 remm-

91 3107 220 3167 sionom
232 3103 271 3165 r'n
283 3105 384 3169 missa
398 3107 552 3175 obtinere.
566 3111 633 3173 nisi
647 3113 728 3191 qma
744 3119 846 3175 morto
869 3112 957 3177 enri-

92 3190 135 3249 sti
150 3187 225 3263 jorn
250 3189 411 3267 ocqabito
436 3196 491 3253 est.
519 3191 590 3254 Non
615 3196 703 3257 enirn
728 3195 822 3261 atiud
837 3195 955 3272 adfert,

93 3286 196 3349 quom
209 3270 238 3331 si
245 3270 359 3347 jactet.
373 3288 432 3335 nos
447 3289 488 3335 eo
502 3274 606 3353 tepea
633 3276 753 3339 Gtrrieto
774 3278 957 3357 redemptos
1043 3272 1190 3335 Martinus
1204 3272 1423 3335 Kemnilittsiss
1438 3275 1470 3335 ἓ·
1489 3289 1554 3351 ιιι·
1571 3288 1672 3333 etim·
1698 3286 1768 3365 did·
1790 3269 1864 3333 ⁸⁰⁰·

93 3370 172 3422 esse,
188 3358 225 3415 nt
238 3370 298 3415 nos
312 3355 378 3432 ipsi
390 3358 635 3421 rediremus.-
650 3366 686 3423 nt
701 3360 785 3423 nitori
793 3360 868 3438 Jam
880 3378 956 3439 pas-
1002 3362 1115 3432 etseq.
1130 3356 1274 3433 proponit
1285 3364 1464 3432 argumenta
1479 3373 1534 3417 sua
1550 3355 1611 3417 sub
1625 3356 1685 3415 boe
1697 3353 1796 3450 tituto:
1808 3350 1867 3414 Ar-

92 3437 180 3498 sioni
195 3435 312 3499 Cirristi
324 3438 545 3518 relinquatur.
560 3442 637 3516 nisi,
650 3449 687 3504 ot
704 3444 745 3505 sit
771 3444 958 3521 coenobitam
999 3443 1156 3517 pomereto
1166 3439 1371 3501 ostendentia
1381 3438 1656 3501 abominationem
1662 3451 1868 3513 missorem·

92 3520 337 3597 redemptionis,
360 3537 423 3600 qno
446 3523 610 3587 dbeanrus
630 3526 733 3589 nostri
753 3528 957 3591 essoredem·
1001 3520 1132 3600 adficias.
1144 3521 1221 3582 Sunt
1234 3530 1335 3582 sutem
1348 3527 1526 3598 ittt¹1¹¹¹t³¹¹¹t
1539 3536 1605 3581 ιιι·

91 3608 211 3679 ptores.
1044 3604 1177 3665 Primum
1193 3604 1252 3664 tate
1267 3610 1326 3665 est:
1342 3602 1512 3666 instituere
1532 3603 1655 3698 eadam
1677 3608 1776 3697 estro
1796 3618 1865 3663 oer-

135 3684 330 3761 despondeo:
347 3685 418 3747 btira
435 3694 482 3748 est
499 3686 591 3765 bajus
606 3688 741 3751 bominis
753 3688 896 3765 caecitas,
908 3692 956 3753 ret
1001 3686 1089 3758 bam,
1107 3692 1137 3749 et
1149 3688 1221 3748 sine
1234 3686 1329 3750 verbo
1348 3685 1413 3759 Dei,
1432 3702 1557 3749 nonem
1571 3692 1627 3755 est,
1640 3699 1739 3747 amato
1763 3684 1869 3746 adolo-

92 3767 219 3833 matitia,
236 3768 287 3843 qui
304 3769 441 3829 nondum
457 3774 619 3844 potuit,aut
632 3780 715 3833 certe
732 3774 829 3837 notuit
851 3774 956 3835 ootbo·
1001 3769 1100 3831 tarda
1116 3774 1173 3843 est,
1189 3785 1265 3833 oram
1277 3771 1436 3847 scriptam
1448 3771 1500 3838 sit,
1528 3766 1667 3832 Frustra
1690 3766 1802 3829 colant
1813 3782 1866 3863 rae

93 3850 225 3910 tioorum
240 3851 424 3912 sententiam
440 3852 702 3932 intettigere.Natn
720 3856 749 3915 in
766 3855 873 3933 primis
884 3857 957 3919 mis·
1000 3853 1168 3915 mandetis
1198 3859 1228 3914 ct
1241 3854 1399 3915 doctrinis
1414 3853 1595 3914 dominnm.
1622 3850 1688 3913 Sed
1709 3850 1868 3946 ibeotnea

91 3948 126 3993 sa
143 3947 205 3993 non
223 3937 270 3995 est
284 3949 363 4009 opus
379 3940 526 4006 nostrum,
551 3936 606 3998 sed
634 3936 756 3999 consu:
780 3938 848 4015 ipse
873 3940 956 4001 enim
999 3936 1255 4012 repraesentatio
1268 3951 1329 4013 per
1344 3935 1454 4009 aerbo,
1469 3936 1564 3997 ritas.
1580 3940 1709 4029 gestos,
1723 3938 1809 4027 soom
1828 3948 1868 3994 tn

95 4021 145 4074 ost
161 4030 251 4077 uerus
266 4017 424 4087 sacerdos,
441 4018 492 4094 qni
509 4034 565 4095 per
590 4018 747 4081 ministros
771 4020 956 4083 sucrificium
999 4017 1170 4095 pontificio
1183 4019 1287 4081 missa
1304 4016 1352 4095 tit,
1367 4019 1499 4081 nodam
1512 4014 1609 4078 babet
1620 4014 1711 4078 aerbo
1723 4020 1863 4077 testimo·

93 4096 197 4167 otiert,
214 4103 246 4160 et
260 4114 315 4175 per
330 4098 404 4161 ittud
434 4108 543 4179 purgat
557 4108 588 4163 et
601 4102 726 4165 remittit
741 4103 958 4178 poetataoua·
1000 4102 1106 4168 nium.
1121 4101 1221 4163 immo
1234 4116 1296 4165 nec
1311 4102 1499 4179 coemptam
1515 4100 1646 4195 careri,-
1658 4101 1717 4160 ottt
1737 4104 1866 4176 aposto·

94 4195 127 4239 re
144 4182 264 4241 etiamsi
281 4181 373 4243 missa
387 4181 515 4245 baberet
529 4184 588 4246 rim
604 4199 659 4263 per
673 4200 707 4247 se
721 4184 841 4265 absque
865 4187 967 4249 saeri·'
1002 4184 1120 4247 iorem.
1135 4184 1295 4246 Fatentar
1308 4186 1397 4248 enim
1409 4182 1570 4263 pontificii
1582 4187 1764 4260 eruptores,
1786 4196 1866 4276 apo·

94 4260 165 4323 boia
181 4263 294 4326 crucis.
313 4279 373 4325 non
395 4264 466 4327 ideo
493 4271 604 4329 tamen·
620 4282 677 4329 nos
704 4266 763 4343 ipsi
791 4267 958 4331 redimere·
1002 4267 1184 4329 stotossota
1197 4267 1528 4331 dominieoorotione
1542 4262 1868 4329 nocetnectebrotro·

94 4360 176 4418 mus,
193 4345 249 4407 sed
266 4344 404 4408 Christus
420 4362 477 4408 nus
492 4350 668 4411 redimeret.
693 4349 811 4413 Deinde
833 4366 894 4413 non
918 4354 958 4415 ite
999 4364 1042 4413 ne
1057 4364 1188 4418 coenae.
1215 4355 1245 4411 et
1264 4354 1382 4412 notant
1405 4351 1464 4430 qai
1483 4350 1617 4411 romoni
1636 4343 1866 4442 pontificesaet·

93 4442 319 4505 comparamus,
338 4436 370 4490 ut
385 4446 545 4508 perperam
561 4432 631 4494 iacit
657 4430 810 4505 Caluinus,
841 4434 956 4509 passio·
1001 4448 1066 4511 qao
1095 4439 1237 4510 ternpore
1260 4433 1406 4511 angebo
1431 4439 1522 4495 actm
1547 4437 1578 4494 et
1599 4446 1713 4493 soerias
1734 4433 1866 4510 mystice

93 4526 165 4571 nem
181 4510 291 4573 dbristi
308 4528 379 4575 cum
393 4511 544 4577 sacrificio
560 4516 685 4586 missae,
703 4522 735 4575 ut
758 4514 897 4579 dieamus
918 4532 955 4579 ex
999 4517 1159 4579 dramatis
1179 4516 1382 4579 invenerint:
1408 4532 1483 4593 erpo
1509 4520 1568 4579 cte.
1593 4510 1790 4607 despondeo:
1819 4510 1865 4605 iic

92 4594 239 4669 passione
256 4592 365 4657 dbristi
392 4596 471 4658 sumi
499 4602 614 4659 tontum
639 4599 812 4675 exemptum
835 4599 954 4661 redem-
999 4600 1211 4677 propositione
1226 4598 1317 4671 buius
1341 4600 1513 4678 argumenti
1539 4611 1717 4675 saepedum
1744 4612 1776 4656 m
1791 4594 1864 4655 otras

93 4676 222 4749 ptionis.
238 4676 375 4741 Dicimus
390 4677 472 4739 enim
488 4680 633 4759 passione
649 4678 759 4743 dbristi
776 4686 870 4743 totum
885 4697 954 4761 pre·
999 4679 1261 4759 disputationibus
1275 4680 1488 4744 disseruimus.
1505 4682 1572 4742 iioc
1596 4686 1698 4773 autem
1711 4677 1801 4772 ioco,
1818 4685 1864 4737 et·
1911 4722 1933 4735 Ι

92 4764 170 4821 tium
188 4760 410 4837 redemptionis
425 4762 620 4840 acquisitum,
636 4770 666 4825 et
680 4770 839 4842 propteroa
857 4780 956 4826 noso·
1000 4764 1089 4825 iamsi
1104 4779 1139 4825 ea
1154 4763 1323 4842 propositio
1346 4765 1505 4826 verissima
1531 4770 1627 4829 esset,
1653 4760 1739 4855 rnbd·
1761 4766 1865 4821 tamen

93 4858 185 4901 mnes
200 4858 234 4903 oe
253 4852 349 4905 morte
364 4846 554 4924 redemptos,
571 4848 652 4925 quod
678 4846 785 4908 attinet
809 4846 846 4908 ed
871 4846 954 4909 suiti-
1000 4852 1213 4925 argumentum
1229 4846 1440 4921 concluderet3
1457 4862 1526 4908 nem
1541 4846 1574 4908 in
1592 4849 1804 4938 assumptione
1819 4847 1866 4903 et·

90 4926 236 4985 atentiam
254 4926 341 5004 pretii
358 4944 412 5006 pro
427 4928 571 4991 omnibus
585 4929 746 5009 persotuti:
763 4944 818 5007 per
839 4926 955 4991 saorifl-
999 4930 1060 4991 iam
1074 4929 1178 4991 uitium
1194 4936 1252 4991 est.
1269 4929 1333 4991 iton
1348 4930 1443 5001 enim,
1459 4936 1493 4989 ut
1506 4944 1603 5006 saepe
1617 4927 1865 5003 demostrare-

90 5008 176 5069 oium
191 5016 293 5071 autern
311 5010 424 5073 missae
439 5012 585 5089 appttcart
600 5013 731 5091 pretium
747 5011 834 5081 ittud,
858 5019 890 5074 ut
911 5023 949 5075 et·
999 5012 1059 5075 stio
1074 5020 1176 5075 nostra
1193 5018 1251 5081 est,
1267 5012 1307 5073 de
1322 5013 1526 5075 caeremoniis
1541 5009 1726 5104 missae,scd
1738 5007 1778 5103 do
1790 5006 1865 5069 sub·

89 5093 152 5151 ianr
168 5093 338 5169 apptteatar
352 5109 408 5172 per
422 5100 622 5166 sacramente,
639 5096 777 5173 quamvis
792 5094 862 5168 aiio,
879 5102 909 5157 et
923 5112 954 5157 a·
999 5096 1110 5157 stantia
1125 5092 1280 5157 seoridcii:
1297 5094 1380 5155 ittam
1395 5102 1497 5157 eutem
1512 5110 1528 5155 a
1546 5093 1666 5158 cbristo
1679 5096 1863 5185 institutam,

89 5174 135 5233 lio
155 5180 258 5246 modo,
275 5182 309 5236 ut
323 5192 379 5237 suo
395 5174 464 5237 ioco
480 5175 555 5237 inira
570 5176 721 5240 dicemus.
740 5175 825 5239 Siout
850 5178 953 5255 igitur,
999 5194 1091 5258 supra
1117 5178 1394 5241 demonstrauimus
1419 5177 1605 5239 testimoniis
1630 5175 1807 5253 scripturae
1833 5180 1865 5235 et

87 5256 143 5333 nui
160 5257 302 5335 baptizat,
320 5274 380 5319 non
396 5258 508 5320 dieitur
522 5260 693 5337 exemptum
710 5267 826 5323 tontum
852 5278 953 5325 sume·
1002 5262 1122 5324 Petram
1137 5262 1270 5323 ettotias
1281 5260 1451 5323 Ecclesiae.
1600 5340 1605 5353 ·

89 5356 125 5401 re
141 5340 394 5417 redemptionisa
411 5344 556 5419 passione
572 5342 755 5416 cbristimeo
772 5344 894 5421 proprie
907 5362 953 5407 re·
1043 5344 1218 5406 Secundum
1233 5350 1446 5417 argumentum
1461 5342 1619 5403 Kemnitit:
1648 5339 1863 5438 Sacramenta

89 5423 222 5495 dimerc,
239 5424 294 5485 sed
311 5423 466 5502 applicare
482 5424 635 5487 dumtaxat
660 5426 789 5504 pretium
815 5441 871 5505 per
885 5444 953 5505 pas·
1002 5432 1097 5489 eobo
1108 5440 1208 5487 mam
1220 5442 1243 5486 o
1258 5424 1379 5489 cbristo
1392 5428 1580 5489 instit-utone
1592 5425 1630 5487 in
1645 5426 1749 5520 airam
1761 5428 1860 5485 oeteo·

88 5507 212 5567 sionem
229 5508 425 5586 acquisitum:
441 5508 487 5569 sie
503 5508 594 5569 etiam
610 5509 649 5571 de
671 5506 821 5571 sacrittcio
843 5510 955 5573 missae
998 5524 1076 5570 nem
1091 5512 1153 5568 tota
1168 5522 1286 5587 penore
1300 5510 1462 5573 diuersam
1477 5507 1663 5586 transferre,
1678 5521 1796 5586 ropmrs
1817 5511 1863 5568 ast

90 5588 221 5666 cogitari
238 5590 342 5653 deber.
997 5591 1180 5670 piaeotonr.
1199 5588 1339 5655 caretas
1352 5599 1462 5655 autom
1475 5591 1718 5665 sacromenti3et
1730 5604 1862 5653 nonsa-

1144 3067 1321 3132 Soioootor
1335 3067 1530 3147 objectiones
1554 3069 1722 3160 demnitii.

137 5673 282 5755 Quintum
297 5680 507 5754 argumentum
519 5672 583 5756 jorn
598 5680 646 5739 est
659 5644 805 5743 solutum:
822 5673 901 5741 nibil
922 5691 955 5739 e·
1000 5672 1120 5753 crificia·
1133 5675 1296 5741 oetiooem
1307 5675 1346 5742 in
1358 5676 1463 5741 uate
1476 5674 1688 5743 institutionis
1700 5671 1861 5771 praesmi-
