4084 6275
290 375 343 430 aad
554 359 561 376 '
1014 375 1059 434 lm·
1071 375 1176 434 lllssa

223 503 386 570 oblationis
398 509 464 582 ejus
479 501 509 562 in
519 499 747 578 sempiternum
758 503 893 580 durator
906 507 1013 572 eiilcax
1028 509 1079 571 sit.
1125 525 1186 588 qne
1197 507 1228 572 id
1240 505 1437 588 apertissime
1451 503 1484 568 h.
1502 502 1615 566 Paulus
1629 498 1759 580 requirit
1774 547 1784 576 ,
1805 505 1841 564 ut
1853 500 2000 565 ostendi·

223 587 333 663 Tertia,
349 588 421 667 quie
433 599 555 662 semper
570 582 602 648 in
617 585 705 646 coelo
720 586 891 654 intercedat
905 607 960 670 pro
976 589 1080 655 nobis.
1126 609 1208 668 mus,
1223 607 1294 654 cum
1309 591 1361 663 eit,
1386 594 1528 666 oportere
1544 584 1711 653 Christum,
1727 584 1755 646 si
1768 592 1817 646 est
1828 586 1970 664 pontifex
1987 631 1997 658 ι

221 671 342 745 Quarta,
359 670 429 748 quia
445 667 615 749 peripsum
637 674 670 728 ut
694 672 883 736 sacerdotem
913 674 1081 738 habeamus
1126 673 1367 750 babereeliquid
1383 670 1466 751 quod
1482 668 1601 732 oiicral.
1618 665 1730 762 Paulus
1741 673 1847 764 nutem
1862 666 1999 762 Hebri.

220 757 381 818 aceessum
398 752 434 812 ad
449 753 578 812 Patrem.
596 749 717 827 Quinta,
744 754 815 831 quia
844 755 874 818 in
897 763 1080 836 perpetuum
1126 757 1534 835 ublponltistamcaussam
1551 751 1794 819 hamathaeum
1820 756 1873 813 art:
1904 749 1999 813 Chre

218 833 1081 915 saluerepossit,elsalvetquiperipsumadDeumae·
1124 831 1680 916 aldeardemedquodmoneottn
1693 838 1888 928 aeternum,
1917 849 1998 912 per·
2032 846 2033 915 l

219 919 348 982 cedunt.
1123 931 1258 1000 petreum
1272 921 1366 985 hobel
1385 918 1615 982 sacerdotium:
1644 931 1706 976 non
1722 916 1830 993 prebet
1851 917 1925 978 ideo
1942 933 1993 976 so·

261 1000 456 1079 llesponden:
473 996 558 1073 Quod
572 996 678 1062 attinet
692 997 730 1062 ad
746 1007 862 1079 partem
886 1004 978 1083 hujus
993 1019 1081 1083 erqu-
1127 1008 1188 1069 lum
1200 1005 1353 1068 Christum
1365 1019 1436 1066 esse
1450 1008 1611 1064 aeternum
1622 999 1826 1070 sacerdotem,
1840 1000 1914 1075 quia
1929 1015 1993 1092 ma·

219 1083 512 1162 manci-negativam,
525 1098 594 1142 eum
609 1081 721 1144 Paulus
743 1085 817 1146 dicit
832 1101 893 1148 non
925 1087 1021 1148 luisse
1046 1104 1079 1146 o·
1127 1095 1179 1150 net
1194 1090 1224 1149 in
1239 1099 1410 1160 aeternum
1426 1085 1481 1146 sed
1497 1082 1606 1162 probat
1620 1097 1657 1142 ex
1670 1095 1719 1148 cu,
1736 1083 1818 1158 quod
1832 1088 1941 1142 manet
1962 1098 1994 1143 ιιι

219 1183 290 1245 pus.
307 1173 340 1227 ul
354 1164 493 1230 Christus
507 1165 633 1240 saepius
644 1179 678 1226 se
690 1163 824 1243 olierrel;
838 1169 1082 1242 apertissimcle·
1125 1177 1296 1238 aeternum,
1312 1184 1405 1248 posse
1421 1167 1508 1228 illum
1524 1169 1674 1242 perpetuo
1693 1162 1778 1240 longi
1793 1163 1992 1256 sacerdotio,

220 1253 323 1328 quitur
337 1248 375 1309 de
390 1254 514 1310 cruenta
531 1246 696 1310 oblatione.
712 1265 791 1326 quae
806 1251 1077 1324 sufficientissima,
1126 1270 1185 1314 nec
1200 1269 1271 1314 esse
1283 1267 1373 1328 onus,
1389 1257 1423 1314 ul
1437 1249 1505 1329 quis
1521 1248 1563 1309 illi
1581 1245 1727 1308 suecedet
1743 1264 1754 1323 3
1774 1246 1857 1307 sicut
1883 1262 1916 1307 ιιι
1946 1262 1996 1308 se·

219 1331 314 1392 immo
329 1328 438 1394 induiti
454 1328 543 1407 pretii
559 1336 589 1392 et
611 1328 720 1392 valoris
750 1330 817 1392 lull:
844 1343 982 1396 caeterae
997 1333 1082 1396 obla·
1127 1336 1262 1396 cordolio
1277 1335 1399 1396 levitico
1420 1346 1499 1410 opus
1521 1335 1586 1392 erat
1600 1330 1744 1389 continua
1761 1329 1969 1422 successione
1986 1375 1995 1404 ,
2033 1304 2034 1391 l

219 1413 321 1476 lienes
335 1412 554 1490 repetebantur
575 1418 606 1474 el
620 1417 810 1489 ιοροιιιιιιιιι,
834 1417 995 1494 quia-finili
1011 1421 1083 1478 sunl
1126 1419 1316 1499 quianullus
1342 1431 1449 1479 eorum
1475 1419 1594 1491 poterat
1615 1416 1766 1490 perpetuo
1789 1418 1994 1485 mrmstrare,
2033 1394 2035 1501 l

219 1494 1083 1568 valorisQuodaulemedaeternumsacerdoliumChri·
1129 1518 1198 1564 cum
1214 1506 1312 1562 munte
1333 1498 1571 1578 prohiberentur
1586 1510 1790 1585 permanere..
1837 1575 1845 1588 ·
1970 1576 1977 1588 ·

223 1579 262 1642 sll
286 1593 415 1647 necesse
430 1576 481 1650 sit,
508 1583 542 1638 ut
556 1575 681 1656 saepius
696 1576 802 1642 offerat
828 1597 883 1660 per
904 1599 949 1655 se,
967 1582 1013 1642 rel
1030 1597 1085 1660 per
1167 1583 1309 1646 Secunda
1325 1597 1434 1644 caussa
1450 1626 1458 1648 ,
1473 1579 1557 1656 qood
1581 1579 1677 1638 uirtus
1698 1575 1864 1638 oblationes
1890 1592 1995 1670 eruces

220 1676 295 1722 suus
306 1660 474 1732 ministros,
490 1677 551 1722 non
574 1661 698 1736 quidem
713 1670 849 1731 eruente.
868 1666 923 1726 sed
935 1663 1037 1741 atiquo
1053 1681 1083 1724 a·
1127 1674 1275 1744 perpetua
1290 1665 1343 1735 sil,
1359 1680 1419 1725 non
1437 1663 1528 1724 eliam
1543 1667 1591 1722 est
1602 1658 1771 1734 subiciens.
1784 1658 1840 1720 Illa
1855 1673 1944 1720 enim
1960 1674 1992 1720 o·

220 1743 262 1804 lio
283 1743 386 1812 medo,
403 1742 483 1804 idern
500 1742 610 1804 Paulus
625 1742 725 1814 docel,
741 1745 907 1812 llebr.8.ut
922 1747 1084 1809 sihomas
1128 1750 1253 1820 stendit,
1269 1746 1414 1810 ellectum
1429 1742 1571 1807 sacrificii
1586 1743 1689 1804 crucis
1704 1756 1776 1804 esse
1791 1747 1994 1820 perpetuum,

221 1825 253 1885 in
265 1825 482 1887 commentario
498 1825 655 1903 praeclare
670 1826 889 1904 exponitdum
906 1828 987 1891 enim
1002 1826 1082 1905 Apo·
1128 1837 1160 1892 el
1173 1831 1304 1909 proinde
1315 1827 1484 1908 improprie
1497 1827 1597 1905 ipsum
1613 1823 1705 1886 etiam
1720 1823 1913 1918 sacrificium
1929 1840 1998 1901 pos

224 1907 323 1970 stolus
338 1907 475 1980 dixisset,
489 1907 642 1969 Christum
657 1923 728 1970 esse
750 1910 926 1987 pontideem
952 1917 982 1972 et
994 1912 1083 1972 mini·
1128 1929 1163 1975 se
1178 1914 1239 1974 diei
1252 1918 1446 1991 perpetuum.
1463 1909 1589 1988 Proprie
1615 1915 1715 1968 lamen
1736 1922 1799 1966 non
1814 1907 1933 1968 dicitur
1946 1924 1994 1968 sa·
2034 1958 2035 1961 ,

223 1995 318 2051 strum
335 1995 511 2052 sanctorum
540 1994 570 2050 et
584 1989 771 2055 tabernaculi
788 2037 797 2067 ,
828 1994 908 2070 quod
924 1993 988 2056 ilnit
1001 1993 1084 2056 Deus
1127 1995 1279 2058 orificium
1293 2001 1463 2067 aeternum,
1480 1993 1562 2067 quod
1578 1991 1677 2054 semel
1702 1990 1815 2052 laetum
1840 1994 1891 2051 est
1908 2035 1919 2059 ,
1937 2005 1995 2051 nee

223 2079 326 2133 elnon
341 2073 445 2141 homa,
461 2073 552 2143 idest,
566 2085 636 2134 esse
649 2074 823 2151 pontificem
840 2076 1010 2148 Ecclesiae,
1021 2092 1081 2138 non
1127 2079 1239 2140 dieitur
1253 2084 1410 2140 aeternum
1422 2074 1640 2143 sacerdotium,
1656 2089 1727 2135 cum
1740 2074 1801 2134 adn
1815 2071 1936 2151 jugiter
1950 2089 1996 2134 sa·

222 2169 408 2234 synagogae,
425 2152 595 2232 subiungit:
612 2152 719 2220 Orchia
729 2160 878 2236 pontisare
890 2161 934 2223 od
949 2157 1083 2239 offerere·
1128 2160 1293 2224 erihcatur:
1306 2160 1420 2239 alioqui
1435 2156 1643 2221 secerdotium
1669 2161 1700 2217 et
1714 2153 1901 2216 sacrillcium
1919 2154 1995 2228 doe,

221 2239 301 2298 dom
314 2252 453 2300 munero
475 2243 504 2298 et
533 2237 652 2300 licetine
674 2242 890 2308 constituitur.
919 2243 1008 2306 uode
1022 2258 1083 2304 rce-
1127 2249 1250 2306 aeterna
1266 2243 1327 2305 dici
1343 2247 1482 2320 possent,
1498 2239 1568 2317 quia
1592 2238 1639 2317 (ut
1654 2238 1809 2316 colligitur
1822 2252 1862 2300 ex
1876 2255 1950 2316 cap.
1964 2237 1996 2300 8.

221 2335 304 2382 cesse
320 2325 376 2388 eat,
390 2327 419 2382 el
433 2319 520 2382 laune
534 2319 651 2382 habere
667 2320 795 2402 aliquid
812 2372 819 2393 ,
848 2325 937 2405 qood
957 2321 1081 2404 offerat.
1128 2326 1257 2404 Cenes.)
1273 2325 1404 2388 elicetus
1414 2321 1557 2386 sacrilleii
1571 2322 1664 2384 oblati
1693 2319 1789 2382 aliod
1811 2325 1883 2414 post
1912 2321 1992 2383 dilu-

220 2401 275 2462 llul
292 2401 518 2463 rideslaulum
534 2406 807 2479 pernecessariam
831 2406 1084 2484 consequentiam
1127 2412 1221 2480 rium,
1238 2424 1363 2488 semper
1379 2413 1482 2470 manet
1507 2413 1538 2468 et
1553 2404 1699 2466 manebit:
1723 2403 1898 2479 impetrant
1912 2405 1996 2464 enim
2035 2472 2036 2477 γ

222 2484 381 2560 colligere.
399 2483 514 2546 debere
529 2485 694 2560 Christum,
710 2485 737 2550 si
762 2505 833 2552 vere
856 2497 903 2552 est
918 2489 1082 2568 ponliterr,
1129 2507 1168 2554 ne
1183 2491 1450 2554 iterumdilurium
1460 2504 1558 2569 aquae
1570 2487 1684 2550 rediret
1694 2501 1789 2566 super
1799 2485 1997 2548 terramPari

220 2567 337 2630 babere
353 2565 468 2641 aliquid
485 2568 565 2642 quod
581 2566 698 2639 olleral,
726 2576 755 2631 et
777 2579 1004 2653 consequenter
1030 2575 1083 2634 de·
1128 2575 1245 2636 ratione
1261 2573 1371 2637 Christi
1387 2573 1527 2633 nativitas
1541 2586 1578 2632 es
1599 2577 1707 2643 melre,
1723 2569 1829 2646 passio
1857 2574 1889 2629 et
1901 2585 1995 2639 mors,

224 2650 298 2712 bero
315 2646 437 2720 olicae,
454 2650 524 2724 quia
544 2651 645 2714 omnis
674 2653 808 2731 pontilex
837 2655 1032 2718 constituitur
1046 2653 1083 2716 ad
1127 2657 1188 2720 dlci
1204 2662 1331 2734 possent
1346 2663 1482 2726 aeterna,
1499 2660 1531 2716 et
1545 2652 1684 2716 Christus
1705 2651 1767 2713 dici
1782 2658 1890 2730 posset
1915 2667 1997 2714 scm·

222 2728 426 2792 offerendum.
443 2729 543 2804 baara
568 2736 739 2796 secundum
763 2736 845 2800 Pauli
872 2739 1083 2810 sententiam,
1127 2756 1184 2818 per
1199 2740 1296 2812 nasei,
1313 2739 1374 2816 peti
1400 2737 1548 2807 elmoni,
1576 2736 1648 2814 quie
1673 2732 1804 2796 etl'eetus
1832 2735 1994 2797 berumo-

220 2811 359 2877 Clirislas
375 2828 435 2874 non
453 2820 500 2875 est
512 2813 648 2892 pontifex
663 2816 696 2878 ιιι
709 2819 942 2892 aeternumnlsi
958 2818 1085 2882 assidue
1129 2822 1247 2885 mnium
1262 2836 1388 2899 semper
1404 2825 1519 2882 manet.

220 2893 334 2971 aliquid
351 2893 469 2969 atterat,
487 2911 546 2958 nee
560 2896 634 2958 satis
647 2903 705 2966 est,
734 2902 818 2977 quod
833 2903 930 2964 semel
956 2908 1084 2964 eruente
1168 2904 1267 2966 Tertia
1282 2907 1371 2978 ratio,
1387 2903 1469 2980 quod
1485 2899 1626 2964 Christus
1642 2899 1673 2960 in
1696 2900 1785 2962 coelo
1806 2907 1934 2978 semper
1947 2898 1993 2960 iu·

220 2977 365 3040 obtulerit
380 2977 532 3054 seipsum.
546 2977 712 3058 subjungit
728 2989 832 3059 postea
858 2985 939 3046 idem
955 2984 1084 3062 Aposto·
1127 2987 1263 3050 tercedal
1279 3003 1334 3066 pro
1350 2986 1453 3060 nobis,
1470 2992 1522 3046 eal
1539 2999 1599 3046 nnn
1615 2982 1724 3061 pmbat
1738 2983 1826 3044 illum
1856 2997 1931 3045 esse
1945 2998 1995 3044 sa·

221 3059 283 3129 lus,
300 3059 461 3120 declarans
477 3060 642 3130 victimam,
657 3079 748 3140 quam
764 3082 846 3127 nunc
862 3067 985 3128 assidue
999 3066 1084 3128 Chri·
1129 3071 1297 3141 cerdolem,
1313 3077 1365 3131 aut
1376 3070 1483 3149 prohat
1496 3068 1582 3129 ittam
1598 3082 1681 3128 nunc
1695 3080 1751 3143 per
1777 3063 1993 3127 ministrosol·

222 3149 289 3203 stus
301 3142 401 3214 otlert,
420 3158 480 3203 non
494 3158 565 3205 esse
581 3144 694 3219 aliquid
721 3152 886 3219 terrenum.
918 3157 950 3211 ul
964 3166 1038 3211 ores
1054 3156 1085 3211 et
1126 3152 1220 3215 terre.
1237 3152 1310 3215 Nam
1325 3156 1351 3215 si
1368 3154 1473 3215 uolunt
1485 3150 1650 3212 aduersarii
1677 3148 1833 3211 Christum
1854 3149 1991 3210 interce·

220 3223 388 3296 boves,sed
402 3225 516 3302 aliquid
532 3228 678 3301 coeleste,
692 3228 834 3293 nimirum
847 3233 1084 3295 sacratissimam
1129 3238 1203 3297 dere
1227 3252 1282 3313 per
1292 3237 1388 3297 solam
1402 3235 1582 3301 orationem.
1608 3248 1670 3293 nou
1686 3231 1801 3293 hahent
1814 3230 1889 3293 inde
1902 3230 1995 3292 illum

222 3306 454 3369 Eucharistiam:
472 3305 507 3369 st
521 3324 608 3387 erpo,
625 3310 734 3387 inquit,
751 3320 830 3376 esset
843 3322 1084 3393 superterram,
1127 3334 1199 3379 esse
1215 3320 1337 3396 proprie
1349 3316 1628 3380 sacerdotemzliam
1643 3314 1776 3393 quilibet
1790 3312 1995 3391 homm'quan·

220 3397 281 3452 trcc
297 3390 551 3461 cascteocerdoa,
567 3401 761 3457 remearent
784 3398 847 3475 qui
873 3396 1025 3476 offerrent
1037 3414 1085 3460 se·
1129 3401 1239 3462 temris
1251 3400 1359 3471 laicus,
1377 3407 1477 3479 potest
1496 3414 1553 3477 pro
1567 3400 1629 3460 allo
1644 3398 1883 3474 perorationem
1900 3397 1994 3458 inter·

223 3472 368 3533 cendum
379 3470 479 3549 tapam
504 3488 669 3549 moocro3
691 3479 946 3559 petememplori
973 3486 1086 3543 elum-
1127 3483 1252 3545 cedere,
1280 3484 1310 3545 Si
1327 3500 1397 3545 cero
1413 3482 1602 3545 contendent
1630 3481 1718 3543 illum
1747 3479 1944 3543 intercedere
1960 3486 1993 3540 ut

223 3552 300 3615 brae
316 3553 501 3616 deservirent
529 3557 723 3621 coelestium.
755 3559 888 3635 Quorum
920 3564 1085 3627 verborum
1127 3566 1332 3637 sacerdotem,
1350 3567 1441 3636 idest,
1459 3563 1614 3627 mediante
1642 3562 1797 3625 oblatione
1823 3562 1990 3624 victimae:

221 3638 299 3697 liaeo
315 3643 362 3697 est
376 3637 542 3698 sententia:
559 3638 590 3701 Si
606 3640 705 3703 hostie
721 3644 904 3707 immolanda
934 3652 1018 3709 esset
1032 3664 1084 3708 su·
1127 3656 1191 3711 lum
1208 3664 1339 3711 necesse
1351 3656 1399 3711 est
1414 3647 1566 3711 Christum
1581 3661 1706 3724 semper
1719 3643 1879 3719 olierreml
1892 3647 1996 3723 proin·

226 3734 282 3795 per
297 3724 419 3788 terram,
448 3718 540 3792 idest,
571 3724 598 3784 si
620 3731 710 3785 essct
737 3726 851 3801 aliqeid
883 3736 1039 3791 terrenum
1055 3735 1086 3790 et
1127 3732 1167 3793 de
1181 3731 1402 3793 Eucharistiam
1424 3746 1496 3793 esse
1516 3728 1728 3799 camiletum,
1759 3727 1843 3804 quod
1869 3744 1886 3789 a
1912 3726 1997 3789 Chri·

224 3800 364 3873 mortale,
381 3808 500 3863 utores
515 3809 545 3865 et
559 3804 653 3868 bores
678 3812 738 3870 cle.
769 3808 907 3873 Christus
922 3828 983 3873 non
1000 3817 1086 3873 esset
1128 3820 1176 3877 sto
1198 3830 1254 3892 per
1274 3813 1478 3876 ministerium
1507 3813 1675 3875 humanum
1701 3810 1767 3873 beo
1790 3811 1909 3890 Jupiter
1923 3810 1997 3872 olie-

222 3884 381 3956 sacerdos,
398 3886 468 3961 quia
488 3900 549 3947 non
566 3894 651 3948 esset
672 3889 733 3951 ulla
749 3894 920 3955 necessitas
942 3893 1011 3955 nori
1036 3911 1084 3955 sa·
1128 3903 1222 3958 rator.
1831 3937 1836 3943 —

223 3966 365 4037 camelli,
381 3982 452 4027 cum
467 3968 541 4029 satis
556 3969 642 4031 mulli
657 3970 725 4033 sine
748 3974 817 4051 ipso
846 3976 1016 4037 secundum
1041 3975 1085 4037 le·
1176 3977 1276 4041 Dicet:
1293 3978 1447 4043 Christum
1462 3977 1573 4041 offerre
1587 3975 1727 4055 seipsum
1743 3974 1773 4036 in
1791 3975 1883 4037 coelo
1898 4024 1907 4051 ,
1924 3974 1997 4037 dam

222 4062 291 4125 gem
321 4048 475 4141 eiusmodi
504 4066 629 4113 munera
655 4060 773 4117 terrena
796 4058 919 4119 assidue
945 4056 1083 4119 atterant.
1127 4061 1304 4139 passionem
1319 4078 1406 4127 suam
1420 4062 1545 4123 assidue
1559 4061 1638 4124 Patri
1653 4065 1877 4138 repraesentor,
1894 4064 1926 4120 cl
1942 4074 1996 4127 ner

221 4128 342 4192 Deinde
357 4136 456 4208 pergat
468 4131 578 4194 Paulus
603 4150 640 4196 ac
661 4132 817 4213 ostendit,
844 4138 997 4201 Christum
1014 4156 1085 4203 esse
1128 4159 1194 4205 eam
1210 4159 1267 4206 nos
1282 4143 1470 4207 reconciliat.
1487 4143 1552 4206 Hoc
1567 4143 1649 4206 enim
1666 4142 1785 4202 ridetur
1796 4142 1915 4205 sentire
1931 4140 1995 4202 Cal·

221 4211 399 4289 pontificem
416 4213 554 4277 melioris
568 4215 779 4294 Testamenti,
803 4239 893 4300 quam
923 4222 1086 4302 antiquum
1128 4226 1286 4287 rinuslib.
1309 4226 1340 4288 l.
1364 4226 1464 4291 lnstit.
1481 4243 1551 4303 cap.
1577 4224 1626 4289 l8.
1649 4223 1668 4306 h
1688 4225 1721 4285 2.
1737 4223 1789 4285 uhi
1805 4224 1905 4296 dicit,
1932 4240 1995 4285 non

220 4294 323 4367 luerit,
340 4311 377 4356 ex
391 4311 452 4373 quo
469 4296 608 4375 sequitur
628 4298 731 4363 ollerri
753 4320 836 4366 nunc
859 4306 1005 4368 meliores
1031 4308 1086 4369 ho·
1130 4322 1202 4370 esse
1213 4310 1345 4388 amplius
1371 4311 1402 4372 in
1416 4309 1506 4371 terris
1520 4309 1617 4371 utlum
1631 4306 1850 4377 sacerdotium,
1866 4323 1939 4367 cum
1955 4306 1995 4367 sit

221 4378 307 4444 slias,
321 4384 412 4455 quem
428 4381 570 4455 antiquae
585 4380 657 4443 illae
668 4382 794 4447 luerint.
887 4442 889 4449 ,
1130 4394 1307 4456 translatum
1322 4393 1354 4455 in
1371 4394 1503 4465 coelum,
1531 4392 1652 4456 Christo
1662 4391 1705 4453 ibi
1720 4389 1752 4452 in
1774 4394 1937 4451 aeternum
1951 4406 1997 4450 sa·

264 4460 362 4537 tltque
384 4460 457 4521 hinc
472 4462 561 4522 etiam
578 4466 712 4542 perspici
729 4468 850 4545 poterit,
868 4468 1003 4549 quinque
1017 4469 1087 4535 illes
1131 4474 1256 4535 cerdate
1271 4476 1435 4538 existente.

225 4556 366 4612 caussas,
384 4545 778 4623 quasettulitllemnitius,
809 4568 872 4613 non
898 4551 1088 4615 sufficienter
1171 4556 1368 4636 Respondeo:
1395 4558 1571 4621 lotrolunt
1595 4555 1783 4619 oblationem
1809 4570 1890 4633 quae
1915 4553 1995 4615 sstin

223 4625 400 4695 ostendere,
416 4640 472 4687 cur
485 4624 624 4690 Christus
649 4631 768 4694 dicetur
782 4635 927 4697 sacerdos
943 4636 972 4696 in
988 4642 1086 4699 aeter·
1130 4640 1231 4709 coelo,
1253 4656 1324 4702 esse
1339 4656 1444 4703 rerum
1459 4657 1496 4701 ec
1511 4639 1634 4718 proprie
1649 4640 1765 4701 dictum
1788 4636 1995 4711 sacrificium3

225 4722 312 4769 num.
325 4706 421 4769 Prima
438 4708 501 4781 illa,
519 4708 588 4789 quia
605 4711 678 4773 viril
707 4714 737 4775 in
753 4722 925 4791 aeternum,
956 4734 1019 4780 non
1041 4726 1090 4780 est
1130 4722 1293 4783 eotsolum
1306 4724 1473 4802 improprie
1501 4730 1531 4785 et
1545 4722 1686 4801 figurale.
1709 4720 1741 4783 si
1756 4722 1901 4800 primum,
1930 4720 1999 4797 plu·

221 4788 390 4853 sufficiens.
407 4789 479 4851 Nam
494 4794 661 4869 requiritur
683 4798 806 4874 quidem
823 4802 881 4860 rila
898 4807 1021 4861 aelerna
1054 4802 1086 4863 in
1130 4804 1205 4866 rima
1221 4814 1391 4884 sequentur
1405 4811 1509 4868 contra
1522 4803 1761 4875 adversarios,et
1773 4803 1877 4883 alique
1892 4816 2001 4863 eorum

223 4888 274 4946 eo,
290 4873 340 4945 qui
357 4872 451 4935 debet
465 4876 668 4939 secerdotium
698 4885 855 4943 aeternum
886 4882 1013 4955 babere,
1030 4884 1086 4946 sed
1131 4887 1222 4947 ellam
1238 4893 1342 4949 contra
1358 4891 1527 4950 ceritatem.
1545 4888 1645 4950 Primo
1661 4932 1670 4961 ,
1686 4886 1870 4965 religionem
1897 4900 1936 4947 ec
1956 4884 2002 4946 le·

223 4970 286 5015 non
303 4952 426 5017 salinello
442 4956 556 5036 alioqui
573 4974 681 5023 ornnes
697 4961 809 5024 leuitici
825 4966 1002 5025 sacerdotes
1017 4972 1088 5045 post
1131 4984 1200 5045 gem
1213 4970 1410 5031 christianam
1427 4987 1488 5031 non
1511 4985 1583 5032 esse
1605 4970 1738 5048 amplius
1752 4971 1784 5030 in
1800 4966 1892 5031 terris
1908 5012 1917 5040 ,
1942 4967 2000 5027 sed

221 5038 479 5099 resurrectionem
492 5040 670 5104 dicerentur
681 5046 858 5109 sacerdotes
871 5045 901 5107 in
914 5054 1086 5119 aeternum,
1130 5053 1306 5113 translatam
1321 5068 1393 5115 esse
1408 5054 1439 5114 in
1458 5052 1591 5115 coetum:
1609 5068 1678 5113 nam
1695 5052 1841 5113 translato
1855 5050 2002 5111 secerdo-

223 5120 293 5197 quia
311 5120 482 5213 hahuerunt
493 5122 744 5197 sacerdotiumet
758 5129 860 5191 rirent
872 5128 902 5191 in
914 5136 1087 5194 aeternum.
1131 5134 1185 5203 tio,
1203 5142 1392 5197 necesseesl
1406 5142 1440 5197 ut
1455 5136 1548 5197 etiarn
1564 5136 1643 5211 legis
1657 5134 1813 5198 translatio
1823 5133 1890 5204 del,
1902 5130 2001 5193 Hehr.

224 5201 398 5275 ltequrrltur
412 5202 516 5279 igitur,
533 5211 565 5265 ut
581 5207 687 5269 virens
713 5209 857 5290 iungatur
872 5214 1043 5275 sacerdotio
1055 5212 1087 5275 in
1132 5216 1161 5277 l.
1177 5216 1332 5292 Secundo,
1346 5218 1377 5280 in
1393 5217 1483 5280 coele
1497 5234 1561 5279 nen
1583 5234 1655 5282 esse
1666 5221 1784 5279 nudam
1807 5217 1970 5279 ueritatem
1989 5260 1998 5287 ,

223 5289 393 5376 aeternum.
410 5282 673 5357 Quemadmodum
689 5308 750 5354 non
767 5299 867 5370 polest
877 5295 989 5373 aliquis
1003 5302 1087 5359 recle
1132 5300 1189 5361 sed
1202 5302 1325 5363 ambros
1339 5302 1429 5364 etiam
1459 5299 1617 5379 ctflguras
1642 5316 1678 5363 ue
1690 5299 1914 5363 caeremonias:
1932 5314 2004 5358 nam

222 5365 283 5459 dici
298 5364 395 5429 luisse
410 5382 463 5429 rex
478 5383 533 5445 per
546 5372 665 5447 triginta
682 5390 791 5449 anctos,
815 5377 842 5437 si
858 5394 916 5441 nec
941 5395 1086 5457 regnare·
1133 5384 1236 5443 omnia
1248 5383 1397 5446 saeridcie
1414 5386 1536 5463 proprie
1552 5382 1645 5455 dicta,
1658 5384 1773 5445 debent
1788 5397 1859 5444 esse
1875 5396 2000 5459 reprae-

223 5452 275 5517 rrl,
289 5462 346 5509 nee
362 5464 491 5527 regnare
508 5455 652 5531 potuerit.
682 5457 740 5518 nisi
758 5474 923 5536 perunum
949 5462 1088 5525 diemld
1132 5468 1281 5528 sentatim
1296 5467 1439 5531 saerillcii
1454 5466 1556 5529 erucis
1571 5471 1604 5527 et
1616 5464 1832 5527 caeremoniae
1846 5464 2000 5541 quaedam

222 5530 304 5605 quod
320 5532 454 5599 maxime
476 5532 579 5597 locum
605 5535 699 5600 habet
718 5540 748 5600 in
765 5544 917 5605 sententia
945 5546 1087 5608 adverse·
1130 5548 1422 5625 religionis'lertio,
1436 5550 1589 5628 oportebit
1605 5548 1799 5611 adversarios
1810 5546 1999 5614 concedere,

221 5610 348 5705 riorum,
364 5613 602 5690 qrriealstimant
623 5622 842 5692 sacerdotium.
865 5642 922 5688 seu
950 5627 1088 5691 ministe·
1134 5633 1232 5708 repeti
1246 5632 1372 5710 saepius
1385 5632 1572 5696 oblationem
1586 5629 1712 5706 Christi,
1739 5630 1823 5709 quod
1854 5629 1900 5693 illi
1917 5628 2004 5690 nullo

220 5710 300 5760 rrum
323 5696 581 5777 ecclesiasticum,
597 5716 668 5767 esse
686 5722 803 5773 merum
819 5706 965 5776 cibotum.
996 5710 1086 5775 beal-
1134 5714 1226 5776 modo
1241 5716 1414 5779 concedere
1429 5716 1545 5779 rolant.
1563 5712 1594 5778 Si
1610 5713 1795 5790 secundom,
1812 5720 1876 5777 tum
1891 5727 2003 5775 neces·
