4084 6275
16 556 19 598 i

838 433 936 492 tttten
953 435 1077 496 rnttttts
1715 435 1766 494 tte

82 563 182 635 stipis,
205 577 241 625 ea
267 559 307 624 de
319 577 427 625 aoussa
443 561 596 626 inhabitas
610 563 683 628 terit
695 564 839 630 homines
853 567 932 631 obri·
977 529 1663 652 rinaemorerqut'pernutushominestoqui
1676 565 1830 646 dieantur,

15 626 20 682 ¹
79 645 196 707 stianos
207 645 246 707 ad
257 657 293 706 ea
305 645 492 712 Matrimonia
503 647 723 723 eouuabendm
736 652 807 727 quta
815 649 934 730 judiea-
975 659 1008 716 et
1019 656 1149 733 proinde
1162 663 1254 718 uatus
1265 655 1427 718 rerborum
1439 655 1536 736 ricem
1548 654 1685 726 teneant:
1698 651 1771 716 Nam
1782 650 1834 714 Jo-

15 717 19 763 i
79 727 131 787 bat
156 742 218 788 non
242 742 338 807 posse
362 730 423 792 utta
444 733 561 796 ratione
582 729 710 794 dissoiri
732 732 934 810 Matrimonia,
976 737 1209 801 an.t3.·1nnnit
1221 737 1334 800 Simon
1345 736 1458 798 Petrus
1467 733 1591 796 ioanni
1602 741 1630 795 et
1642 735 1835 814 diuit‚quem

15 885 19 932 i

16 972 19 1012 Ι

14 1704 19 1760 i

16 804 20 848 ¹
78 813 218 885 quamrts
241 812 446 886 otendestina‚
472 815 499 876 si
515 806 652 895 legitime
666 815 932 892 eontrabereutur3
977 818 1082 881 iocum
1106 836 1266 894 enarrans,
1293 818 1495 898 Augustinus.
1517 815 1638 887 scribit,
1654 815 1774 880 Petrum
1790 818 1837 878 in·

77 897 108 951 et
133 897 234 956 tamen
257 894 381 957 ridebat
405 899 553 976 expedire
576 896 716 968 omniuo,
731 903 766 959 ut
779 897 935 979 eiusmodi
977 902 1103 964 uuanda
1126 903 1253 977 dixisse,
1270 903 1302 965 et
1322 903 1408 980 ipsos
1424 905 1516 962 nutus
1530 915 1547 960 e
1563 897 1663 962 dirtu'e
1679 898 1836 979 Scriptura

15 1036 19 1096 Ι
76 973 278 1053 Matrimonia,
291 978 340 1040 ret
350 993 412 1042 non
422 978 542 1079 iterent,
555 980 603 1041 rel
616 977 694 1042 iaeta
705 979 932 1045 dirimerentur.
976 983 1069 1046 rerba
1084 986 1245 1064 appetieri.

1018 1063 1835 1145 toeaquaetenusobjtandesaeramentorenitea-

977 1147 1039 1210 tiae
1050 1156 1081 1211 et
1095 1147 1512 1226 ordinationisdiespondeo:
1528 1145 1671 1223 Magnum
1683 1161 1755 1210 esse
1770 1149 1833 1212 dis·

398 1250 518 1319 gqup
531 1253 612 1320 qm·
919 1271 923 1285 .
975 1231 1098 1324 arinen
1125 1232 1254 1296 interea
1270 1235 1459 1324 sacramente
1487 1234 1516 1290 et
1532 1227 1768 1292 Matrimonium.
1785 1231 1836 1292 Sa·

895 1382 897 1385 ,
979 1316 1266 1410 eramentumenim
1282 1313 1489 1406 Paenitenttae
1506 1309 1598 1405 bibet
1611 1310 1738 1403 iormam
1751 1313 1833 1393 Judi·

264 1451 443 1520 ..1
455 1465 652 1538 ..unu
667 1460 749 1525 a.
978 1393 1836 1560 rturtrrtnudtttrut¹nitet?runt

337 1632 344 1647 .
979 1569 1082 1624 mutus
1107 1525 1369 1624 constitueretur.
1392 1560 1551 1620 Praetereo
1574 1557 1667 1618 debet
1689 1563 1835 1622 sacerdos

114 1627 190 1724 tem.
206 1628 244 1690 ad
271 1628 344 1698 (ient
371 1644 548 1714 argumente
562 1642 821 1723 respondeamus.
834 1641 933 1704 Prima
978 1645 1176 1707 annitentem
1189 1647 1308 1718 audire,
1323 1643 1507 1712 examinare,
1521 1641 1609 1719 signe
1621 1639 1834 1704 Paenitentiae

73 1712 224 1790 obreeuo:
247 1711 318 1777 Mon
329 1721 431 1794 potent
442 1736 485 1784 em
499 1720 683 1803 seriptum,
695 1725 747 1788 uei
760 1725 937 1788 traditione
979 1727 1010 1788 in
1027 1728 1095 1806 ipso
1118 1743 1259 1794 eernere.
1276 1726 1463 1806 propositum
1477 1739 1539 1788 nou
1554 1723 1716 1801 pendendi,
1733 1735 1763 1786 et
1777 1741 1834 1804 pro

15 1799 19 1844 t
73 1793 465 1890 probariMatrimenium
472 1807 643 1884 prophane
654 1813 853 1872 contractum
863 1808 935 1871 sine
980 1810 1152 1885 praeteritis
1177 1808 1385 1874 satisfaciendi
1408 1808 1437 1868 in
1454 1812 1522 1886 ipso
1538 1819 1738 1882 cognoscere,
1756 1823 1835 1885 qnae

14 1881 19 1928 t
74 1883 225 1940 mantano
250 1880 475 1959 eeclesiastico,
502 1903 568 1952 esse
591 1899 844 1955 armamentum:
859 1907 934 1971 ergo
978 1893 1081 1954 omnir
1107 1894 1269 1971 requirunt
1283 1890 1488 1970 praesentiam
1504 1889 1677 1966 utriusque,
1694 1893 1725 1949 et
1739 1897 1771 1950 ut
1787 1905 1835 1952 sa·

15 1967 18 2010 ι

15 2038 18 2094 t

14 2134 16 2177 t

13 2214 16 2260 t

13 2302 16 2343 t

74 1960 106 2021 si
120 1959 365 2055 Matrimonium
377 1981 487 2032 reuera
499 1980 743 2038 odoramentum
769 1982 825 2041 eet.
841 1987 934 2053 opor=
977 1976 1090 2036 aordos
1101 1976 1207 2038 audire
1232 1973 1357 2053 etloqui
1374 1971 1482 2052 possit.
1500 1971 1564 2032 Peri
1580 1972 1697 2033 ratione
1713 1973 1836 2044 episeo-

73 2042 358 2138 -tetattudproeter
367 2050 494 2114 oioiiem
508 2061 723 2130 contractum,
739 2057 856 2120 babere
869 2057 934 2134 ror·
978 2073 1038 2136 pus
1062 2056 1196 2121 Ordines
1217 2058 1394 2130 collaturus,
1410 2054 1504 2116 debet
1525 2061 1704 2132 praesentes
1719 2053 1836 2116 babere

74 2139 165 2219 metm
189 2124 338 2206 alequam
363 2145 505 2213 ramam,
535 2143 564 2200 et
577 2141 766 2204 ministrum
785 2140 933 2204 reatuin·
973 2139 1177 2218 ordinandos,
1189 2145 1222 2204 ut
1238 2141 1284 2202 eis
1298 2153 1407 2201 manus
1423 2139 1569 2215 imponat,
1586 2143 1616 2198 ot
1632 2135 1834 2198 instrumenta

76 2210 208 2269 atreum.
977 2238 1066 2284 saera
1079 2224 1229 2301 tangenda
1243 2221 1361 2285 oderat:
1378 2219 1471 2282 debet
1486 2219 1576 2282 etiam
1593 2219 1695 2282 verbis
1708 2220 1836 2282 turmam

111 2287 316 2368 R0⁸P⁰⁰deot
328 2292 481 2375 Soriptura
494 2308 525 2363 et
536 2303 657 2368 traditio
669 2304 934 2383 neqneMatrimo·
978 2307 1196 2382 pronunciare,
1219 2311 1251 2368 ut
1273 2311 1355 2368 nerto
1370 2307 1525 2382 potestas,
1543 2317 1622 2380 quae
1638 2317 1694 2380 per
1709 2299 1837 2364 Ordine·

14 2386 15 2407 ³
73 2370 159 2431 nium
186 2377 350 2452 propbeue
374 2387 573 2460 contractum,
590 2403 694 2466 neque
709 2384 934 2450 Matrimonium
977 2386 1093 2450 tionem
1119 2389 1285 2458 aoniertur,
1310 2387 1508 2466 exprimatur.
1536 2384 1674 2462 benique
1699 2383 1740 2462 (si
1756 2385 1835 2446 nibit

72 2467 141 2546 aum
156 2453 259 2517 torma
274 2473 360 2520 saera
375 2475 392 2520 a
407 2463 548 2529 ministro
562 2471 776 2533 erotesiastieo
798 2485 933 2548 pronun·
978 2470 1165 2532 haberemus
1176 2467 1436 2546 atiudtiieeiesiae
1448 2459 1524 2529 usus
1536 2464 1610 2528 sutis
1622 2465 1837 2548 ostendiqmu·

71 2543 160 2607 erate,
189 2537 304 2600 donent
326 2555 399 2604 esso
423 2557 661 2624 suffimentum,
689 2551 745 2616 sed
762 2555 933 2632 generatim
978 2568 1040 2630 qua
1054 2553 1290 2625 absolutionem,
1308 2567 1409 2631 neque
1423 2549 1655 2613 ordinationem
1671 2549 1717 2611 rei
1741 2564 1757 2608 a
1780 2563 1833 2612 ne·

71 2619 174 2680 sotum
200 2621 379 2699 loquuntur,
396 2641 432 2688 ae
447 2629 671 2697 Matrimonium
691 2634 933 2696 Christianorum
976 2639 1020 2707 to,
1036 2639 1082 2696 ret
1099 2637 1136 2697 ab
1161 2636 1289 2698 absente
1314 2635 1447 2698 eonierri
1473 2647 1579 2711 posse.
1596 2631 1633 2694 nt
1647 2646 1718 2693 rero
1734 2629 1832 2694 Matri·

71 2711 296 2800 sacramentum
306 2721 378 2801 esse
387 2713 545 2776 testantur:
553 2731 706 2796 nusquam
719 2717 801 2778 enim
811 2716 842 2777 in
851 2716 932 2778 Sari·
977 2719 1115 2780 monium
1130 2720 1255 2782 turmam
1278 2719 1370 2782 babet
1384 2719 1573 2780 oontroetns:
1589 2718 1765 2778 contractus
1780 2731 1833 2776 au·

71 2789 226 2860 pturaaut
239 2792 372 2850 etremru
385 2791 605 2868 eonniitoulto,
626 2803 679 2860 aut
692 2813 781 2860 seero
804 2799 931 2862 doetora
977 2806 1039 2861 tem
1055 2815 1091 2863 er
1107 2807 1214 2864 natura
1231 2817 1286 2864 sue
1315 2806 1346 2864 et
1361 2817 1399 2864 ex
1413 2797 1638 2861 eonsuetudiue
1667 2797 1697 2858 id
1728 2796 1833 2870 babet,

14 2890 15 2927 r
71 2867 465 2945 inventetcenus‚iormam
480 2881 663 2942 sacramenti
689 2880 870 2942 Matrimonii
883 2897 932 2943 es·
976 2889 1011 2944 ut
1044 2884 1135 2946 etiam
1172 2883 1253 2946 inter
1281 2887 1384 2946 mutos
1427 2881 1475 2944 rel
1504 2880 1651 2943 absentes
1679 2879 1830 2943 aeiebrari

14 2968 16 3015 i

13 3048 15 3098 Ι

12 3141 15 3180 i

13 3223 15 3252 t

71 2949 331 3046 reverberamur,
362 2970 441 3032 quaa
456 2974 472 3019 n
487 2961 649 3026 sacerdote
677 2963 930 3043 pronunciantur.
979 2965 1091 3044 possit.

72 3031 173 3106 Quare
185 3049 210 3094 sr
222 3044 434 3132 argumentum
459 3041 575 3122 atiquid
604 3046 757 3124 probaret,
788 3044 932 3124 probaret
1007 3047 1666 3126 tdtttuddeeoputajamenterespousuro
1679 3049 1834 3122 reiquae·

75 3115 931 3201 nntiumesseMatrrmouitsacramentumaotaertenon
974 3129 1076 3193 stione
1089 3132 1263 3210 superiore3
1279 3148 1348 3197 nem
1375 3130 1451 3195 iilud
1468 3129 1560 3193 etiam
1585 3125 1728 3199 Getrinas
1743 3127 1833 3208 obie-

72 3212 171 3291 posse
193 3198 254 3262 boo
277 3212 500 3270 sacramentum
522 3224 559 3271 er
581 3210 681 3273 dirina
697 3208 865 3289 seriptum,
881 3212 932 3274 ret
975 3220 1073 3275 aeret.
1192 3242 1195 3251 ν
1670 3264 1672 3269 ,

72 3280 235 3374 traditruoe
260 3282 396 3349 deiendi.
423 3288 484 3351 Sed
506 3292 583 3354 nihii
597 3294 706 3356 borum
722 3294 841 3373 probat:
857 3294 930 3357 iiam
1016 3296 1115 3359 Tertia
1127 3293 1273 3365 obtentio:
1288 3296 1502 3359 Sacramenta
1515 3297 1593 3358 sunt
1606 3293 1836 3357 coeremoniae

71 3363 204 3423 ronartra
217 3372 248 3426 et
258 3365 361 3430 Patres
372 3369 559 3450 scripturam
574 3375 721 3449 divinam,
737 3390 817 3453 queo
832 3375 873 3437 de
883 3392 931 3438 sa·
974 3392 1090 3440 eumne
1104 3385 1135 3441 et
1148 3386 1235 3445 nome
1255 3376 1435 3458 religionis.
1451 3379 1485 3439 tt
1499 3376 1744 3441 Matrimonium
1755 3390 1832 3453 pro·

71 3453 228 3541 eramento
251 3448 434 3515 Matrimonii
457 3456 604 3535 loquitur,
631 3458 929 3539 semperintetiere·
973 3460 1084 3539 phone
1111 3466 1311 3524 eontruatum
1334 3461 1411 3522 sotis
1425 3458 1528 3523 uerbis
1542 3458 1730 3539 eorrjngum
1746 3458 1835 3522 ninii

69 3532 141 3587 ruat
155 3527 195 3623 de
211 3542 282 3609 rpso
295 3540 452 3598 eontraetu
467 3538 548 3601 atriti
562 3540 757 3618 Matrimonii,
779 3546 931 3621 quatenus
973 3542 1070 3607 babet
1080 3544 1180 3617 seori,⁸
1190 3556 1259 3606 non
1272 3534 1374 3622 igitur
1388 3544 1453 3605 tata
1464 3542 1708 3606 Matrimonium
1719 3554 1834 3604 aoma-

73 3626 88 3667 a
105 3608 229 3704 ibrrsto
239 3628 297 3691 per
305 3615 493 3681 additionem
506 3625 621 3701 gratiae
635 3624 673 3687 od
689 3624 872 3687 sacrementi
884 3624 932 3687 di·
972 3630 1119 3691 mentum
1133 3624 1322 3706 dieipoteet.
1521 3660 1523 3667 ·

68 3699 217 3770 guttatam
230 3704 356 3760 oreatus
372 3705 403 3762 et
417 3705 581 3767 transtatus
592 3706 660 3769 init.
1014 3708 1211 3787 Respondeo:
1235 3706 1458 3770 Matrimonium
1480 3721 1517 3769 ex
1531 3721 1565 3768 se
1580 3704 1706 3783 quidem
1722 3720 1773 3768 res
1786 3712 1836 3769 est

109 3773 252 3838 Seouude
267 3779 413 3858 objectio:
428 3783 615 3851 ineoneiiio
625 3789 798 3870 parentino
812 3788 930 3866 defini·
973 3791 1121 3853 naturalis
1137 3797 1166 3851 et
1181 3787 1291 3853 eiritis:
1307 3797 1406 3851 tamen
1424 3804 1461 3852 ex
1475 3787 1618 3867 adjuncta
1634 3787 1834 3867 significatio·

68 3862 137 3918 tum
146 3864 205 3931 est,
220 3863 659 3935 omniasaeromentarebus
687 3877 718 3934 et
736 3871 841 3935 uerbis
855 3887 930 3935 eon·
974 3888 1014 3934 ne
1027 3880 1058 3935 et
1072 3872 1235 3937 efficientia
1250 3873 1376 3952 gratiae,
1394 3873 1484 3950 piane
1500 3887 1623 3933 snorum
1649 3876 1708 3935 est.
1735 3869 1835 3945 Quare

66 3944 167 4036 utare.
194 3942 235 4005 1n
248 3943 452 4011 Matrimonia
475 3954 645 4032 prophane
669 3960 833 4018 oontrueto
860 3956 931 4019 eine
974 3958 1066 4019 rerba
1082 3956 1145 4018 itta:
1162 3956 1458 4035 quteueaipioin
1467 3954 1656 4032 meamttpo
1669 3954 1834 4032 toueeipio

64 4028 216 4086 immisi>
230 4026 453 4104 θθθῑθθίᾶθῑίΰθ,
479 4050 576 4115 saepe
595 4038 692 4101 nona
716 4043 794 4101 sunt
818 4038 929 4112 uerbo,
971 4039 1010 4101 in
1024 4054 1135 4101 mooun
1150 4054 1209 4101 uon
1223 4040 1352 4101 eandem
1369 4038 1429 4099 rim
1444 4036 1560 4098 babent
1586 4037 1667 4115 opud
1695 4034 1838 4101 ethninos

65 4106 123 4195 sed
135 4106 200 4203 soti
211 4116 323 4184 nutus,
340 4116 534 4185 uuttiterae.
551 4127 609 4181 ant
628 4121 703 4199 ipsa
723 4119 842 4199 reputa
854 4136 929 4184 aon·
972 4128 1003 4182 ot
1016 4122 1098 4200 apud
1114 4120 1234 4185 ddetes:
1249 4121 1330 4201 apud
1346 4121 1417 4182 ittos
1431 4120 1513 4182 enirn
1529 4119 1629 4182 sotum
1645 4124 1833 4181 eontraetum

61 4189 280 4266 rurum-non
292 4195 394 4272 igitur
407 4200 470 4260 tate
483 4200 726 4278 Matrimonium
745 4218 931 4266 nomomen-
971 4204 1093 4265 etritem
1109 4202 1256 4277 oMeiunt,
1273 4211 1304 4266 et
1319 4203 1390 4266 ideo
1406 4202 1497 4265 rerba
1523 4217 1608 4265 seara
1631 4202 1755 4281 proprie
1772 4202 1835 4265 diei

66 4275 135 4367 tum
144 4286 213 4334 eree
225 4280 339 4351 potest.
358 4277 486 4354 Quodsi
499 4284 928 4365 quiereepondeatnutus,
973 4285 1446 4366 nequeunt3apudt1trristiauos
1468 4284 1656 4364 eotem‚quie
1686 4283 1834 4363 unionem

67 4360 96 4412 et
109 4352 277 4451 interanei
290 4363 451 4439 copulam.
473 4366 577 4429 oieem
597 4368 769 4431 uerborum
791 4384 902 4447 perere
918 4386 927 4431 :
970 4370 1146 4447 signitioent
1161 4386 1222 4431 non
1238 4370 1339 4432 sotum
1355 4384 1528 4449 corporum,
1539 4368 1596 4431 sed
1610 4367 1702 4429 etiam
1716 4366 1833 4429 animo·

65 4443 180 4529 eontra
194 4438 292 4519 ebrini
302 4449 414 4520 pateat,
423 4448 538 4510 eadem
550 4452 678 4515 ratione
689 4450 825 4526 probari
838 4466 929 4529 posse
970 4468 1050 4522 rum,
1080 4454 1128 4515 ret
1143 4451 1377 4515 similitudinem
1403 4452 1528 4514 unionis
1543 4449 1654 4513 Christi
1680 4454 1711 4510 et
1725 4447 1833 4511 Mente·

65 4517 162 4582 teaere
175 4524 338 4586 sacerdoti
350 4532 439 4589 muto
452 4531 586 4594 nutibus
600 4530 775 4608 absoluere,
791 4540 849 4595 out
862 4536 928 4613 epi·
970 4535 1048 4607 siae,
1061 4542 1092 4596 et
1102 4534 1294 4597 sanetibeont
1305 4536 1554 4610 tournines,saera
1565 4532 1656 4595 rerba
1670 4532 1777 4593 merito
1789 4532 1834 4593 di·

62 4614 160 4681 aeopo
174 4607 409 4671 mutuantibus
424 4608 557 4675 Ordines
582 4626 692 4678 saeros
716 4618 873 4693 conferre.
889 4617 929 4681 Mt
970 4624 1082 4679 euutur
1093 4624 1216 4687 etsant.
1229 4618 1334 4697 Neque
1347 4618 1457 4689 obstat,
1467 4617 1550 4695 quud
1562 4614 1716 4677 interdum
1729 4630 1746 4676 a
1759 4630 1833 4677 eon·

61 4691 234 4777 praeterea
247 4688 517 4757 absurdissimum
530 4710 596 4759 esse
608 4699 746 4774 uidetur,
758 4705 796 4761 nt
810 4701 929 4777 eopma
966 4700 1094 4779 jugibus
1116 4702 1191 4763 nibit
1215 4717 1337 4762 sacrum
1356 4698 1561 4777 rogitantibus
1582 4698 1737 4759 dieantur.
1760 4697 1833 4759 Moru

61 4780 164 4868 utrem
178 4773 328 4849 suppiam
340 4774 465 4849 immae
477 4782 734 4857 armamentaria,
750 4796 824 4845 oum
836 4783 874 4845 in
888 4798 929 4845 ea
969 4783 1058 4845 etiem
1074 4784 1166 4846 rerba
1192 4783 1350 4861 baptismi,
1362 4782 1526 4858 aliqnando
1541 4780 1579 4841 ab
1595 4779 1777 4847 tondetrbus
1791 4783 1831 4841 si-

62 4849 204 4947 npernus
217 4861 348 4918 sanetus
360 4874 430 4921 non
441 4862 538 4937 adsit,
553 4868 590 4925 ut
603 4862 740 4927 babetur
755 4862 834 4928 Can.
849 4864 927 4929 Con·
970 4882 1009 4927 ne
1023 4868 1082 4929 utta
1095 4866 1244 4944 reiigione
1257 4866 1487 4943 praenotantur,
1498 4868 1528 4925 et
1541 4870 1641 4925 tamen
1654 4864 1726 4940 quie
1738 4877 1775 4925 ex
1786 4862 1832 4923 in·

60 4932 166 5005 flubii,
184 4935 235 4997 32.
251 4944 376 5017 quaest.
392 4942 424 5003 2.
968 4949 1129 5012 stitutione
1145 4966 1198 5009 sue
1223 4948 1314 5009 rerba
1330 4955 1401 5009 sunt
1416 4952 1562 5017 saera,.et
1577 4962 1646 5007 eum
1658 4944 1832 5009 intentione

101 5015 298 5096 Respondeo:
315 5022 348 5083 io
372 5025 505 5088 aoncitio
531 5028 696 5091 florentino
724 5042 781 5106 per
807 5030 924 5109 rerba,
967 5030 1193 5110 taetendtqmd
1208 5029 1344 5092 Meoiesia
1377 5028 1830 5106 taeitpronuoetautur,saera·

13 5157 14 5182 2
61 5112 142 5171 quae
166 5102 203 5159 ed
229 5104 331 5166 omnio
357 5116 548 5171 sacramenta
564 5113 774 5191 requiruntur,
792 5113 924 5193 intelligi
968 5120 1105 5175 mentum
1121 5113 1269 5175 effleinnt.

13 5241 14 5248 g
62 5194 125 5239 non
137 5183 238 5277 sotum
251 5187 341 5248 rerba
355 5191 478 5267 proprie
489 5192 582 5268 dieta,
596 5195 651 5256 sed
666 5196 756 5257 etiem
770 5211 806 5256 ea
823 5196 924 5275 signa,
1013 5197 1122 5267 Quarta
1135 5195 1325 5272 objectiuzin
1336 5193 1485 5257 erunibus
1495 5194 1707 5257 neeromantia
1722 5208 1766 5256 em
1779 5194 1832 5256 de·

13 5311 14 5348 r
65 5277 145 5355 quae
157 5280 255 5327 neem
267 5269 430 5333 uerborum
443 5283 565 5351 gerunt.
579 5277 648 5339 item
666 5279 737 5339 ideo
753 5276 834 5339 idem
851 5294 925 5340 eon·
969 5278 1148 5341 eiuratione
1173 5278 1341 5358 florentini
1366 5278 1510 5347 concilii.
1532 5278 1713 5357 requiritur
1728 5284 1832 5339 certus

13 5397 14 5400 ,
64 5344 599 5431 erbum,cumsingntasoerementa
615 5359 770 5439 sigittatim
788 5369 926 5438 expone:
966 5362 1116 5423 minister
1129 5363 1187 5440 qui
1200 5366 1442 5424 armamentum
1456 5360 1611 5436 conferat:
1627 5361 1710 5423 itin
1724 5358 1830 5422 Mutri-

13 5509 14 5512 ,
64 5432 121 5498 ret,
135 5446 197 5492 non
214 5432 302 5510 dixit,
319 5435 350 5495 in
366 5436 557 5501 Matrimonia
573 5444 752 5505 neeessario
766 5443 858 5504 rerba
873 5460 922 5506 re·
964 5446 1075 5505 monio
1096 5442 1267 5521 prophane
1291 5446 1454 5505 eontracta
1474 5443 1587 5505 nuttios
1611 5443 1832 5518 estrainistem

64 5510 217 5606 ‘toiri3sed
230 5515 271 5576 ait
285 5518 468 5595 regulariter
481 5522 570 5583 rerba
586 5532 751 5603 conjugum
767 5524 919 5590 adbiberi.
964 5542 1034 5589 non
1046 5526 1147 5605 ipitnr
1161 5525 1224 5588 tale
1239 5524 1486 5589 Matrimonium
1500 5529 1547 5587 eat
1560 5530 1811 5589 armamentum.

64 5588 186 5657 tiddrdrt
196 5610 268 5660 rero
279 5598 355 5661 iilud
367 5600 595 5685 (deputariter)
607 5608 676 5685 qnia
689 5622 920 5686 nonnumquam
1005 5608 1202 5687 Respondent
1230 5605 1402 5670 conuitium
1429 5606 1639 5681 florentinum,
1656 5608 1830 5671 ministrum

64 5680 367 5775 retorquebantur,
381 5684 435 5761 qui
450 5686 551 5748 laeum
563 5689 725 5752 verborum
741 5696 877 5755 teneant.
964 5690 1089 5770 quidem
1115 5690 1254 5770 requirit,
1279 5690 1336 5753 sed
1356 5706 1418 5753 uon
1433 5696 1525 5769 negat
1539 5702 1634 5769 posse
1648 5690 1680 5751 in
1696 5690 1828 5753 eundem

107 5758 213 5840 Neque
224 5766 402 5852 rnusitatum
414 5772 473 5846 ost,
486 5774 536 5832 aut
550 5780 673 5851 praeter
686 5772 861 5853 Soripturae
874 5775 918 5839 di·
964 5774 1121 5839 bominem
1136 5788 1321 5839 oonourrere
1336 5772 1479 5851 ministri,
1495 5782 1526 5837 et
1539 5772 1740 5855 suscipientis
1755 5790 1823 5853 per·
