4084 6275
288 328 344 385 boo
1021 322 1066 381 DE
1085 320 1186 381 ltlsst

218 464 330 542 aliptae
343 458 487 531 cerbero,
503 463 534 519 οι
546 470 664 537 parant
680 454 865 533 spirituali?
884 454 966 535 quid
987 462 1076 523 enon
1121 459 1191 517 tou.
1207 453 1242 515 lt
1256 452 1306 514 illa
1322 450 1472 513 sacriticia
1502 469 1537 514 οι
1555 468 1638 515 mero
1654 470 1735 533 pana
1761 460 1792 515 et
1820 455 1891 517 rino
1913 470 1991 517 enn-

217 546 329 607 attinet
341 542 445 607 certis
458 544 508 603 ito
519 538 732 619 supermitte:
755 535 840 599 duee
865 540 967 609 doctu,
994 541 1075 605 boec
1121 542 1213 612 stuat3
1230 552 1304 613 ergo
1319 550 1430 614 panetn
1443 542 1473 596 et
1489 538 1591 597 rinunr
1609 536 1671 599 lieo
1687 537 1845 600 offerimus
1858 554 1917 617 pro
1931 540 1988 599 ilc·

216 642 366 699 munero,
382 626 462 689 boec
475 630 591 687 nuncto
602 623 786 698 reemptio?
800 618 917 683 Similis
938 624 1073 697 objectio
1119 620 1225 681 alesia.
1243 618 1347 696 Neque
1364 623 1467 692 potest
1482 619 1676 696 responderi,
1695 622 1784 692 illud,
1802 618 1985 699 offerimur.

216 717 264 771 est
279 714 308 771 in
331 704 411 771 ilbr'o
435 712 540 769 contm
565 704 826 768 abominationem
852 702 998 779 denonis,
1021 709 1075 770 ubi
1119 702 1215 781 accipi
1232 717 1288 781 pro
1303 701 1416 771 lutura,
1432 708 1463 761 et
1477 701 1674 763 relerendum
1691 706 1729 765 ad
1754 707 1885 763 bostium
1908 722 1984 765 con-

216 784 418 871 reprebendit
441 789 530 851 illud:
558 786 711 851 omnum
737 784 947 861 manaucate,
974 794 1074 871 atque
1118 791 1279 856 secretum,
1295 785 1382 862 quasi
1398 798 1512 845 sensus
1526 785 1579 857 sit,
1596 782 1773 855 oderimus,
1793 785 1884 857 idest,
1910 804 1984 849 mox

216 874 393 948 οιιιιοιιοαο
407 877 438 937 οι
458 872 654 951 apostalicae
673 869 752 948 eldat
775 868 964 946 maerebam
988 874 1072 935 idem
1117 866 1294 929 olierernus:
1313 882 1381 927 narn
1403 874 1555 943 repugnat
1582 867 1655 929 lruic
1681 868 1826 929 solutioni
1850 869 1983 931 demon·

215 959 297 1021 euim
313 973 388 1019 esse
402 956 522 1020 ridetur
536 970 591 1032 pro
606 953 785 1016 orthodoxis
811 959 842 1013 et
867 969 922 1031 pro
943 957 1072 1018 catboli·
1117 950 1238 1011 stratiro
1255 950 1414 1027 ouriituluss
1431 948 1517 1011 Παθῦ
1533 950 1635 1021 duilli,
1652 950 1732 1014 huuc
1756 966 1899 1015 munero
1921 960 1982 1014 cic·

215 1040 355 1102 melidai
371 1039 552 1101 cultoribus.
1117 1032 1248 1093 dicimus
1263 1032 1346 1094 enim
1363 1048 1419 1092 nos
1435 1030 1546 1093 offerre
1562 1031 1614 1093 illa
1630 1034 1722 1108 duna,
1748 1049 1827 1112 quae
1848 1037 1887 1097 ad
1910 1052 1983 1097 seu·

258 1122 453 1201 Respondeat
470 1119 551 1181 Satis
564 1122 700 1197 apparet,
717 1115 884 1181 Lntberum
902 1119 1002 1182 solnm
1025 1138 1073 1184 aa·
1117 1130 1185 1177 sum
1200 1121 1273 1177 tunc
1287 1115 1505 1177 ostenduntur.

213 1204 383 1265 lamniandi
409 1202 540 1265 libidine
561 1201 639 1263 baec
663 1199 832 1278 objecisse3
859 1217 928 1263 nant
953 1203 1070 1283 alioqui
1158 1197 1354 1277 despondeo:
1372 1196 1444 1257 liira
1460 1203 1507 1258 est
1523 1196 1747 1261 baereticorum
1765 1199 1884 1261 lenitas.
1908 1199 1982 1261 Nam

214 1302 275 1349 non
292 1292 411 1365 poterat
424 1286 580 1365 ignorare,
607 1283 644 1344 ad
670 1280 813 1344 ellectum
838 1285 1068 1363 explicandum,
1115 1278 1197 1341 idem
1213 1280 1365 1341 Lutirerus
1380 1280 1433 1355 nui
1450 1278 1481 1339 in
1497 1278 1556 1341 boc
1582 1280 1660 1341 libro
1686 1284 1726 1342 de
1749 1282 1981 1345 abominatione

213 1369 341 1433 multum
356 1368 456 1431 iacere
471 1367 684 1445 repetitionem
697 1364 840 1445 ejusdem
856 1366 912 1437 rei,
927 1385 1066 1446 praeser-
1116 1362 1417 1439 Cononis‚tumtluum
1432 1376 1497 1424 rem
1513 1362 1600 1423 tuido
1616 1362 1780 1425 absurdam
1794 1380 1831 1427 ex
1852 1364 1980 1427 (lenone

213 1450 267 1513 tim
281 1452 407 1514 vocibus
421 1447 654 1513 dirersisderte
666 1448 806 1527 liturgiae
817 1449 920 1511 basilii
933 1457 964 1512 et
975 1450 1068 1531 Chry·
1115 1446 1242 1525 colligit,
1259 1448 1340 1524 quud
1359 1446 1515 1507 uideamur
1540 1443 1605 1507 lieo
1630 1460 1740 1523 partem
1768 1443 1891 1531 cliente,
1917 1465 1980 1511 nort

212 1536 341 1596 sostami
357 1534 467 1613 plenae
481 1538 553 1595 sunt
568 1531 720 1611 ejusmodi
737 1532 984 1609 repetitionibus,
995 1550 1068 1596 con·
1115 1526 1281 1589 Citrtstum:
1298 1529 1380 1589 idem
1398 1528 1427 1587 in
1444 1526 1524 1587 libio
1539 1527 1578 1589 tie
1593 1535 1705 1605 captiv.
1722 1528 1827 1608 Babyl.
1849 1548 1919 1609 cap.
1939 1534 1980 1593 de

213 1616 367 1679 lessiones
382 1620 453 1677 item
471 1613 646 1692 Augustini,
661 1627 740 1692 quae
760 1614 797 1675 ad
819 1612 961 1676 ellectum
987 1620 1068 1678 exci-
1113 1608 1318 1679 Eucharistia,
1336 1611 1421 1681 dicit,
1439 1610 1608 1671 catholicos
1630 1610 1805 1673 existimare
1830 1626 1866 1673 se
1891 1612 1980 1675 Clari·

212 1702 337 1761 mudum
353 1698 546 1778 potissimum
561 1697 744 1775 diriguntur,
772 1698 887 1774 passim
912 1696 1069 1761 inculcant
1113 1700 1193 1754 stum
1210 1694 1287 1755 l'atri
1303 1692 1426 1767 oilcrre3
1443 1699 1473 1753 et
1488 1692 1603 1753 ibidem
1620 1701 1725 1756 monet
1739 1695 1931 1769 sacerdotes,
1946 1706 1980 1759 ut

212 1782 320 1843 eadem
337 1782 441 1845 multis
454 1778 622 1841 vocabatis.
645 1776 768 1840 Cantica
793 1779 1015 1856 Scripturarum
1039 1788 1069 1844 et
1113 1775 1315 1837 intentionem
1331 1792 1417 1837 suum
1433 1773 1563 1851 diliiissl
1579 1774 1615 1835 id
1633 1792 1742 1853 linem
1766 1776 1976 1851 ⁰ff⁰l0ssdu¹ut

211 1864 335 1941 psalmi,
353 1867 402 1925 rix
416 1862 531 1939 aliquid
547 1860 646 1923 semel
662 1860 876 1938 pronunciant,
899 1864 981 1939 quod
1004 1880 1066 1926 non
1114 1874 1173 1919 non
1191 1862 1227 1919 ad
1243 1856 1480 1922 Eucharistium:
1499 1855 1803 1937 observantiaque,
1826 1875 1978 1925 sesacar·

211 1947 324 2009 iterum
339 1948 408 2007 aliis
423 1945 525 2007 uerbis
540 1950 691 2021 repetant,
709 1942 819 2020 psalm.
834 1942 886 2005 92.
906 1942 1068 2019 Quonmm
1112 1942 1200 2003 dotes
1215 1942 1274 2003 troc
1286 1942 1413 2018 perdito
1429 1940 1742 2017 elpericuioat'asimo
1753 1943 1897 2016 sacculo,
1916 1949 1976 2024 qur·

211 2044 283 2091 ecee
295 2029 426 2091 inimici
438 2028 487 2090 toi
499 2026 644 2095 Domine,
668 2026 826 2105 quoniam
849 2042 921 2089 ecee
941 2028 1068 2091 inimici
1110 2022 1309 2101 aoemficant,
1325 2029 1361 2085 οι
1375 2022 1475 2085 uerbo
1491 2020 1631 2085 Canania
1659 2023 1795 2105 majoris
1820 2030 1849 2087 et
1872 2028 1978 2088 minc·

210 2109 564 2190 anapauomenen.
584 2108 654 2170 lli.
670 2109 738 2186 Epo
762 2124 873 2171 seruus
895 2116 985 2182 tuus,
1008 2127 1066 2189 epo
1111 2109 1170 2175 ris,
1187 2122 1262 2169 cunr
1279 2106 1433 2177 orticaria,
1449 2120 1535 2185 puae
1550 2106 1650 2169 nimia
1666 2114 1777 2185 aperte
1790 2118 1913 2171 sonant
1926 2126 1979 2171 aa·

209 2202 418 2266 senecione,
434 2190 564 2271 etfitina
577 2191 719 2254 ancillae
734 2195 823 2267 tuoe·
838 2192 931 2254 immo
954 2193 1065 2270 psalm.
1111 2188 1280 2264 minicium,
1298 2192 1443 2269 ditabant
1456 2203 1525 2250 raon
1540 2190 1585 2251 ad
1595 2193 1913 2253 sacromentum.red
1932 2194 1976 2255 ari

208 2275 346 2343 ittarta.
362 2276 415 2355 qui
430 2282 477 2337 est
492 2275 628 2337 ornatum
654 2273 865 2351 longissimus,
893 2274 975 2336 idem
1001 2276 1066 2339 tere
1107 2271 1215 2349 ipsum
1227 2288 1348 2351 punem
1377 2271 1530 2333 aloinum
1544 2274 1902 2335 consecrandanunom
1916 2292 1974 2351 po-

214 2360 358 2421 omnibus
383 2357 543 2420 rersienlis
567 2358 686 2434 repetit.
713 2356 811 2419 Lucas
835 2373 904 2435 cap.
922 2356 972 2419 tti.
995 2374 1066 2423 curn
1107 2356 1159 2417 ais
1189 2358 1355 2418 cicinum
1380 2361 1479 2417 anteo
1504 2350 1685 2433 offeruntur
1711 2356 1756 2417 ad
1777 2355 1973 2420 benedicen-

212 2448 367 2503 narrasset
381 2440 544 2502 bominum
560 2439 749 2518 praedixisse
762 2441 912 2516 apostolis
937 2448 1066 2505 mortem
1109 2439 1198 2501 daur.
1213 2440 1271 2501 aad
1279 2444 1453 2517 postquam
1467 2442 1511 2498 est
1540 2435 1725 2499 benedictus
1747 2444 1777 2499 et
1800 2453 1976 2501 consecro·

212 2540 298 2587 suam
316 2523 707 2603 propinquarepubjunpit:
724 2521 762 2583 m
776 2522 840 2599 ipsi
852 2522 937 2585 nibil
950 2522 1068 2587 baram
1109 2522 1170 2590 raa,
1180 2521 1254 2599 pam
1268 2536 1336 2583 non
1350 2520 1441 2583 debet
1455 2516 1574 2598 offerri.

212 2606 456 2681 inmtteecrrrnt,
471 2602 731 2669 eieratnerbrtnr
742 2604 833 2667 istud
842 2604 1068 2669 absconditam
1150 2604 1208 2665 scd
1225 2603 1261 2663 ad
1288 2607 1500 2680 urpumenlaar
1526 2600 1723 2678 despondeo:
1748 2600 1862 2665 Panem
1886 2612 1972 2668 recte

212 2685 792 2766 abeimetnanintellipebnntpooe
813 2686 1018 2751 dicebantur.
1037 2688 1069 2753 st
1108 2683 1168 2746 dici
1185 2684 1286 2748 oiierri
1302 2701 1356 2762 pro
1372 2684 1523 2753 Ecclesia,
1542 2700 1601 2745 noa
1617 2686 1699 2761 quod
1716 2686 1772 2747 istu
1789 2686 1908 2747 oblatio
1932 2694 1976 2750 sit
2033 2716 2034 2759 t

210 2769 769 2841 lutherumconsolamua,rerbosum
784 2768 1067 2848 Lucametparum
1108 2769 1231 2847 proprie
1246 2768 1430 2831 sacrificium
1456 2766 1717 2845 propitiatorium.
1745 2769 1801 2829 aed
1825 2770 1900 2846 quia
1924 2780 1978 2833 est

210 2854 401 2933 spiritualem
417 2850 725 2933 appeltabrtz‘artpse
749 2851 859 2927 spiritu
886 2860 992 2915 sancto
1017 2854 1064 2917 di·
1108 2852 1259 2913 dedicatio
1281 2853 1338 2923 ret,
1365 2866 1483 2930 exque
1509 2849 1683 2911 iaciendum
1710 2857 1758 2913 eat
1781 2852 1972 2917 sacrificium
2033 2856 2034 2879 ι

210 2940 312 2998 οιιιιιο
328 2937 379 2997 illa
395 2937 486 2999 rerba
503 2934 723 3013 multiplicarit,
747 2941 780 2993 ut
804 2934 1062 3013 intelligeremus,
1109 2933 1365 3011 propitiatorium:
1382 2932 1461 2995 sicul
1476 2932 1568 3010 paulo
1582 2939 1653 3003 ante
1669 2934 1852 2997 dicebamus
1866 2934 1906 2996 de
1922 2954 1977 2999 uo·

209 3018 366 3097 apostolor
382 3032 421 3079 eo
445 3024 585 3096 tempore
607 3015 786 3093 longissime
811 3015 947 3079 abluisse
969 3018 1009 3080 ab
1030 3026 1066 3083 eb
1109 3020 1191 3077 nrine
1205 3014 1363 3091 sacriflcri,
1379 3017 1461 3095 quod
1479 3013 1620 3079 tribuitur
1636 3015 1718 3093 poni,
1745 3017 1816 3095 quia
1843 3028 1892 3079 est
1911 3037 1974 3079 ma·

211 3100 409 3179 capitatione,
424 3107 459 3163 ul
472 3100 692 3173 existimarent,
708 3097 860 3164 cirriatom
873 3100 1066 3164 moriturum.
1109 3098 1353 3162 teriasaeridcii.
1379 3100 1479 3172 Quare
1504 3112 1575 3160 eum
1600 3096 1743 3172 dicimus,
1771 3115 1829 3164 nas
1855 3098 1971 3166 oilerre

209 3181 375 3260 Apostolus
388 3183 480 3246 etiam
494 3182 526 3244 2.
544 3181 682 3243 Corinth.
699 3180 749 3242 ii.
766 3197 836 3243 cum
851 3182 906 3243 ait:
927 3182 1067 3250 liebroei
1108 3197 1219 3260 parram
1236 3183 1298 3246 lieo
1313 3199 1367 3260 pro
1382 3181 1531 3252 Ecclesia,
1547 3196 1661 3244 sensns
1686 3190 1744 3256 est,
1772 3198 1830 3244 nos
1856 3185 1972 3249 oilcrre

209 3270 298 3338 rent,
315 3270 346 3327 et
359 3282 431 3345 epo,
445 3265 612 3329 israelitae
636 3269 724 3336 runt,
751 3272 782 3326 οι
805 3281 877 3342 epo,·
901 3267 1065 3330 senone
1108 3263 1568 3343 lieopanemconsccraudum,
1586 3272 1667 3328 etex
1689 3283 1750 3342 quo
1776 3281 1831 3342 per
1858 3283 1974 3330 conse·
2031 3245 2032 3313 ι

210 3347 331 3412 blatum
345 3354 433 3422 arnt,
449 3354 480 3410 et
492 3363 563 3427 epm·
578 3351 663 3409 eeitc
681 3346 762 3408 idem
787 3352 833 3407 ter
859 3351 979 3426 repetit,
1005 3367 1064 3414 nee
1108 3347 1274 3410 cretionem
1292 3366 1395 3410 rerum
1406 3347 1591 3410 sacrillcium
1604 3346 1667 3410 lieo
1681 3349 1907 3412 immolandum
1923 3361 1972 3413 cst
2030 3357 2031 3415 l

210 3437 311 3493 tamen
326 3431 447 3506 trustra,
462 3432 532 3511 quia
548 3428 689 3509 repetitio
703 3429 755 3490 illa
772 3445 913 3509 magnam
939 3436 1065 3512 carpira·
1108 3441 1164 3508 pro
1178 3431 1327 3494 ecclesia.
1344 3432 1446 3508 licque
1461 3430 1597 3494 alienum
1614 3435 1661 3490 cst
1686 3431 1744 3492 troc
1770 3449 1785 3492 a
1813 3435 1909 3496 modo
1926 3437 1968 3493 in·
2029 3465 2030 3516 p

209 3512 267 3576 sim
283 3512 387 3576 habet.
1107 3515 1222 3586 ouendi
1239 3513 1414 3592 scripturae
1428 3512 1570 3598 divinae..
1584 3511 1738 3588 siquidem
1763 3513 1863 3575 Lavit.
1887 3516 1919 3576 l.
1936 3517 1966 3578 Ξ.
2028 3527 2029 3615 l

249 3595 392 3658 Secunda
408 3593 542 3674 objectio
556 3593 695 3674 eiusdem
712 3592 833 3655 lutheri
850 3595 880 3658 in
895 3597 1004 3661 eodem
1020 3599 1064 3660 lo·
1107 3595 1138 3658 d.
1154 3603 1186 3657 et
1198 3597 1283 3669 alibi,
1298 3597 1446 3674 jubentur
1459 3595 1573 3675 singuli
1589 3595 1705 3672 quiquo
1720 3595 1759 3658 de
1786 3597 1907 3672 populo
1923 3603 1969 3658 ol-

210 3691 260 3739 eo.
272 3680 349 3740 Ante
364 3679 627 3740 consecrationem
643 3682 789 3738 rorantur
802 3679 891 3754 panis
905 3689 937 3741 et
960 3681 1063 3744 riuum
1106 3677 1186 3742 lerre
1200 3695 1325 3758 agnum,
1341 3680 1387 3740 rcl
1403 3678 1517 3755 aliquid
1544 3678 1695 3755 ejusmodi
1721 3680 1750 3738 in
1773 3679 1962 3742 sacrificium
2027 3701 2028 3716 ι

212 3759 362 3824 sacrificia
378 3770 481 3823 saneta
507 3766 539 3821 et
552 3759 680 3827 illibata,
703 3761 786 3837 quod
812 3762 931 3824 ridetur
956 3763 1064 3826 absur·
1108 3778 1164 3841 pro
1180 3769 1318 3839 peccato,
1335 3769 1365 3823 οι
1379 3768 1479 3824 tamen
1495 3777 1556 3822 norr
1572 3759 1703 3837 quilibet
1714 3763 1752 3821 de
1766 3767 1884 3840 populo
1897 3781 1964 3836 pro·

211 3842 298 3920 dum;
314 3845 384 3922 quia
399 3844 425 3904 si
438 3851 543 3905 sanctu
558 3851 642 3914 sarni,
658 3858 712 3903 eur
727 3840 840 3917 petitur
854 3845 885 3904 in
912 3847 1018 3906 eadem
1034 3863 1065 3908 o·
1108 3843 1175 3923 prie
1191 3843 1392 3908 sacridcalrar:
1420 3844 1450 3905 id
1476 3845 1559 3904 enim
1584 3849 1649 3904 erat
1673 3844 1770 3926 solius
1797 3849 1968 3908 sacerdotis

211 3924 328 3987 ratione
343 3942 359 3986 a
376 3924 452 3998 Deo,
471 3931 503 3986 ιιι
518 3924 571 3986 iila
585 3923 766 3988 benedicat?
780 3925 812 3986 st
827 3926 1067 4008 sacrifieia3ergo
1110 3943 1232 3995 munus.
1249 3927 1503 3990 seddicebantur
1517 3925 1562 3987 illi
1576 3922 1687 3986 oiierrc
1702 3925 1891 3988 sacrificium
1916 3926 1968 4006 p'ro

207 4021 320 4084 panem
336 4015 366 4069 et
381 4008 484 4070 riuum
499 4005 564 4070 lieo
579 4005 798 4070 sacrificamus.
1108 4017 1235 4086 peccato
1250 4012 1322 4089 quia
1336 4007 1506 4072 utierebant
1522 4008 1689 4082 materiam,
1707 4025 1745 4070 ex
1767 4025 1828 4087 qua
1853 4011 1967 4074 sacriti-

249 4088 443 4168 despondeo:
461 4089 594 4152 l’aniset
608 4090 711 4152 riuum
739 4097 822 4150 reate
837 4089 908 4152 diei
933 4098 1064 4169 possunt
1109 4092 1191 4154 ciurn
1207 4110 1262 4169 pro
1277 4099 1403 4171 peccatu
1420 4091 1595 4154 iaciendum
1609 4096 1684 4152 erat.
1959 4111 1963 4122 ·

208 4172 301 4246 paulo
314 4179 383 4233 ante
399 4173 676 4242 consecrationem,
692 4170 841 4266 sacrificia
856 4183 960 4236 sancta
977 4183 1007 4236 et
1028 4177 1063 4235 it·
1152 4174 1262 4248 Quarta
1277 4175 1412 4254 obiectio
1427 4173 1551 4236 Lutlreri
1567 4172 1693 4246 ibidem,
1719 4171 1754 4234 ln
1780 4174 1881 4251 prima
1904 4193 1966 4237 ora·

206 4251 313 4315 libata.
329 4253 482 4316 Sacrificia
498 4256 636 4334 quidem,
652 4253 722 4333 quia
739 4260 812 4315 sont
826 4256 950 4317 materia
966 4258 1061 4318 sacri·
1107 4257 1191 4320 tione
1206 4256 1338 4320 Cononis
1354 4259 1475 4321 dicitur:
1495 4255 1581 4331 Quae
1597 4255 1654 4318 tibi
1668 4253 1901 4335 offerimaapel
1912 4261 1967 4338 qui

206 4336 281 4403 dcii,
297 4337 400 4416 etjam
416 4337 554 4399 dedicata
582 4346 614 4399 et
628 4344 741 4417 parata,
765 4343 798 4398 ut
821 4353 860 4398 ex
885 4337 923 4402 iis
947 4335 1000 4401 liat
1014 4357 1061 4401 sa·
1106 4339 1165 4402 tibi
1188 4337 1327 4486 egerunt
1349 4357 1408 4418 pro
1433 4340 1654 4416 redernpliurre
1677 4341 1871 4402 animorum
1891 4359 1966 4404 aaa·
2020 4374 2021 4419 r

207 4417 367 4494 milleium,
383 4435 452 4481 nam
469 4427 499 4482 et
512 4419 545 4482 in
560 4419 631 4500 iope
644 4420 738 4481 reteri
751 4420 934 4483 dicebantur
945 4423 1061 4499 possim
1103 4438 1189 4488 runt.
1234 4433 1243 4485 t
1268 4425 1381 4486 ibidem
1407 4422 1446 4486 de
1472 4424 1582 4484 iisdem
1608 4419 1810 4484 succentibus
1836 4425 1963 4484 dieitur:

205 4498 354 4562 sacrificia
368 4517 443 4564 ores
456 4490 560 4564 adbuc
571 4504 720 4572 virentes,
736 4503 860 4581 quando
874 4503 994 4566 seilicet
1007 4507 1058 4567 ad·
1106 4503 1248 4580 Quorum
1262 4507 1321 4567 tibi
1332 4506 1411 4582 tides
1426 4508 1557 4584 capuita
1570 4511 1625 4576 est,
1644 4509 1673 4566 et
1687 4511 1766 4566 noto
1780 4505 1961 4568 mantiam

205 4581 407 4658 docebantur,
425 4585 711 4661 utimmobrentur3
727 4586 811 4648 uude
834 4591 883 4648 ast
907 4588 983 4650 illud
1004 4587 1060 4666 Cy·
1104 4588 1196 4665 igitur
1210 4590 1258 4650 isti
1274 4588 1383 4652 lideles
1405 4593 1436 4650 et
1459 4589 1559 4650 detali
1586 4595 1668 4658 sunt,
1696 4595 1780 4646 certa
1807 4589 1964 4667 redempti
2018 4589 2019 4618 ι

205 4664 680 4742 prianiinserm.deeieemos.
707 4665 845 4732 moeret
867 4668 1060 4748 locupleeta
1102 4676 1185 4747 suat;
1202 4673 1226 4732 si
1243 4671 1394 4749 redempti
1409 4678 1493 4744 sunt,
1510 4685 1656 4747 quorsum
1682 4667 1816 4732 oderunt
1843 4687 1903 4749 pro
1919 4689 1965 4734 re·
2017 4685 2018 4722 ι

204 4743 664 4828 ιιοοιιιιιοιιιιιιιιιιοοοήιιοιο
677 4749 1058 4816 mnarbicunruranreur
1102 4752 1279 4832 demptione
1294 4755 1462 4816 arianorum
1478 4753 1619 4816 suarum?
1634 4767 1738 4816 nunna
1753 4753 1835 4813 idem
1855 4761 1918 4821 est,
1933 4773 1967 4816 ae
2016 4785 2017 4822 ι

206 4831 316 4892 ιοοιιιο
330 4840 435 4894 sancta
465 4839 497 4895 et
520 4833 648 4904 illibata,
675 4832 748 4912 quia
770 4833 833 4912 jam
857 4833 997 4896 dedicata
1028 4843 1060 4898 et
1100 4836 1126 4897 si
1142 4836 1308 4903 diceretur,
1326 4842 1501 4912 redemptos
1518 4835 1627 4898 Christi
1644 4835 1875 4912 sanguineuon
1890 4853 1965 4898 esse
2015 4883 2016 4920 ,

204 4923 381 4977 consecrata
396 4915 434 4975 ad
450 4931 539 4978 usam
555 4916 693 4977 ditinum
707 4932 763 4995 per
777 4920 909 4993 priorem
930 4916 1059 4980 oblatio·
1100 4935 1172 4980 rere
1187 4919 1376 4996 redemptos,
1393 4923 1447 4982 sad
1462 4918 1603 4998 indigere
1629 4918 1740 4978 iterum
1766 4919 1880 4980 redimi
1906 4937 1970 4982 uuo

200 5011 275 5057 nem
290 5005 375 5058 sunt:
391 5007 421 5059 et
433 4999 525 5060 etiam
539 4999 608 5077 quia
625 5015 699 5074 pora
728 5004 759 5060 et
772 5001 1059 5065 sanetaiuteotione
1103 5001 1348 5082 panisirustuioi

203 5077 374 5157 oderantur
386 5081 426 5142 ab
439 5079 590 5144 Ecclesia.
606 5080 668 5144 Sed
693 5096 878 5157 quamquam
903 5097 942 5145 eo
967 5085 1058 5148 modo
1143 5083 1338 5160 Respondeo:
1355 5083 1441 5160 Quod
1458 5083 1565 5144 attinet
1579 5083 1615 5142 ad
1633 5082 1761 5144 irustum
1779 5082 1886 5159 panis,
1903 5084 1970 5162 jam

203 5169 309 5224 saneta
324 5164 398 5233 sint,
415 5171 516 5225 tamen
531 5163 682 5227 sanctiora
698 5162 896 5226 deridebunt
919 5179 976 5244 per
990 5181 1056 5229 mu·
1101 5166 1233 5229 diximus
1247 5181 1357 5245 panem
1373 5182 1434 5228 non
1450 5163 1565 5237 oilcrri,
1582 5173 1614 5226 ut
1629 5164 1669 5226 sit
1683 5163 1874 5230 sacrificium
1894 5185 1967 5230 nro·

202 5246 346 5306 tutionem
362 5246 392 5307 io
408 5261 522 5324 corpus
549 5249 580 5306 et
593 5247 776 5322 sanguinem
791 5244 916 5319 Christi,
932 5253 963 5308 ct
986 5249 1056 5310 ideo
1101 5249 1297 5327 pitiatorium,
1314 5249 1369 5309 sed
1386 5255 1418 5310 nt
1433 5251 1472 5310 sit
1486 5248 1610 5312 materia
1627 5246 1767 5310 sacrificii
1782 5249 1969 5326 propitiato·

201 5333 286 5388 reete
301 5327 446 5405 petimus.
463 5336 496 5390 ut
509 5327 592 5391 Deua
607 5327 668 5390 iltis
681 5327 857 5402 benedicat,
873 5346 971 5408 eaque
984 5347 1055 5394 san·
1102 5332 1150 5392 rii.
1164 5331 1313 5404 Quantum
1329 5332 1366 5392 ad
1383 5331 1626 5408 redemptionem
1642 5327 1779 5392 ildeiium
1792 5339 1823 5392 et
1836 5331 1971 5396 derain-

202 5407 325 5475 οιιιιοοι,
342 5411 484 5473 nimirum
501 5417 533 5473 ut
547 5412 593 5471 sic
607 5410 681 5472 dant
695 5412 787 5474 nobis
815 5428 928 5491 eorpus
942 5420 973 5475 et
984 5429 1054 5476 sart·
1101 5429 1182 5490 rum,
1197 5415 1277 5491 apud
1293 5413 1484 5478 Lutberauoa
1499 5415 1625 5490 atridem
1642 5413 1717 5474 nulii
1731 5419 1882 5492 putantur
1894 5433 1972 5478 esse

201 5491 272 5567 guis
285 5489 409 5565 Christi,
425 5503 458 5554 ut
472 5493 548 5556 inira
563 5495 594 5554 in
608 5495 665 5556 alia
676 5495 818 5556 oratione
833 5497 980 5572 petimus.
1100 5493 1212 5560 fideles
1240 5502 1271 5558 et
1285 5496 1398 5568 deuoti,
1414 5499 1488 5575 quin
1512 5496 1603 5560 simui
1623 5495 1698 5574 justi
1726 5494 1798 5570 siat,
1827 5499 1971 5575 proinde

243 5569 343 5636 'lertio
358 5575 493 5654 objectio
508 5575 650 5653 ejusdem
662 5575 789 5646 ibidem,
805 5575 839 5638 ln
863 5575 986 5641 Conone
1010 5577 1057 5639 di·
1102 5580 1265 5657 redempti,
1282 5583 1382 5656 quoad
1399 5579 1639 5656 animaremur
1655 5578 1825 5641 catholicos
1843 5587 1967 5652 tamea,

200 5651 291 5716 citare
310 5652 399 5729 Quae
412 5655 471 5719 nor
483 5653 647 5734 effetatus
659 5658 697 5720 in
709 5659 825 5736 primis
837 5675 897 5736 pro
912 5659 1057 5724 ιιοοιοιιο
1102 5661 1154 5741 qni
1171 5661 1262 5727 [idern
1278 5664 1346 5724 siue
1362 5662 1508 5728 alteritate
1524 5677 1596 5728 esso
1613 5675 1707 5740 posse
1721 5662 1875 5738 sentiunt,
1902 5681 1968 5728 non
