4084 6275
284 327 338 429 m
747 424 751 434 ,
946 363 1229 425 mmmm

209 506 311 568 citiam
328 505 396 575 liei,
411 501 601 583 gratiamque
626 498 881 581 recuperandam:
908 507 990 580 quod
1005 520 1076 566 crim
1117 517 1244 580 poenae
1273 504 1441 583 elenlpnc:
1465 503 1596 583 eulpam
1619 504 1738 567 remitti
1761 504 1923 581 fatentur·
1947 499 2002 564 liei
2028 494 2029 501 ’

212 608 270 652 aas
286 589 411 652 minimo
426 588 577 661 dieamus:
594 588 661 665 ipse
682 588 791 650 trustra
817 586 919 660 sudat,
946 593 978 648 et
998 587 1077 649 nibil
1118 585 1355 661 misericordia:
1369 588 1428 649 sed
1441 586 1541 663 eulpa
1552 588 1700 657 recensa,
1715 595 1998 665 poenam-resta-

213 680 333 753 praetor
347 673 449 734 aerem
465 672 616 735 verberat.
1118 683 1165 734 ro.
1188 685 1289 748 quom
1301 670 1441 749 pmsoloi
1455 666 1512 731 oet
1519 670 1651 749 iustitia
1670 672 1830 749 postulat:
1846 670 1903 730 ad
1927 686 1996 746 pas·

253 756 287 817 lo
303 772 343 818 eo
356 761 513 835 praeterea
529 752 810 824 calumniabitur,
826 750 908 828 quod
925 752 1077 815 existimat
1117 766 1182 813 noe
1195 753 1296 831 igitur
1308 752 1531 815 remissionem
1544 754 1675 831 proprie
1689 762 1840 831 spectare
1864 754 1995 827 satista-

211 845 302 901 totam
318 842 421 905 ritum.
437 855 473 899 ac
489 853 528 898 ne
542 844 666 900 centurn
682 836 805 913 quidam
832 834 908 894 ritas
932 835 1076 898 solllcere
1119 835 1252 896 ottones.
1269 834 1385 897 Deinde
1401 836 1505 896 multis
1521 836 1696 911 scripturae
1713 838 1792 901 loeis
1808 836 1934 897 allatis
1949 840 1995 895 ad-

211 923 248 981 ad
276 921 533 994 satisfactionem,
560 937 650 999 quam
678 920 838 980 docemus.
861 916 1004 991 Fallitur,
1029 919 1073 979 iu·
1119 916 1257 995 ditibb.
1275 919 1355 996 quod
1380 918 1491 981 aiassae
1518 918 1676 979 videbatur
1697 920 1732 980 ad
1761 918 1995 980 catholicorum

210 1022 315 1083 quam.
332 1002 780 1081 apertissime:siquidem-tanti
796 1001 999 1061 aestimatore
1012 1002 1075 1064 beo
1120 999 1316 1062 solutionem:
1334 1000 1418 1067 Soio.
1435 1002 1545 1077 iuquit,
1560 1000 1711 1065 subtilitas
1726 1003 1843 1065 adbuc
1858 1002 1957 1078 ipsos
1971 1020 1998 1055 r·

211 1085 393 1153 Satisiactio.
409 1100 487 1161 quae
502 1086 532 1147 iu
550 1083 607 1146 lrdc
622 1088 679 1147 rito
695 1089 817 1161 sponte,
835 1089 925 1160 atquc
951 1099 986 1144 err
1002 1088 1075 1145 etra-
1118 1080 1197 1147 labi.
1213 1082 1293 1145 dum
1305 1084 1392 1157 inter·
1406 1088 1549 1145 eternam
1561 1097 1714 1162 poenum.
1738 1093 1769 1147 et
1792 1084 1997 1163 temporales

212 1173 299 1231 ritate
314 1169 492 1248 suscipitur.
510 1173 543 1231 ut
557 1168 659 1231 brevis
675 1168 767 1245 liujus
783 1168 868 1227 ritae
884 1164 970 1228 labor
983 1167 1073 1228 iacile
1118 1164 1492 1245 delinquentiarum
1507 1167 1716 1245 temporalem
1728 1184 1885 1245 poenam
1898 1170 1997 1243 quod-

210 1258 392 1332 compenset
406 1250 636 1315 acerbissimos.
648 1250 910 1328 longissimosque
921 1252 1074 1312 cruciatus
1117 1247 1165 1308 uis
1175 1248 1375 1327 supplicium
1388 1264 1453 1309 esse
1469 1250 1706 1327 trudunt,quod
1719 1257 1787 1311 tum
1801 1252 1847 1312 de
1861 1266 1996 1326 eorpmr

210 1335 389 1413 purgatorii.
406 1329 494 1397 Certe
510 1351 537 1396 s.
552 1339 664 1413 martyr
679 1332 848 1412 Cyprianus
864 1333 917 1394 tib.
930 1332 961 1394 l.
975 1337 1070 1406 epist.
1118 1345 1220 1408 quom
1234 1332 1274 1393 de
1288 1331 1402 1395 anima
1415 1332 1515 1394 suarii
1530 1331 1761 1411 bermemeepto
1772 1334 1883 1395 modo
1901 1342 1996 1393 aeter·

208 1419 240 1480 2.
258 1436 318 1479 non
334 1418 452 1480 dubitat
465 1416 628 1487 affirmare,-
642 1421 766 1494 peccato
782 1415 895 1491 omnia,
908 1416 1073 1494 quaestio·
1116 1428 1164 1473 na
1177 1422 1290 1488 morte,-
1314 1430 1435 1492 porum
1459 1428 1511 1475 eos
1534 1414 1679 1477 subarrat
1702 1416 1785 1477 boec
1811 1418 1992 1477 restrictio.

209 1502 261 1578 qui
278 1501 490 1577 longissimam
505 1499 535 1560 iu
552 1498 726 1577 purgatorio
748 1514 879 1576 poenam
900 1501 1072 1577 erigerent,
1118 1494 1199 1558 uam
1212 1498 1394 1575 superiores
1409 1497 1480 1561 loci.
1497 1513 1577 1577 quos
1592 1499 1774 1573 citavimus,
1799 1498 1869 1559 luce
1893 1502 1993 1559 arami-

209 1585 299 1647 unica
316 1582 448 1662 martyrii
464 1582 611 1662 passione
626 1581 761 1659 purgari:
777 1597 813 1643 uc
835 1582 925 1641 etiarm
952 1589 1073 1658 praetor
1117 1577 1221 1639 uotiua
1234 1582 1357 1649 uolunt,
1373 1580 1435 1641 lica
1448 1594 1508 1641 nos
1523 1581 1708 1643 conditione
1722 1582 1833 1660 recipi
1849 1598 1875 1642 a
1888 1580 1952 1643 Dea
1962 1584 1992 1641 in

209 1665 537 1747 ursrtgrium,tlreologi
553 1665 666 1726 docent
679 1663 830 1739 ejusmodi
846 1680 916 1727 essa
932 1680 1024 1741 posse
1042 1665 1072 1725 ia
1116 1662 1639 1742 qratiam:utquisquiderumus
1661 1680 1789 1745 poenae
1817 1666 1991 1727 meruire
2028 1652 2029 1679 ¹

209 1750 313 1827 aliquo
329 1750 505 1828 poenitente
521 1747 783 1821 contritionem,ut
798 1762 853 1823 per
867 1764 934 1807 eam
948 1752 1072 1823 peccata
1116 1744 1232 1809 nsittut.
1250 1744 1381 1823 culpans
1393 1746 1603 1823 ignoscendo.

208 1832 309 1894 amnia
332 1832 433 1910 quood
455 1832 577 1909 culpam
599 1836 630 1892 et
649 1846 791 1909 poenam,
815 1829 997 1908 plenissime
1018 1828 1073 1891 de·
1157 1825 1352 1889 Excutiamus
1368 1826 1459 1906 igitur
1473 1826 1538 1890 loca
1555 1828 1673 1905 singula
1689 1846 1770 1908 quaa
1792 1830 1934 1891 addueit
1962 1848 1990 1889 ar
2028 1868 2029 1887 ι

206 1916 340 1977 leantur.
1116 1907 1286 1983 videamus,
1300 1916 1403 1973 utrum
1420 1926 1455 1971 ex
1472 1910 1509 1972 i'ts
1524 1912 1626 1989 colligi
1643 1919 1746 1989 queat,
1764 1928 1906 1975 ornnem
1925 1920 1988 1972 tem·

248 1997 302 2059 llis
317 1993 506 2074 argumentis
521 1990 693 2073 explic'stis.
708 1993 883 2075 brisiensi
909 1992 961 2057 28.
985 1994 1072 2072 ponit
1117 1991 1252 2067 noralem
1270 2009 1401 2071 poenam
1418 1993 1507 2055 uobis
1523 1994 1634 2079 remitti
1650 1998 1926 2073 quotiescumque
1943 2014 1987 2054 uas

181 2090 186 2101 “
206 2078 439 2141 distinctionem
456 2079 573 2156 peccati
588 2078 925 2146 mortuiis‘etreuiatis.
942 2092 1000 2153 qua
1013 2094 1071 2141 nos
1116 2072 1198 2134 Deus
1214 2076 1245 2135 in
1261 2077 1388 2153 gratiam
1403 2076 1523 2154 recipit.
1547 2075 1632 2151 Quae
1657 2078 1784 2154 atridem
1810 2082 1985 2139 testimonia

206 2164 248 2223 uti
265 2162 338 2223 dicit
352 2160 389 2223 ad
404 2168 617 2240 argumentum
632 2177 724 2239 supra
741 2160 874 2239 positum
900 2161 1071 2223 dissoluen-
1115 2160 1196 2217 lanta
1211 2156 1553 2221 confidentiadalriuus
1570 2160 1720 2237 producit.
1738 2168 1773 2222 ut
1792 2161 1897 2223 dieat:
1917 2160 1985 2221 Sub-

206 2245 291 2312 dum,
308 2249 399 2323 atque
414 2259 482 2305 earu
497 2243 630 2306 relutare
644 2249 783 2306 sonaim.
800 2242 843 2305 lla
858 2260 917 2319 qua
934 2258 967 2304 ra
993 2243 1072 2305 nihil
1114 2244 1242 2301 nactam
1264 2242 1427 2320 quaedam
1452 2242 1521 2303 alia
1544 2243 1725 2314 iesimonia,
1752 2243 1882 2323 quibus
1911 2246 1982 2305 adea

204 2326 235 2388 in
252 2326 496 2405 praesentiarum
511 2326 663 2389 dicemus.
681 2334 743 2389 tum
759 2325 840 2405 quod
857 2342 916 2388 uos
936 2342 972 2387 ea
988 2325 1071 2387 solu·
1115 2324 1358 2402 combibuntur
1371 2326 1504 2387 tortuosi
1514 2325 1568 2387 isti
1578 2332 1753 2403 capuerat
1763 2342 1808 2389 ne
1819 2343 1982 2389 summan

204 2410 286 2471 tione
303 2424 364 2471 aon
380 2424 519 2487 egemus,
537 2414 599 2470 tum
616 2410 697 2487 quod
713 2411 752 2471 de
774 2408 972 2471 distinctione
997 2424 1071 2487 pec·
1114 2406 1249 2484 quidem
1263 2408 1408 2469 caudam
1421 2406 1615 2483 complicare
1627 2408 1920 2489 postbocqueant.

205 2494 263 2554 eati
280 2492 416 2556 mortalis
432 2496 463 2553 el
478 2491 606 2572 venialis
621 2492 749 2571 plenum
764 2497 921 2553 tractatum
937 2493 969 2553 iu
981 2490 1012 2552 2.
1028 2499 1071 2552 to·
1156 2486 1287 2550 l’rimum
1304 2490 1510 2551 testimouium
1527 2496 1584 2559 asi,
1602 2488 1736 2552 iliarum.
1752 2491 1806 2553 at.
1827 2499 1861 2554 et
1874 2492 1981 2552 Eraria.

204 2591 254 2637 ruo
270 2575 470 2637 instituimus.
1116 2567 1163 2629 ta.
1181 2572 1262 2649 quod
1280 2573 1327 2633 uis
1343 2572 1442 2634 verbis
1457 2590 1473 2633 a
1490 2572 1613 2635 Calvino
1630 2575 1826 2649 propruuilur:
1852 2574 1923 2635 liae
1944 2584 1980 2631 ar

244 2657 310 2719 lloc
325 2675 420 2724 uuum
436 2656 686 2735 praeteriremus
713 2672 854 2735 possum,-
878 2654 1069 2734 ineptissima
1117 2651 1355 2717 Testamentum
1367 2670 1499 2725 nouum,
1515 2657 1604 2734 quod
1618 2657 1700 2717 beses
1715 2659 1751 2719 iu
1780 2656 1913 2720 Cirrata
1932 2676 1982 2718 aaa

201 2740 437 2803 ratiocinatione
452 2740 495 2801 uti
511 2737 681 2811 Cairinom,
699 2747 732 2800 ut
752 2739 862 2817 probet
885 2756 955 2800 nou.
974 2756 1069 2816 posse
1112 2732 1280 2798 nobiscum
1292 2738 1426 2814 pemati,
1443 2742 1531 2815 quod
1554 2740 1768 2816 iniquitatum
1790 2746 1981 2803 nostrumne

201 2840 337 2897 unquam
353 2838 409 2901 pro
424 2822 600 2884 venialibus
614 2821 771 2883 satisfieri:
788 2822 823 2884 Si
835 2820 1065 2901 uniumioquit,
1111 2832 1180 2879 non
1193 2818 1430 2882 recordabitur.
1449 2818 1531 2895 Quid
1545 2820 1594 2882 iris
1609 2822 1862 2900 significaverit.
1893 2826 1981 2885 diari-

200 2907 270 2969 diei
284 2912 330 2968 est
340 2905 522 2980 'salutantia
537 2905 662 2982 peccati
675 2906 789 2982 uniats:
804 2905 884 2967 dum
896 2904 991 2966 illam
1004 2920 1069 2967 me·
1112 2915 1183 2961 mitt
1199 2918 1241 2963 ew
1256 2902 1321 2964 ‘¹15⁰
1335 2903 1502 2979 widila,
1519 2904 1578 2965 tibi
1591 2901 1928 2982 Dominis-Sil'uiltss
1938 2910 1980 2967 ll·

200 2986 984 3066 dilomurpluribussiincolounl3quondodmm
993 2988 1067 3049 nul·
1112 2984 1192 3059 qm't.
1210 2985 1447 3063 ajmtiliosuc
1461 2984 1641 3065 deilouerit.
1669 2990 1820 3057 omnium
1838 2990 1980 3066 justitia-

202 3071 271 3133 lum
282 3068 437 3149 praeterit
445 3069 645 3147 iustissimus
660 3071 807 3149 quiaque.
824 3084 888 3146 quo
912 3084 983 3131 non
1006 3070 1067 3133 cli·
1110 3080 1187 3127 riam
1200 3068 1270 3144 rpus
1285 3084 1353 3130 non
1366 3068 1606 3131 recordabor:si
1617 3070 1740 3148 impius
1755 3071 1798 3133 ab
1812 3074 1980 3149 impietate

200 3155 325 3233 quoties
336 3152 526 3228 lobolur3od
536 3148 733 3216 eorumcero
743 3152 977 3229 satisfactiones
987 3154 1069 3216 dunt
1110 3163 1173 3209 otta
1185 3153 1361 3222 recesserit,
1378 3153 1525 3214 ⁰mttt'tlm
1537 3153 1752 3232 iniquitatum
1765 3155 1841 3232 ι’]ἰιι
1855 3172 1928 3219 non
1938 3175 1981 3217 ra·

199 3251 234 3299 se
251 3238 431 3313 occinqent,
446 3249 633 3310 numerosa,
652 3235 1066 3312 celpoliusinnameracu·
1111 3233 1280 3312 cordabor.
1300 3232 1390 3309 erod
1403 3233 1650 3310 sejesteriorum
1659 3239 1920 3300 recordaturum
1931 3258 1979 3300 aa·

199 3318 461 3382 malebantlom
474 3319 625 3395 praeciso
635 3325 681 3379 est
692 3318 918 3395 smusacimdi
930 3316 1066 3394 iduma
1109 3319 1175 3389 qut,
1191 3317 1302 3396 utique
1317 3317 1376 3378 lroe
1391 3322 1446 3390 ast,
1461 3318 1590 3382 nullam
1602 3335 1636 3380 sc
1650 3335 1766 3382 eurum
1788 3321 1979 3385 babituram

202 3399 287 3475 Quid
299 3403 487 3464 moramur?
501 3401 663 3480 quomodo
677 3400 786 3464 adbuc
800 3401 840 3463 de
864 3401 1066 3478 satisfacien-
1108 3400 1281 3472 rationem,
1297 3405 1334 3461 ut
1354 3407 1590 3464 remuneretur:
1617 3417 1691 3480 erqo
1714 3409 1744 3464 et
1767 3412 1976 3480 peccalorum

202 3485 244 3546 do
260 3486 403 3560 copitare
417 3484 561 3546 audent?
1109 3492 1178 3543 non
1191 3483 1372 3552 recordari,
1388 3489 1432 3545 est
1446 3498 1487 3545 eo
1499 3499 1569 3548 non
1581 3485 1747 3562 postulare
1762 3489 1810 3548 aa
1823 3503 1976 3565 poenam

240 3567 300 3628 Sed
316 3567 386 3644 quis
400 3565 486 3627 dedit
501 3563 626 3626 Calvino
642 3564 717 3626 illud
742 3563 942 3645 principium:
969 3583 1065 3629 uuum
1152 3565 1194 3625 Ad
1210 3566 1270 3627 iroo
1286 3567 1417 3644 primum
1433 3563 1641 3628 testimouium
1653 3568 1715 3645 jam
1732 3585 1828 3647 supra
1854 3587 1976 3644 respou-

198 3649 281 3710 diam
296 3648 411 3726 requiri
427 3648 464 3709 ad
489 3647 728 3710 satisfactionem
756 3647 847 3711 unius
872 3650 990 3727 pcccati
1014 3667 1063 3711 re·
1112 3648 1227 3723 (limus,
1246 3664 1314 3709 oum
1332 3648 1452 3710 butlrcri
1468 3656 1646 3726 argumenta
1662 3651 1873 3714 solveremus:
1891 3661 1976 3730 atque

198 3729 306 3792 nialis‘l
328 3731 359 3792 Si
385 3732 478 3792 unico
503 3740 571 3793 actu
598 3731 802 3797 contritionis.
832 3734 882 3808 qui
910 3739 1065 3794 momento
1109 3739 1141 3791 ut
1156 3730 1298 3791 Carisiuus
1314 3731 1474 3809 intelligat,
1491 3747 1582 3808 quam
1599 3748 1704 3808 parum
1720 3735 1782 3796 boc
1807 3751 1871 3798 suo
1891 3753 1975 3806 argu·
2028 3737 2029 3812 ξ

199 3814 349 3890 temporis
365 3811 428 3874 lieri
446 3818 558 3891 potest,
574 3811 728 3874 interdum
744 3814 837 3874 multa
859 3814 1009 3886 mortalia,
1033 3821 1066 3877 ut
1108 3820 1211 3873 meato
1228 3829 1284 3874 nos
1303 3814 1531 3875 constrinxerit:
1555 3816 1662 3876 eadem
1689 3832 1750 3877 nos
1769 3819 1974 3880 ratiocinatio·
2028 3817 2029 3830 ³

197 3896 332 3956 diximus
346 3896 518 3973 expiantur:
536 3902 648 3973 quanto
664 3896 784 3957 [acilius
800 3913 873 3964 noa,
890 3896 1064 3972 iuquamu·
1111 3911 1150 3956 uc
1167 3896 1278 3956 utimur
1294 3896 1323 3956 in
1339 3895 1505 3969 solutione,
1522 3913 1581 3976 qua
1597 3905 1646 3958 cst
1661 3899 1729 3975 ipse
1746 3916 1825 3962 usus
1845 3903 1875 3962 ia
1891 3919 1973 3977 argu·

198 3994 257 4038 nus
272 3978 354 4051 dies,
370 3978 425 4047 sed
443 3979 592 4039 uualmra
608 3976 740 4039 subiciet
760 3978 797 4038 ad
823 3980 1064 4042 satisfactionem
1110 3985 1226 4040 ruente.
1244 3976 1317 4040 Cum
1332 3978 1415 4039 euim
1428 3978 1532 4058 justus
1547 3997 1562 4040 a
1575 3980 1693 4060 justitia
1719 3997 1775 4043 sua
1805 3983 1965 4046 debererit.

197 4060 361 4121 venialium
378 4060 595 4138 plurimorum?
610 4057 865 4140 Dequotidicnis
880 4060 1064 4141 (inquibu-
1107 4060 1293 4140 justitiarum
1309 4060 1474 4140 ejus-Deus
1490 4078 1550 4125 nort
1566 4063 1791 4135 recordabitur,
1822 4083 1878 4128 uon
1898 4069 1964 4144 qaia

197 4145 341 4217 gostinus
356 4144 386 4204 iu
403 4143 587 4207 enchiridio.
600 4161 668 4217 cap.
696 4140 775 4225 li),
802 4142 961 4218 iratribus,
988 4147 1064 4209 lsai·
1111 4143 1554 4223 nonremuuerabittemporali
1567 4146 1670 4224 aliquo
1683 4149 1892 4222 praemissao
1904 4150 1970 4228 quia

196 4223 319 4306 busque
332 4227 485 4303 peccatis,
500 4226 571 4287 sine
586 4225 703 4306 quibus
718 4226 875 4289 boecuito
888 4242 957 4290 non
968 4229 1062 4292 duci·
1109 4243 1170 4287 aaa
1187 4226 1395 4289 remunerabit
1407 4235 1528 4289 aeterna
1543 4229 1592 4290 illa
1606 4231 1863 4308 meraerte‚quam
1876 4249 1974 4310 repro·

197 4312 261 4372 tur.
278 4307 475 4388 quotidiana
488 4309 593 4370 oratio
616 4305 764 4385 fidelium
787 4311 956 4388 salutarit.
973 4310 1061 4374 Certe
1107 4308 1190 4370 misit
1204 4309 1405 4386 diligentibus
1419 4327 1544 4390 sczergo
1559 4312 1596 4373 ud
1613 4314 1746 4374 eundem
1764 4317 1895 4377 modum
1910 4333 1974 4377 cum

195 4406 257 4451 noc
275 4391 465 4452 consumitur
480 4406 560 4451 unus
575 4390 694 4469 integer
708 4391 776 4453 dies
792 4392 821 4452 iu
844 4395 982 4456 oratioue
1003 4394 1061 4456 Ilo·
1106 4390 1220 4468 impius
1235 4391 1273 4453 ab
1287 4391 1443 4469 impietate
1459 4409 1512 4456 sua
1529 4396 1704 4460 recesserit.
1723 4395 1925 4475 iniquitatum
1947 4413 1974 4456 r-

196 4473 308 4534 minica
325 4473 494 4547 recitanda:
510 4478 541 4534 et
556 4478 656 4534 tamea
673 4489 707 4536 ea
724 4473 862 4536 oratione
879 4491 934 4554 pro
960 4479 1063 4539 renio·
1103 4473 1154 4554 jus
1170 4475 1251 4536 beas
1263 4490 1324 4536 nou
1340 4476 1560 4552 recordabitur,
1578 4493 1638 4538 noa
1654 4478 1724 4555 quia
1752 4496 1815 4540 nun
1845 4482 1973 4560 castiga-

185 4554 280 4616 ‘iibus
294 4554 441 4633 peccatis.
461 4571 522 4616 noo
538 4569 601 4617 uuo
615 4561 666 4618 aut
681 4556 814 4630 duobus,
831 4560 886 4620 sed
899 4560 1003 4622 mrrltis
1014 4577 1062 4622 sa·
1107 4556 1151 4618 bit
1166 4557 1346 4634 temporaria
1362 4559 1462 4636 aliqua
1480 4565 1628 4636 posnani
1643 4559 1791 4638 llagsem,
1810 4563 1974 4625 Aaronem.

195 4635 304 4699 tistieri
320 4637 418 4700 eredit
433 4637 637 4717 Augustinus:
654 4653 715 4699 noo
738 4640 830 4719 igitur
855 4643 992 4719 praecisa
1015 4649 1063 4706 est
1105 4637 1262 4716 Davidem,
1279 4647 1309 4702 et
1323 4640 1399 4702 alios
1415 4647 1484 4718 post
1498 4643 1778 4704 reconciliationem
1802 4649 1973 4726 castigant,

196 4719 407 4782 salisiacieudi
422 4719 546 4790 iducis,
564 4735 665 4798 neque
681 4722 749 4784 sinc
765 4737 873 4786 caussa
890 4725 929 4788 de
943 4725 1063 4790 satisla·
1104 4723 1160 4782 sed
1177 4723 1246 4801 quia
1263 4739 1323 4784 noo
1342 4724 1447 4800 puniet
1461 4723 1647 4802 sempiterna
1664 4733 1772 4793 morte.
1789 4733 1822 4787 et
1835 4731 1910 4804 igaa
1924 4731 1972 4790 itta

194 4803 308 4869 aiendo
323 4804 458 4884 cogitare
472 4804 633 4866 audemus.
1104 4813 1241 4872 aeterno,
1259 4807 1310 4882 qui
1328 4812 1450 4882 paratus
1466 4814 1512 4867 ost
1536 4807 1659 4868 diabolo
1685 4815 1715 4868 et
1739 4812 1866 4888 angelis
1894 4815 1971 4890 ajars.

849 4911 852 4916 ·
1103 4885 1180 4948 Vide
1196 4888 1281 4964 plura
1294 4887 1362 4949 ioco
1378 4892 1467 4950 citato
1483 4890 1514 4950 ιιι
1535 4890 1690 4952 solutione
1703 4883 1969 4970 *argumentorum

1035 5037 1036 5040 Ἴ
1103 4969 1238 5043 Latiari,
1256 4971 1393 5048 eupli.

522 5056 642 5122 (ldl’lll
662 5059 726 5125 XV.
1143 5052 1276 5115 Alterum
1294 5052 1501 5116 testimouium
1509 5052 1646 5115 bellatur
1661 5054 1758 5116 Isaiae
1773 5055 1971 5120 bibliensem

1103 5135 1131 5196 l.
1149 5142 1179 5197 et
1194 5136 1224 5196 ιιι
1241 5137 1319 5214 psal.
1336 5136 1387 5197 bl.
1404 5136 1575 5213 idipsum,
1590 5136 1686 5216 inquil
1704 5137 1861 5210 Caluinus,
1892 5143 1972 5205 alibi

545 5285 551 5298 ι
670 5288 676 5300 ‚
1100 5219 1231 5284 diulus.
1248 5215 1407 5295 Ριοιιιιιι
1419 5223 1491 5296 post
1505 5225 1641 5295 impiam,
1658 5221 1765 5284 delere
1782 5223 1897 5286 instar
1910 5243 1971 5288 nri·

313 5281 490 5348 Solvuntur
503 5285 574 5347 alto
588 5285 928 5368 Calurniarpumento.
1099 5297 1158 5366 bis.
1175 5299 1360 5378 demergere
1373 5302 1410 5364 in
1422 5300 1626 5378 profundum
1639 5305 1751 5370 marta,
1768 5321 1840 5368 aaa
1862 5308 1972 5386 impu.

398 5448 408 5471 .
695 5439 703 5444 ,
1099 5383 1519 5462 tare,'tcetumqualtcberc:
1537 5383 1655 5447 talibus
1671 5386 1970 5465 loquendisormu·

229 5449 526 5546 lamrerornitll.
544 5462 1053 5538 proptussaramaccedttmtso·
1098 5464 1619 5529 lisrtouobscurcsensumsuum
1632 5467 1970 5549 nobiseuplicaoerat
2028 5517 2029 5520 ,

188 5531 336 5625 irationem
349 5544 570 5604 cutbolicorum
597 5546 635 5605 ris
649 5547 752 5607 verbis
767 5547 912 5611 Calvinus
937 5562 1051 5629 propo·
1098 5545 1238 5625 spinam
1250 5555 1393 5620 sauctus,
1409 5539 1572 5612 sidonibus
1587 5566 1684 5613 aures
1708 5552 1760 5614 illi
1784 5571 1970 5616 accommo-

188 5617 432 5716 nascuncuntur
446 5626 621 5703 quidemsa
635 5629 803 5705 cupediae:
817 5631 877 5692 sed
890 5647 991 5710 aqua,
1014 5638 1052 5695 ιιι
1096 5630 1261 5694 daremus.
1280 5631 1367 5696 berte
1379 5632 1409 5694 si
1416 5631 1513 5709 punit
1526 5631 1620 5704 Deus,
1636 5636 1971 5715 peecataimputccst

187 5696 319 5776 meatur,
331 5702 396 5765 allis
411 5705 531 5783 haeret.
558 5707 702 5783 ιιιιριιιιι
725 5709 789 5772 sibi
813 5713 1052 5780 distinctionem
1095 5714 1250 5790 madiaci,
1266 5715 1468 5780 rmordatar:
1484 5716 1514 5778 si
1528 5716 1573 5777 od
1580 5715 1748 5792 iudicium
1762 5727 1869 5796 coeat,
1884 5728 1969 5782 tecto
