4084 6275
940 379 1047 444 tubex
1193 436 1195 445 ,
1793 385 1844 440 923

143 513 281 580 omnium
294 515 525 587 miraculorum,
541 520 572 576 ot
586 514 673 595 quasi
696 513 971 595 6666666666-
1017 513 1220 589 666666666,
1237 515 1284 579 661
1301 528 1415 593 corpus
1428 513 1564 589 Domini,
1591 529 1652 577 non
1675 522 1801 578 recator
1821 516 1880 577 tra-

17 607 19 618 '
139 605 200 671 tac,
213 597 369 676 passionis
385 606 414 658 ct
429 597 665 664 resurrectionis
681 597 802 659 Domini
817 597 888 660 368.
1057 598 1130 668 ctio,
1147 595 1352 669 consecratio,
1367 597 1563 671 distributio,
1592 596 1642 658 rel
1671 599 1877 678 manducati03

97 681 357 743 Eucharistiaes't
371 681 507 759 signum,
525 677 712 758 symbolam,
731 681 973 757 repraesentatio
1056 680 1187 740 666666
1216 694 1415 758 permaneas,
1440 681 1532 753 idest,
1562 680 1652 757 panis
1680 687 1880 742 consecratus

142 781 178 822 ac
194 768 281 840 typus
297 763 403 822 mortis
419 760 612 838 6661666666
630 763 731 822 caruis
746 767 776 823 et
798 763 969 838 sauguinis,
1057 759 1130 822 696.

144 851 176 904 ut
192 843 353 904 visibiliter
369 844 398 903 in
413 859 516 912 eruce,
535 843 585 904 itta
613 841 718 904 saillxa
734 888 741 908 .
770 843 824 905 itte
854 843 970 907 effusus
1012 841 1204 905 Eucharistia
1219 842 1437 920 publicastis
1451 847 1515 904 toto
1531 843 1647 905 muodo
1668 850 1880 917 consecratur,

140 925 255 987 66633.
271 924 323 985 69.
341 923 392 985 69.
410 925 455 986 ad
471 924 522 985 31.
541 924 611 986 623.
629 922 701 986 233.
717 923 791 986 236.
807 924 881 989 238.
894 925 967 989 326.
1056 931 1087 985 61
1102 931 1278 986 asservatur
1291 921 1364 984 286.

141 1005 214 1068 638.
231 1005 302 1067 663.
320 1003 392 1065 663.
409 1004 482 1066 689.
499 1005 571 1066 699.
588 1005 660 1066 693.
1013 1003 1165 1066 Dominus
1177 1021 1237 1065 noa
1247 1005 1341 1076 jessit
1355 1003 1578 1067 Eucharistiae
1591 1021 1606 1065 6
1619 1020 1655 1066 66
1666 1015 1881 1068 consecratam

94 1087 288 1149 6666666666
302 1089 457 1164 6666666
469 1085 508 1146 sit
520 1091 641 1162 signum
654 1094 892 1162 repraesentans
904 1105 968 1150 aar·
1055 1085 1169 1147 6111666
1186 1089 1217 1147 ie
1233 1087 1414 1158 crastiuum,
1431 1089 1486 1148 666
1515 1093 1632 1164 postea·
1651 1104 1707 1166 per
1726 1089 1883 1165 apostotos

138 1185 208 1250 nem
225 1166 337 1231 Christi
353 1176 385 1229 ut
400 1169 581 1229 morientem
598 1170 628 1227 in
646 1183 762 1232 cruce.
786 1174 816 1229 ot
843 1170 967 1248 sangui·
1055 1167 1085 1228 id
1099 1168 1193 1245 jussit
1207 1167 1280 1228 696.
1428 1193 1431 1199 ·
1471 1194 1485 1220 x

139 1250 210 1312 nem
226 1253 259 1310 ut
273 1250 303 1310 in
317 1264 409 1312 eruce
425 1248 556 1312 etlusum
572 1249 644 1310 293.
662 1249 733 1310 296.
750 1249 822 1310 322.
1012 1247 1048 1310 Ia
1066 1252 1124 1310 troc
1139 1254 1333 1311 sacramento
1348 1247 1432 1311 6666
1447 1254 1495 1312 est
1508 1248 1586 1325 lieri,
1602 1250 1685 1312 aliud
1701 1265 1775 1314 esse
1803 1251 1878 1311 192.

95 1331 313 1394 Eucharistiae
330 1339 555 1392 sacramentum
573 1347 665 1391 unum
683 1337 740 1401 est,
758 1333 828 1403 auia
846 1339 892 1394 est
907 1349 967 1395 una
1054 1329 1127 1392 693.
1233 1376 1237 1384 .
1452 1344 1454 1347 ·

143 1425 212 1474 6666
229 1410 353 1488 Christi„
371 1421 400 1473 ei
417 1427 497 1474 unus
513 1413 639 1488 sanguis
652 1411 725 1474 293.
737 1411 810 1473 296.
1013 1409 1204 1474 Eucharistia
1220 1418 1395 1475 asservatur
1409 1411 1440 1474 in
1455 1411 1571 1490 pixide,
1588 1419 1738 1492 gestatur,
1761 1421 1792 1476 et
1806 1413 1880 1474 ado·

17 1517 24 1558 i
96 1493 309 1556 Eucharistiae
325 1499 550 1556 sacramentum
567 1500 686 1556 constat
712 1495 908 1556 materialiter
930 1513 967 1556 cx
1053 1497 1146 1576 ratur,
1163 1501 1256 1570 66666
1271 1494 1425 1557 6666666
1447 1494 1622 1572 6666666666
1646 1495 1769 1558 divinae
1795 1497 1884 1557 insti·

136 1577 226 1651 sigeo
256 1581 285 1635 et
300 1591 332 1636 re
348 1575 529 1654 signitionta,
547 1590 580 1636 re
594 1575 660 1653 ipsa
673 1583 882 1654 praesentent
895 1593 965 1638 cum
1054 1573 1175 1648 lationi,
1191 1579 1230 1636 66
1245 1575 1483 1638 manducatione
1494 1576 1569 1637 699.

137 1657 226 1736 signo
244 1658 409 1734 conjuncta
425 1656 497 1718 398.
1011 1654 1217 1719 Consecratur
1231 1659 1333 1733 aliqua
1350 1674 1422 1736 pars
1438 1658 1533 1736 hujus
1547 1658 1742 1724 sacramenti,
1759 1675 1822 1720 666
1847 1667 1878 1720 ut

17 1807 23 1821 ,
93 1736 628 1818 66666696666666666666166,
646 1743 676 1798 et
698 1736 787 1814 panis
814 1739 966 1802 exteriora
1052 1753 1115 1799 aon
1130 1739 1358 1812 *maadacctam
1388 1739 1445 1804 666
1474 1747 1507 1800 ut
1532 1746 1672 1816 tempore
1691 1749 1876 1817 opportuno

17 1823 18 1842 l
139 1821 246 1897 specie
261 1835 316 1880 sua
335 1835 448 1896 corpus
463 1818 585 1880 Domini
602 1819 755 1900 significat
767 1817 839 1881 398.
913 1834 915 1840 ’
1052 1821 1266 1894 manducatum
1281 1820 1473 1881 nimirumut
1487 1820 1644 1882 deleratur
1663 1820 1708 1886 66
1736 1830 1881 1898 aegrotos

17 1889 23 1934 ²
91 1901 128 1962 Iu
145 1907 339 1962 sacramento
356 1901 565 1964 Eucharistiae
578 1901 728 1962 hahemus
740 1900 893 1962 Christum
904 1903 965 1966 sub
1051 1899 1124 1962 691.
1141 1900 1273 1963 66193.
1289 1900 1449 1963 666666.

132 1983 244 2059 signis,
262 1989 292 2043 et
308 1983 442 2057 imapiue
457 1986 602 2054 aetatum,
620 1984 650 2044 in
667 1984 866 2044 6661666666
881 1984 964 2046 ride·
1010 1981 1201 2062 Eucharisaia
1219 1984 1384 2061 diiigenter
1398 1983 1607 2045 conservanda
1620 1999 1636 2042 6
1649 1985 1824 2057 secerdote,
1841 2001 1880 2046 ae

18 2084 21 2099 ·
132 2063 236 2124 66666
252 2065 321 2138 sine
336 2065 401 2124 ulto
417 2065 507 2142 signu
522 2064 594 2124 366.
724 2059 730 2070 ’
1051 2065 1181 2139 putredo
1197 2066 1297 2140 66666
1313 2064 1495 2125 inueniatur.
1508 2064 1580 2125 613.
1598 2071 1631 2125 ct
1650 2065 1711 2126 sub
1739 2066 1879 2129 clavibus

89 2143 315 2206 Eucharistiam
353 2146 539 2222 paradoxum
576 2145 788 2208 existimarunt
820 2145 964 2210 infideles
1049 2146 1144 2206 debet
1158 2149 1274 2207 servari
1289 2148 1542 2226 propter'ahusus
1556 2145 1638 2209 ibic.

18 2222 24 2266 l
135 2225 210 2287 361.
998 2223 1091 2287 'Haec
1105 2229 1299 2290 consuetudo
1321 2230 1465 2290 seruandi
1493 2228 1734 2297 Eucharistinm,
1755 2234 1876 2290 serrata

17 2373 18 2378 ,
88 2307 315 2369 Eucharistiam
333 2323 402 2370 osse
414 2307 653 2369 instrumentum
675 2309 855 2371 excitandae
878 2309 962 2386 9666,
1048 2315 1126 2369 6666
1144 2310 1294 2377 rainois.
1312 2316 1343 2370 et
1357 2311 1396 2370 66
1411 2311 1492 2371 omni
1509 2309 1648 2371 Ecclesia
1670 2308 1743 2370 193.
1771 2326 1877 2388 neque

123 2390 211 2449 sicut
228 2389 412 2468 Baptismus,
430 2396 461 2449 et
476 2391 576 2451 sotem
600 2389 656 2452 Dei
682 2391 806 2452 terbum
822 2438 830 2466 ,
847 2394 962 2469 passim
1048 2405 1183 2468 unquam
1199 2390 1255 2453 iuit
1269 2392 1413 2470 abrogata
1428 2377 1501 2452 tos.

130 2467 284 2532 61966666
311 2478 341 2532 et
362 2471 475 2548 passim
501 2470 675 2534 reiutaatur
700 2473 961 2536 concrematae.
1006 2467 1071 2533 666
1088 2472 1203 2533 dehent
1225 2474 1318 2534 niniis
1346 2475 1459 2533 miritae
1488 2471 1657 2551 particulae
1684 2473 1871 2534 sacramenti

124 2549 199 2614 299.
1046 2555 1221 2614 conservari
1237 2553 1310 2616 693.
1327 2554 1400 2615 696.

18 2705 19 2710 ¹
86 2632 239 2694 Similiter
254 2649 348 2711 saepe
364 2635 556 2711 respondent
568 2635 603 2695 ud
618 2635 790 2714 Scripturas
801 2643 832 2714 nt
844 2635 959 2710 l’atres,
1006 2632 1093 2710 Quod
1109 2642 1252 2712 superest
1267 2636 1507 2697 exsecramenta
1518 2633 1873 2704 Euolfflrisliaemombu·

130 2731 209 2790 6666
226 2716 357 2792 probant
373 2718 529 2778 toritatem
546 2717 714 2778 catholicae
743 2717 827 2786 6666,
846 2723 961 2796 tropice
1045 2716 1176 2776 rendum
1191 2723 1250 2786 cst,
1266 2719 1293 2780 si
1317 2717 1474 2795 temporis·
1491 2718 1702 2792 diuturnitate,
1729 2723 1783 2780 aut
1809 2718 1870 2780 666

18 2865 22 2879 ‚
134 2804 163 2858 et
179 2797 310 2874 6666616
326 2801 428 2858 omnia
445 2813 515 2859 osse
529 2800 708 2875 explicanda
724 2797 796 2860 238.
813 2799 887 2861 266.
910 2802 958 2862 666
1046 2798 1085 2859 66
1100 2814 1209 2861 666666
1225 2804 1364 2862 consumi
1382 2797 1488 2877 aequit
1503 2797 1577 2859 696.

17 2888 23 2928 t
130 2881 960 2961 666666666116666666666666666666666616
1150 2927 1186 2931 f*
1345 2927 1349 2933 -
1429 2929 1433 2933 .

130 2975 187 3035 pro
204 2960 295 3020 nobis
312 2961 410 3020 traditi
441 2968 471 3020 ct
487 2960 575 3022 611661
591 2962 664 3022 269,
681 2961 753 3022 219.
771 2963 817 3022 iet
840 2963 958 3027 66666·
1213 2960 1257 3023 Dc
1270 2962 1412 3024 materia
1428 2961 1667 3024 Eucharistiae.
1738 2993 1741 2997 f

129 3041 190 3100 lice
208 3041 311 3102 Pratres
328 3042 411 3120 16661
428 3041 499 3103 322.
517 3045 547 3102 66
564 3044 653 3104 66616
669 3059 739 3103 6666
766 3041 877 3104 Christi
894 3061 958 3106 car·
1043 3083 1047 3091 ι
1299 3073 1302 3079 ’
1759 3060 1762 3067 “

17 3135 21 3177 r
131 3138 204 3183 nem
221 3126 356 3202 proprie,
372 3124 401 3184 in
419 3127 508 3186 terris
524 3125 808 3205 autemsymbolico
824 3124 896 3188 323.
910 3127 957 3189 rel
1003 3120 1089 3185 Sitne
1104 3140 1210 3203 euporo
1226 3141 1360 3201 paneae
1372 3123 1553 3186 tormentata
1565 3128 1791 3186 sscmmentum
1803 3140 1878 3188 coe·

18 3232 19 3237 6
129 3221 254 3265 caraem
283 3205 394 3267 Claristi
421 3206 482 3267 666
507 3211 624 3269 tontum
650 3208 790 3280 suscipi,
819 3224 880 3268 non
904 3224 958 3271 ore
1043 3205 1209 3267 acicaaum
1226 3206 1298 3269 698.
1315 3216 1422 3287 66666.
1441 3206 1557 3267 Videt.
1573 3208 1693 3283 haymo.

127 3284 203 3348 263.
218 3285 291 3348 289.
308 3286 380 3349 293.
398 3286 476 3349 aet..
487 3288 559 3351 293.
587 3288 659 3350 att.
686 3288 757 3350 319.
785 3288 856 3350 329.
884 3289 957 3354 328.
1001 3284 1106 3347 Utrum
1123 3286 1262 3349 christus
1275 3288 1440 3349 instituerit
1455 3289 1554 3364 primo
1568 3288 1620 3349 dic
1633 3302 1809 3366 azymorum
1825 3304 1874 3350 sa·

17 3418 18 3423 ,
128 3366 202 3429 339.
219 3370 355 3444 denique
371 3371 485 3429 audeat
500 3371 590 3430 etiam
607 3370 711 3432 dicere
733 3369 955 3433 Eucliaristiam
1042 3375 1233 3430 aramentum
1245 3367 1512 3441 Eucharistiae,an
1529 3385 1601 3432 6666
1612 3376 1686 3429 aete
1699 3384 1770 3431 eum
1785 3371 1870 3432 diem

17 3470 18 3505 i
128 3458 493 3528 repraesentare'oorpus
509 3450 705 3525 chrismam
721 3450 752 3511 in
770 3453 828 3511 1666
850 3468 954 3514 sacra·
1042 3447 1117 3511 698.
1476 3491 1479 3495 -

126 3536 231 3591 manto
247 3546 318 3591 ossc
335 3532 449 3591 nudam
462 3533 657 3611 sigeum3scu
671 3548 742 3594 esse
758 3548 871 3605 corpas
892 3540 957 3593 tan·
1000 3528 1186 3591 ttetcrantar
1197 3532 1297 3593 variae
1308 3532 1482 3593 sententiae
1495 3530 1579 3593 thid.

17 3640 18 3669 i
125 3620 191 3671 tum
203 3611 415 3683 significative,
433 3614 479 3674 iet
496 3612 622 3693 tiguram
639 3614 777 3690 corporis
792 3614 864 3675 293.
882 3615 954 3678 293.
999 3609 1147 3675 Probatur
1162 3613 1315 3675 96616666
1332 3614 1480 3675 instuisse
1494 3618 1720 3673 sacramentum
1737 3612 1792 3672 66.
1817 3611 1869 3675 dia

125 3690 200 3753 396.
217 3692 289 3753 392.
307 3693 378 3753 326.
396 3693 469 3755 338.
487 3704 578 3772 atque
595 3697 643 3755 lais
659 3696 804 3777 omnibus
820 3696 896 3757 locis
912 3698 954 3757 ci·
1041 3697 1162 3755 mensis
1177 3698 1347 3756 secundnm
1365 3696 1477 3773 legem,
1490 3702 1521 3755 et
1549 3694 1723 3755 secuudum
1748 3707 1866 3754 morem

17 3800 19 3831 i
122 3774 194 3835 tatis
208 3774 375 3835 6666666666
388 3776 685 3839 evidenteristarem
698 3778 856 3839 hominum
871 3794 954 3841 mou·
1042 3773 1251 3839 Hebraeorum
1266 3776 1339 3838 663.
1356 3784 1386 3837 66
1394 3792 1463 3854 666.

17 3878 18 3903 i
123 3854 212 3916 66616
229 3862 258 3914 61
274 3855 498 3932 blasphemiae.
793 3894 845 3903 =-
1003 3854 1617 3935 86166666666666666666666666666
1642 3856 1783 3933 aliorum,
1811 3855 1867 3933 aui

79 3932 309 3999 Eucharistium
327 3954 388 3998 non
406 3954 554 4015 negamus
571 3954 642 4001 esse
658 3946 902 4014 sacramentum,
926 3946 957 4002 et
1042 3953 1238 4015 quocumque
1256 3940 1348 4000 modo
1363 3940 1411 3999 eis
1425 3939 1525 3999 tarent
1540 3937 1613 3998 666.

17 4050 18 4053 =
122 4018 254 4095 proinde
270 4020 405 4096 sigeum,
423 4021 477 4079 666
496 4036 646 4098 negamus
664 4022 740 4082 nibil
764 4022 846 4084 aliud
870 4038 953 4099 esse,
999 4017 1209 4081 Eucharistiae
1224 4023 1349 4082 materia
1365 4019 1454 4099 panis
1467 4020 1610 4080 ettinum
1627 4016 1698 4079 399.
1723 4051 1728 4061 .

17 4130 18 4165 ,
122 4100 184 4159 uisi
201 4102 324 4179 signum
340 4100 411 4160 332.
426 4100 498 4162 333.
515 4110 561 4162 666
574 4101 655 4163 enim
672 4104 794 4181 signum
817 4104 861 4165 rei
878 4105 953 4166 ievi-
998 4098 1090 4164 Panis
1102 4108 1134 4161 et
1148 4103 1250 4161 riuum
1267 4118 1329 4163 non
1341 4110 1542 4171 concurrunt,
1556 4107 1588 4161 ut
1603 4115 1676 4178 pars
1687 4106 1867 4161 sacramen·

121 4181 235 4250 sibilis,
256 4182 311 4243 sod
329 4184 501 4259 6666666666
520 4182 601 4245 a'hid.
957 4188 959 4192 ’
1040 4183 1072 4252 ti,
1090 4183 1391 4264 scdutsuhjeatum,
1408 4182 1588 4256 66666666
1611 4181 1675 4260 agit
1702 4182 1863 4258 sacerdos,

82 4262 324 4328 Eucharistiam,
343 4264 469 4339 ttpitram
482 4265 621 4342 eorporis
636 4264 666 4324 iu
692 4281 785 4327 cruoo
807 4268 952 4345 suspensi
1039 4268 1068 4322 et
1085 4264 1114 4322 in
1131 4280 1192 4341 quc
1207 4267 1357 4343 recipitur
1371 4265 1423 4326 36.
1440 4265 1487 4324 ad
1500 4263 1553 4324 33.

17 4376 19 4407 i
121 4346 238 4407 uocauit
254 4345 455 4419 6666666666,
473 4344 677 4421 6666966666
693 4347 837 4408 dixerunt
848 4350 952 4419 antim-
995 4340 1106 4405 6666
1122 4349 1356 4419 temperandam
1372 4362 1449 4423 6666
1463 4346 1494 4405 in
1510 4361 1599 4406 sacro
1610 4344 1708 4405 calice
1722 4343 1795 4405 668.
1813 4344 1860 4405 Vi·

121 4440 183 4503 poa
197 4424 268 4485 332.
287 4424 359 4486 333.
378 4424 453 4486 Vide
469 4424 542 4487 313.
1011 4472 1012 4475 ,
1034 4426 1074 4485 66
1091 4424 1161 4488 tta.
1184 4428 1359 4488 reiciantur
1383 4430 1570 4501 sentcntiae,
1596 4444 1652 4487 seu
1678 4427 1780 4501 potius
1812 4442 1863 4486 er·

17 4542 19 4581 6
78 4504 307 4567 Eucharistiam
324 4522 395 4567 6666
412 4507 546 4569 6666166
563 4508 741 4569 societatem
769 4507 845 4569 dixit
866 4509 946 4571 idem
1036 4521 1123 4569 rores
1138 4506 1210 4570 616.
1226 4508 1300 4569 663.
1311 4510 1473 4571 solvuntur
1487 4514 1666 4587 argumenta
1681 4506 1755 4567 669.
1801 4533 1803 4536 ·

17 4618 19 4659 i
117 4586 688 4670 Augustinus,auatonusestsignum
711 4589 949 4668 corporisChri·
994 4584 1060 4649 Hoc
1076 4595 1302 4668 sacramentum
1318 4598 1460 4652 constare
1485 4588 1580 4651 debet
1594 4604 1631 4649 66
1646 4605 1679 4650 66
1697 4597 1818 4651 terrena
1834 4596 1865 4649 ot

17 4708 19 4723 .
116 4669 157 4729 sti
174 4670 290 4740 mystici
305 4668 437 4732 33666
451 4669 523 4732 333.
1035 4670 1249 4735 coelestitia.
1743 4701 1746 4707 ,

17 4786 20 4827 ,
69 4750 663 4831 6666666666616666669666666
687 4754 747 4815 boo
773 4766 948 4815 sacraman-

119 4839 197 4903 tum,
215 4833 302 4909 aliter
319 4848 373 4910 per
389 4847 484 4893 saeos
500 4840 530 4894 et
547 4835 649 4896 literas
664 4834 745 4897 ibid.
1105 4833 1149 4895 Da
1162 4835 1270 4911 forma
1282 4835 1481 4897 sacraemnta
1496 4833 1735 4895 Eucharistiae.

17 4986 18 4989 Ἴ
68 4911 300 4974 Eucharisttam
316 4930 332 4973 a
350 4914 474 4974 666666
491 4916 664 4977 6666666666
680 4931 773 4995 passe
795 4912 945 4979 naminari
1729 4959 1734 4976 ι

17 5018 20 5073 ;
117 5002 345 5057 sacramentum
363 4994 584 5071 panisotaiai.
933 5016 938 5027 ·
988 4991 1175 5056 Graecorum
1206 5003 1239 5058 et
1264 4996 1490 5060 iracrcticorum
1516 5012 1640 5059 errores
1668 4996 1707 5057 de
1736 4997 1797 5057 trac
1825 5012 1859 5057 re

68 5076 298 5136 6666666666
316 5076 468 5137 66666661
487 5078 575 5139 tertio
591 5078 659 5138 1666
674 5123 681 5147 ,
699 5084 729 5139 66
754 5095 849 5156 66666
872 5079 942 5141 132.
1030 5075 1102 5137 626.
1120 5083 1150 5138 66
1162 5093 1230 5157 666.
1768 5110 1770 5115 ·

17 5196 21 5237 ,
67 5158 545 5233 11666666611666666666666
562 5166 751 5221 sacramenta
764 5160 845 5222 ibid.
988 5154 1070 5218 sous
1085 5157 1206 5219 Domini
1222 5158 1326 5221 uerbis
1350 5160 1383 5220 tit
1403 5158 1598 5221 consecratio
1627 5159 1776 5236 probatur
1804 5171 1855 5221 ex·

17 5276 23 5325 t
66 5238 104 5299 66
124 5238 335 5300 Eucharistiae
349 5247 542 5301 sacramento
558 5242 651 5301 matta
666 5242 854 5303 considerari
873 5258 942 5319 pos·
1029 5239 1133 5315 empto
1147 5238 1269 5300 Domini
1293 5258 1330 5301 ac
1344 5242 1555 5319 apostoloram
1570 5242 1646 5301 622.
1660 5256 1697 5300 66
1716 5242 1859 5311 ‚traditio-

17 5367 22 5401 ἰ
112 5320 272 5381 6666693.
440 5386 444 5397 Ι
1030 5335 1069 5379 66
1085 5321 1415 5384 666166166623.626.
1431 5339 1466 5382 ex
1484 5323 1632 5395 Patribus,
1648 5322 1731 5384 6966.
1758 5330 1788 5383 et
1819 5340 1856 5385 ex

65 5400 897 5478 16666666666616616666666666666666616616632.
1027 5400 1233 5463 ratione-tie.
1249 5403 1322 5464 626.
1335 5403 1411 5465 Vide
1424 5402 1477 5465 39.
1493 5402 1545 5464 33.
1806 5441 1809 5445 -

17 5512 23 5571 i
65 5482 499 5545 Euolmristianoacoasistit
528 5486 558 5545 iu
591 5486 810 5557 6666666666
841 5489 872 5545 in
904 5498 938 5543 rc
986 5480 1544 5562 SolvunturargumeutaGraecorum
1568 5484 1854 5548 ethutheranorum

17 5605 23 5653 t
111 5573 324 5640 permanente,
342 5580 399 5627 seu
416 5580 476 5625 aon
504 5572 550 5627 est
579 5566 657 5627 notio
687 5568 850 5640 transiens,
882 5561 937 5625 sed
1027 5572 1132 5625 contra
1149 5565 1274 5626 turmam
1287 5568 1530 5627 consecrationis
1553 5567 1768 5629 Eucharistiae*
1778 5568 1851 5631 626.

17 5689 23 5737 Ι
107 5660 297 5723 permaneus
316 5645 388 5707 696.
406 5648 451 5710 ati
466 5647 539 5709 693.
556 5646 628 5709 696.
1027 5651 1056 5707 ct
1070 5662 1135 5732 sep.
1154 5646 1226 5710 item
1243 5648 1403 5709 mendacia
1420 5647 1568 5711 66666666
1585 5648 1657 5709 629.
1674 5650 1747 5712 639.
1772 5688 1777 5698 ·
