4084 6275
284 347 339 410 im
955 353 998 410 tlt:
1015 349 1240 415 recumbite

217 488 246 548 ii
260 483 405 559 creditis
420 482 509 564 qaod
517 483 765 562 praedicaverat
778 485 901 560 Peme.
922 487 1080 550 ιιιιιιι·
1121 503 1181 553 nec
1193 487 1336 554 cbristus
1347 501 1404 552 ιιι
1419 491 1517 550 morte
1529 496 1586 548 eos
1599 482 1756 548 liberarit.
1780 482 1910 547 certum
1936 485 1987 541 est

215 568 314 632 datus
326 570 382 643 est,
396 574 433 629 ut
446 571 522 629 ante
535 567 694 632 cubitem
707 566 998 650 captennacum
1007 571 1078 634 aab
1120 579 1236 642 antem,
1250 577 1354 651 patres
1369 570 1442 634 illos
1454 584 1516 632 nee
1531 568 1681 632 babuisse
1704 567 1845 630 debitum
1875 562 1991 626 mortis

216 649 275 730 qui
289 649 440 717 aderant.
460 645 620 728 acciperet
634 651 758 717 donum
780 650 921 732 Spiritus
944 654 1077 728 sandi:
1119 661 1263 721 nouenae
1278 655 1338 717 nisi
1352 669 1388 716 ea
1398 652 1601 732 rationeque
1612 649 1740 713 remissa
1750 656 1841 712 eraut
1851 649 1903 712 eis
1913 662 1990 727 pec·

216 737 440 796 cumulamen
449 747 511 796 neo
523 730 648 796 visibile
662 741 902 800 sacramentum
915 734 1080 799 conmmm'
1121 737 1233 803 cuta'in
1247 737 1358 800 virtute
1371 735 1478 798 mortis
1491 733 1605 797 dbristi
1619 733 1784 806 intereant
1797 733 1825 794 si
1840 748 1880 795 ea
1897 747 1988 792 num·

135 821 139 832 '
213 816 330 895 potuit,
342 809 518 878 ariobistus
530 815 851 892 etiamentrinsecus,
864 818 1078 898 maeretque·
1117 837 1213 902 auem
1233 820 1353 899 luisset,
1368 818 1434 898 ipsi
1457 831 1582 895 auoque
1603 831 1769 893 numquam
1795 816 1837 878 de
1859 813 1989 876 interno

146 934 150 944 ·
215 898 590 970 dammodooestimenta
602 913 677 966 stra.
693 898 778 961 idem
802 900 877 964 dicit
898 899 1078 981 Gbrpsosto·
1121 905 1270 968 exissent.
1285 902 1382 981 ilaue
1396 900 1434 964 ad
1450 899 1535 961 bunc
1548 897 1673 962 modum
1689 899 1876 974 exponenda
1903 897 1992 958 ride·

218 996 287 1042 ¹⁰⁰⁵
301 979 406 1041 ΙιθῐῐιὶΙ·
421 977 473 1043 24·
495 981 526 1056 in
549 979 651 1044 Ᾱιῑθῐ·
679 983 811 1060 8908101·
843 982 930 1056 Vidi,
955 983 1077 1062 induit,
1121 985 1336 1050 turseulentir
1352 982 1492 1060 iiugonis
1520 980 1560 1056 dc
1575 988 1683 1043 sancto
1711 979 1847 1054 Victore,
1880 978 1942 1041 lib.
1959 981 1991 1040 2.

217 1063 496 1142 dispensationem
509 1061 578 1124 Dei:
599 1079 668 1128 non
693 1066 846 1141 penuittit
870 1065 993 1130 adsoiei
1013 1083 1080 1132 ser·
1120 1072 1160 1134 dc
1174 1068 1386 1138 sacramentis,
1402 1081 1467 1141 per.
1485 1063 1535 1125 ii.
1550 1080 1620 1140 cap.
1641 1061 1673 1126 8.

212 1152 682 1226 monemmcrpueenpraccepto
689 1145 857 1224 Patr-idaci
865 1147 1076 1228 dimetientem,
1161 1152 1205 1214 Ad
1223 1151 1367 1214 bibulum
1380 1162 1418 1210 ex
1432 1147 1545 1208 thoma
1561 1143 1716 1208 watiensi
1730 1191 1738 1218 ,
1754 1144 1894 1207 dicimus
1907 1145 1988 1206 ibo·

213 1226 343 1292 sedebi
357 1227 620 1292 caeduemntsc
634 1236 738 1294 mente
753 1231 952 1308 adrnirabiti,
969 1239 998 1294 et
1011 1249 1077 1295 cra·
1119 1247 1200 1296 mam
1208 1233 1405 1296 waldensem
1417 1229 1530 1291 docere
1543 1227 1735 1298 reticentem
1749 1227 1936 1290 cbaritmem
1948 1227 1989 1288 si·

218 1311 375 1378 ciderunt
402 1310 535 1374 omuino
563 1310 734 1392 Baptismo
764 1330 830 1376 esee
856 1315 1081 1379 remissionem
1120 1333 1162 1380 ne
1176 1322 1378 1388 sacramento,
1394 1312 1442 1374 rel
1454 1312 1485 1372 in
1500 1325 1546 1384 re,
1563 1311 1609 1372 rel
1631 1311 1662 1371 in
1678 1317 1770 1381 soto,
1791 1308 1987 1372 bominem:

215 1399 438 1474 peccatoram·
454 1397 531 1456 istnc
547 1394 679 1458 aduertit
690 1393 692 1405 ’
704 1396 857 1475 spiritam.
884 1396 920 1458 itt
934 1397 1011 1459 inira
1028 1415 1080 1460 ex·
1121 1404 1248 1479 peccato
1263 1413 1325 1460 non
1340 1395 1484 1459 liberare.
1500 1393 1537 1454 ttt
1550 1407 1735 1470 quemquam
1759 1405 1831 1454 vera
1847 1392 1986 1454 ebaritas

217 1479 335 1554 plicans
351 1474 609 1556 iiiud3dumquid
620 1491 742 1559 nquam
757 1481 829 1560 puis
839 1479 1009 1560 probibere
1019 1497 1079 1559 po·
1121 1497 1267 1546 essenon
1281 1477 1464 1559 polestsine
1479 1482 1684 1544 sacramento,
1698 1475 1746 1538 rel
1761 1475 1792 1536 in
1816 1491 1865 1544 re,
1884 1476 1934 1535 ret
1957 1476 1986 1535 in

214 1567 272 1624 test
287 1564 344 1622 etc.
357 1559 524 1628 introducit
538 1559 659 1624 Petrum
675 1562 865 1640 loquentem:
895 1563 1015 1634 Totum,
1031 1564 1077 1625 in·
1121 1570 1203 1628 roto:
1220 1577 1280 1627 nec
1294 1563 1377 1624 enim
1392 1558 1459 1622 iteri
1474 1562 1624 1638 potestat
1638 1558 1749 1636 aliquis
1763 1557 1877 1634 diliget
1893 1557 1987 1620 ticum

106 1643 110 1650 '
212 1642 429 1722 quiescebam
451 1646 508 1712 est,
533 1643 621 1722 quod
647 1647 752 1723 :napis
772 1645 993 1708 neceesarium
1016 1645 1080 1722 tuit
1123 1645 1345 1722 superomnia,
1363 1648 1395 1705 et
1409 1657 1471 1704 non
1486 1641 1643 1704 desideret
1666 1655 1702 1702 ce
1717 1640 1883 1711 remedia,
1909 1657 1986 1718 qnae

159 1771 163 1780 .
211 1725 394 1806 Baptisma3
410 1723 486 1802 iam
499 1724 623 1801 factum
637 1733 692 1795 eet,
717 1743 783 1807 quo
799 1733 828 1790 ct
843 1743 902 1790 nos
924 1726 1082 1805 baptisati
1120 1729 1205 1794 licus
1215 1728 1347 1790 instituit
1358 1742 1414 1804 pro
1424 1722 1674 1786 reconciliatione
1684 1723 1876 1801 peccatoris;
1891 1729 1989 1784 umen

212 1825 325 1872 sumus
340 1814 399 1870 etc.
430 1805 635 1887 Hieronymus
664 1809 718 1870 lib.
745 1811 776 1870 2.
799 1809 830 1870 in
855 1810 1076 1874 lucinianum:
1122 1814 1221 1891 siper
1241 1809 1437 1890 impossibiie
1464 1805 1577 1885 aliquis
1596 1805 1740 1885 diligeret
1766 1810 1988 1884 superomnia

214 1890 380 1954 cornelias
396 1889 554 1961 centone,
567 1895 604 1952 ul
619 1890 777 1970 Spiritum
788 1899 938 1955 sanctum
953 1893 1078 1971 accipe·
1123 1896 1232 1963 beura,
1248 1900 1279 1956 ct
1293 1901 1393 1954 ιιιιιι
1409 1889 1505 1952 ιιιιιι
1518 1895 1707 1950 sacramento
1729 1887 1915 1966 suscipere,
1931 1906 1987 1949 non

210 1981 259 2038 ret
273 1979 452 2052 antequam
462 1971 642 2051 duplicato,
656 1975 865 2058 cmcmcspats
880 1975 1079 2046 meruitcro‘·
1119 1976 1353 2059 justiilcaretur.
1368 1969 1542 2036 watiensis
1555 1975 1657 2033 aulem
1671 1970 1747 2032 ittod
1769 1971 1909 2049 scripsit
1923 1987 1988 2032 con·

214 2053 506 2136 brisguep'ep‘tont't's.
1122 2057 1354 2131 trszcleium,
1382 2054 1433 2136 qui
1462 2053 1640 2128 sentiebat,
1667 2052 1861 2130 baptismum
1890 2070 1987 2131 aquae

253 2141 298 2204 dd
315 2139 419 2201 iocum
431 2149 470 2198 ex
484 2137 744 2212 confessionibus,
759 2139 841 2201 dico:
857 2138 963 2202 lierito
978 2138 1079 2219 iugu-
1124 2159 1186 2205 non
1202 2157 1274 2204 esse
1285 2139 1346 2202 nisi
1361 2139 1484 2218 signum
1506 2136 1647 2198 internae
1667 2134 1899 2210 reserationis:
1915 2155 1988 2212 nure

217 2228 332 2285 stlnum
349 2226 420 2282 ante
432 2218 619 2298 Baptismum
632 2235 798 2300 numquam
812 2221 908 2285 tuisse
920 2237 1079 2284 securum:
1123 2232 1171 2288 est
1184 2223 1275 2287 etiam
1289 2221 1427 2285 haeresis
1442 2218 1684 2282 calvinistarum.
1697 2217 1794 2280 llerbs
1818 2219 1898 2298 ejus
1920 2220 1990 2280 baec

216 2305 286 2384 qnia
303 2319 363 2366 nun
378 2308 463 2365 certo
479 2303 645 2377 sciebal,sc
660 2319 760 2366 rerem
773 2306 951 2368 charitatem
964 2311 994 2366 el
1006 2321 1079 2367 con·
1123 2313 1207 2371 sunt:
1228 2304 1377 2382 Quamuis
1391 2302 1494 2364 bonne
1503 2301 1612 2380 poerit.
1626 2301 1728 2380 piena
1738 2301 1803 2376 tide
1818 2319 1832 2375 ‚·
1854 2302 1937 2362 dico
1950 2309 1989 2361 ta-

213 2389 368 2451 lritioncm
385 2384 512 2459 babere,
525 2401 583 2448 nec
599 2386 714 2448 iecerat
729 2393 823 2450 tutum
839 2388 921 2468 qnod
935 2393 1054 2465 poterat
1069 2434 1077 2462 ,
1122 2405 1200 2452 men
1211 2391 1284 2451 aiae
1297 2387 1419 2450 vuibili
1427 2388 1643 2454 sacramento,
1658 2385 1709 2445 eci
1721 2385 1857 2461 reipsa,
1882 2383 1939 2446 aet
1950 2385 1990 2459 ot·

213 2473 250 2532 ed
266 2467 484 2532 remissionem
499 2477 693 2543 peccatorum
708 2469 1014 2550 accipiendamcarn
1028 2488 1079 2532 an·
1122 2471 1210 2551 iectu
1222 2471 1358 2550 pramdo
1373 2471 1584 2547 consequuta,
1597 2466 1776 2545 sina-apua
1786 2467 1909 2528 raim
1930 2483 1989 2528 esar

213 2561 275 2616 tem
288 2552 374 2614 dicit:
390 2547 527 2614 Peccata
541 2567 614 2614 mea
624 2552 967 2628 cerdaniensium
982 2554 1080 2633 ioqui·
1123 2559 1331 2633 ncnpotcrat
1345 2558 1403 2614 etc.
1425 2565 1505 2628 quse
1531 2555 1604 2612 suat
1627 2554 1754 2610 omnino
1779 2554 1990 2612 consentanea

212 2645 260 2700 tur
275 2635 446 2699 secundum
462 2633 683 2696 conscientiam
713 2653 800 2698 suem
817 2683 824 2708 ,
851 2635 919 2714 ipse
942 2635 1025 2697 enim
1040 2635 1080 2697 ita
1124 2638 1389 2715 mantuanensem
1406 2634 1496 2694 tradit
1509 2631 1675 2694 concilium
1688 2631 1900 2694 tridentinam
1916 2648 1991 2693 sess.

213 2717 416 2788 existimabat,
433 2731 491 2778 nec
507 2723 625 2795 poterat
641 2718 732 2778 bomo
749 2720 818 2794 pius
841 2725 872 2780 et
886 2719 1011 2780 immitis
1026 2721 1078 2780 eti·
1125 2719 1176 2782 ii.
1192 2735 1262 2798 cap.
1278 2717 1373 2780 bebi
1388 2715 1479 2778 docet
1492 2714 1709 2776 contritionem
1731 2714 1861 2793 quidem
1887 2729 1991 2776 recca

214 2809 259 2864 tor
275 2803 462 2875 existimere;
487 2815 549 2862 non
574 2804 674 2860 temen
706 2807 868 2879 propterea
894 2800 1035 2879 sequitur
1050 2802 1080 2863 id
1124 2803 1230 2864 cillere
1242 2797 1554 2863 bominembcoaate
1564 2798 1797 2874 susceptionem
1812 2812 1989 2860 sacramen·

216 2899 323 2952 lerum
338 2881 447 2944 luisse.
464 2879 536 2942 Nam
553 2888 583 2943 el
599 2882 738 2960 plerique
754 2890 941 2953 sanctorum,
960 2883 1078 2958 dicunt,
1124 2886 1159 2946 ti:
1172 2891 1275 2945 temen
1290 2897 1359 2945 eam
1372 2879 1655 2943 reconciliationem
1670 2894 1732 2941 non
1747 2895 1822 2940 csse
1852 2881 1990 2942 tribuen-

217 2981 252 3028 se
268 2964 419 3027 maximos
434 2976 506 3024 esse
522 2970 702 3039 peccatores
725 2971 756 3026 et
770 2966 881 3043 dignos
909 2965 1052 3045 gebenna
1070 2983 1080 3042 3
1124 2969 1195 3029 dam
1210 2967 1269 3028 soli
1283 2962 1472 3034 contritioni,
1488 2962 1544 3026 sed
1560 2960 1736 3024 contritioni
1758 2976 1832 3023 enm
1859 2969 1937 3024 rato
1950 2981 1991 3024 ss·

217 3057 248 3111 el
263 3049 335 3110 licet
348 3043 516 3107 merrdaces
530 3059 590 3106 non
608 3045 681 3118 sint,
699 3047 768 3123 auia
784 3047 891 3110 dicunt
911 3049 992 3128 quod
1008 3063 1081 3110 sen·
1125 3048 1274 3112 crementi
1288 3043 1502 3125 suscipiendi,
1528 3043 1610 3124 quod
1634 3051 1740 3106 sotum
1758 3060 1892 3124 semper
1912 3048 1945 3106 in
1959 3063 1992 3106 es

214 3131 306 3207 liant:
321 3127 431 3191 ialsum
449 3135 551 3193 temen
566 3127 635 3191 sine
650 3128 745 3192 dubio
760 3130 879 3193 dicunt.
1126 3131 1305 3195 includitur.
1784 3150 1788 3157 ·

256 3215 302 3277 de
318 3211 419 3273 locum
435 3209 557 3283 beanis,
574 3210 627 3291 qui
653 3213 695 3273 ait
716 3228 776 3275 non
799 3228 894 3292 posse
922 3212 1081 3277 bominem
1166 3210 1423 3291 Decimeseplima
1451 3208 1657 3283 ebracensi
1685 3224 1742 3286 per
1768 3210 1988 3273 scarduonem

221 3296 284 3359 beo
295 3293 489 3357 recorrcitiari
505 3292 573 3355 sine
595 3294 778 3358 sacerdotali
800 3296 1006 3372 absolutionc,
1024 3296 1082 3358 lle·
1126 3304 1252 3377 peccate
1265 3296 1627 3370 remittuntur,qnorsum
1643 3292 1787 3353 nomines
1800 3296 1930 3355 conuiti
1945 3297 1993 3355 ba·

218 3378 370 3458 spondeo:
387 3375 419 3435 td
436 3391 508 3439 esse
523 3375 770 3456 intelligendum,
786 3378 816 3439 in
829 3394 873 3448 re,
888 3380 935 3441 rei
952 3379 981 3439 in
998 3387 1080 3441 voto:
1125 3379 1288 3458 plicantur,
1310 3379 1359 3441 sei
1373 3374 1629 3439 reconciliantur
1653 3379 1686 3435 et
1711 3390 1818 3437 noane
1845 3376 1925 3437 tarsa
1949 3384 1994 3438 est

219 3476 290 3525 narn
305 3460 419 3522 ibidem
436 3457 543 3521 scribit
556 3458 630 3533 Leo,
647 3476 748 3521 veram
765 3461 998 3525 contessionem
1014 3463 1083 3523 nul·
1126 3463 1224 3525 torma
1240 3458 1437 3523 sacramenti:
1450 3458 1515 3536 bigo
1530 3464 1560 3519 te
1573 3458 1716 3536 baptizo,
1740 3458 1792 3518 rel
1806 3458 1991 3534 ebsoirmsi
2034 3447 2035 3476 ¹

218 3541 401 3607 temnentes
418 3555 532 3605 rnorem
548 3543 621 3620 pali,
639 3546 668 3603 ct
683 3541 752 3605 citat
765 3542 839 3605 iilud
855 3544 1082 3623 propheticum:
1127 3548 1154 3609 is
1165 3545 1229 3623 iarn
1245 3545 1326 3605 lotus
1340 3549 1371 3620 el
1384 3542 1545 3604 absolutus
1559 3547 1618 3612 cst,
1635 3540 1684 3602 cui
1700 3540 1746 3601 sic
1762 3539 1943 3619 loquimur?

221 3624 300 3689 dum
313 3638 459 3688 reuersus
472 3625 681 3702 ingemueris,
699 3630 775 3688 turre
789 3626 899 3689 satores
914 3627 989 3689 cris.
1168 3626 1365 3706 Respondes:
1380 3625 1607 3687 Sacramentum
1622 3640 1683 3685 non
1699 3622 1808 3684 trustra
1822 3626 1990 3702 suscipitur

262 3708 304 3769 td
320 3709 421 3769 locum
438 3706 577 3769 ilicberdi
592 3708 673 3768 dicu:
692 3707 829 3769 Eundem
852 3709 1035 3773 Richardum
1051 3708 1082 3771 in
1128 3709 1167 3771 ab
1182 3726 1232 3778 eo,
1249 3709 1301 3787 qui
1318 3723 1373 3784 per
1387 3722 1489 3768 reram
1500 3706 1717 3768 contritionem
1725 3704 1918 3783 justitiaetus
1932 3718 1987 3767 est.

221 3792 331 3855 codem
348 3789 426 3851 libro
441 3795 541 3854 semol
565 3791 731 3869 explicere.
748 3790 819 3851 Nem
835 3808 902 3871 cap.
920 3792 951 3853 i.
968 3792 1079 3866 docet,
1128 3793 1275 3863 Primum,
1292 3791 1363 3870 quie
1378 3795 1603 3851 sacramentnm
1624 3793 1715 3866 auget
1728 3790 1858 3865 gretiam
1873 3796 1909 3849 et
1922 3806 1985 3867 poe·

222 3874 322 3941 stetim
338 3880 430 3950 atquc
441 3870 554 3950 aliquis
570 3873 706 3951 perlecta
718 3874 754 3934 ed
769 3872 864 3935 Deum
881 3875 1081 3939 convertitur.
1128 3892 1197 3936 nem
1214 3874 1413 3951 temporalem
1427 3871 1564 3941 remittit,
1581 3871 1630 3931 vei
1645 3876 1749 3934 totam.
1766 3877 1799 3931 ut
1813 3871 1848 3931 in
1871 3871 1985 3950 Baptis-

222 3956 335 4019 remitti
351 3957 379 4017 ei
392 3960 509 4017 reulum
522 3970 640 4032 poenae
656 3957 878 4027 intercessise
895 3957 1002 4017 rnuteri
1019 3972 1084 4017 rea·
1128 3975 1190 4028 mo,
1205 3957 1252 4017 vel
1267 3973 1306 4017 er
1323 3962 1419 4033 parte,
1433 3954 1504 4014 utin
1520 3952 1725 4015 absolutione:
1742 3951 1895 4016 contritio
1910 3970 1987 4015 eorm

223 4048 286 4103 turre
302 4054 420 4118 poeitae
435 4044 579 4099 aeternae
594 4038 624 4099 in
637 4044 751 4101 reatum
761 4054 881 4116 poenae
894 4039 1083 4117 temporalis,
1128 4056 1198 4102 cum
1212 4039 1280 4100 solo
1295 4036 1477 4099 sacramenti
1493 4042 1571 4108 roto,
1588 4035 1710 4112 culpam
1725 4034 1853 4110 quidem
1869 4046 1986 4115 purgat,

225 4124 317 4185 ctiam
333 4126 403 4183 ante
429 4119 613 4183 sacramenti
639 4122 879 4199 susceptionem.
908 4121 943 4183 lit
968 4138 1036 4199 cop.
1052 4120 1084 4183 8.
1128 4123 1184 4184 scd
1196 4126 1314 4183 reatum
1326 4117 1812 4196 totiuspoenaetempomlisrero
1824 4118 1990 4181 admodum

226 4204 347 4267 scribit:
363 4202 448 4265 bicet
468 4218 524 4280 per
538 4202 753 4267 contritionem
781 4220 881 4281 poene
906 4210 1030 4265 aeterna
1045 4203 1084 4265 sil
1128 4204 1219 4266 tollit.
1235 4202 1392 4276 Secundo,
1408 4200 1477 4278 quia
1494 4216 1585 4261 nemo
1596 4207 1681 4261 certo
1695 4201 1777 4261 scire
1802 4208 1938 4277 potest,
1959 4218 1991 4261 se

225 4288 472 4357 r·emisse,lamen
484 4300 555 4348 rere
567 4287 656 4349 etiam
669 4286 780 4348 remitti
794 4304 849 4363 per
859 4287 1085 4349 absolutionem
1129 4303 1230 4349 reram
1245 4286 1458 4347 contritionem
1474 4284 1644 4358 babuisse;
1660 4289 1691 4343 et
1704 4281 1816 4343 attritio
1841 4302 1918 4345 cum
1933 4286 1994 4347 soto

225 4368 482 4447 sacerdotisque
499 4368 529 4429 in
546 4374 614 4429 voto
629 4375 660 4431 et
672 4376 760 4447 pecto
776 4370 867 4441 buius
882 4370 1087 4431 absolutionis
1133 4368 1316 4432 sacrementi
1332 4375 1401 4429 roto
1416 4380 1477 4427 non
1491 4365 1649 4446 justificat.
1664 4364 1771 4440 Ιιιιιι
1799 4372 1835 4427 ιι
1864 4370 1943 4443 nnis
1957 4368 1992 4427 de

225 4453 353 4514 remisse
367 4449 477 4513 iuerat.
492 4448 578 4521 Quae
595 4451 686 4529 igitur
700 4457 805 4529 postca
832 4453 916 4527 dicit,
947 4469 1016 4529 cap.
1035 4454 1084 4513 lo.
1129 4452 1240 4529 adeptu
1256 4448 1447 4527 induigentia
1463 4449 1603 4510 securior
1615 4447 1656 4509 ιιι
1670 4494 1678 4520 ,
1694 4448 1791 4511 debet
1816 4452 1927 4511 omnia
1947 4450 1993 4509 illc

228 4534 409 4597 charitatem
425 4534 596 4596 consistere
611 4549 680 4595 cum
696 4538 781 4595 reatu
797 4550 915 4611 poenae
930 4540 1085 4612 aeternae:
1130 4535 1267 4597 remedia
1282 4531 1531 4608 adbibere,auee
1545 4531 1629 4591 beus
1643 4529 1681 4592 sd
1693 4534 1817 4609 peecata
1836 4536 1996 4611 purganda

227 4634 290 4681 nort
307 4622 355 4677 cst
377 4615 622 4693 intelligendum,
637 4622 671 4677 nl
685 4619 774 4677 rerba
791 4632 902 4679 sonere
918 4618 1059 4678 ridentur
1076 4658 1084 4689 ,
1114 4611 1273 4677 instituit.
1289 4614 1403 4687 tertio,
1415 4615 1487 4689 auia
1500 4621 1621 4691 pactum
1637 4613 1767 4690 implere
1787 4612 1900 4685 debet,
1917 4617 1996 4692 quod

226 4700 284 4767 scd
300 4714 413 4761 sensus
428 4698 496 4778 rjus
511 4704 568 4769 est,
600 4699 713 4761 babere
744 4699 899 4760 borninem
926 4714 994 4759 aare
1016 4716 1086 4760 rere
1130 4714 1202 4761 cnm
1218 4699 1281 4760 beo
1294 4695 1521 4775 quodammodo
1536 4696 1664 4774 pepigit,
1681 4697 1734 4773 nni
1757 4712 1813 4773 per
1828 4703 1939 4759 votum
1955 4716 2000 4759 sa·

228 4784 375 4845 alteritate
390 4781 489 4843 adbuc
505 4781 642 4843 debitum
658 4782 764 4845 urortis
780 4789 935 4851 aeternae,
962 4782 1086 4859 quando
1131 4780 1277 4843 crementi
1292 4794 1350 4841 sno
1366 4786 1504 4856 tempore
1518 4778 1723 4857 suscipiendi,
1740 4778 1871 4857 gratiam
1889 4798 2000 4843 recon-

229 4882 290 4927 ιιι
303 4866 441 4943 suscepit
455 4868 523 4925 ectu
539 4866 863 4941 sacramentumque
880 4864 1016 4927 nondum
1034 4865 1088 4923 im·
1131 4863 1299 4925 ciliatiouis
1312 4859 1443 4939 accepit.

229 4948 325 5027 pletit
338 4951 501 5025 pactumet
515 4946 661 5019 salumin
674 4962 735 5024 ιιι
747 4946 874 5009 remisse
886 4950 958 5007 sieut
972 4946 1000 5006 ci
1017 4961 1088 5023 pec·
1173 4944 1277 5023 Neque
1292 4944 1388 5006 torma
1403 4942 1584 5005 sacramenti
1597 4942 1736 5005 redditur
1748 4942 1838 5005 tatae.
1854 4942 1935 5007 bam
1950 4948 1999 5025 qui

229 5036 341 5106 calmet
355 5030 382 5091 si
397 5044 433 5091 cx
450 5028 633 5107 negligentia
650 5035 771 5107 pentum
787 5029 861 5089 iliud
878 5042 937 5089 nou
951 5028 1087 5102 impleat,
1133 5026 1219 5089 dicit:
1235 5026 1299 5105 ligo
1314 5033 1344 5090 te
1359 5026 1490 5104 baptiso,
1505 5026 1554 5087 rel
1568 5026 1708 5098 absdro,
1723 5042 1788 5087 non
1816 5026 1956 5089 affirmat
1969 5044 2001 5088 se

226 5112 434 5191 proculdubio
449 5110 656 5173 damnandum
671 5157 679 5185 ,
698 5126 758 5173 non
775 5112 844 5190 quie
861 5124 921 5173 nou
948 5110 1090 5172 babuerit
1132 5109 1275 5173 absolute
1289 5109 1445 5188 baptizare
1459 5108 1508 5171 ret
1522 5108 1769 5182 abscisorc,cnm
1784 5123 1848 5171 aaa
1863 5110 2002 5189 ignoret.

224 5203 300 5259 ante
316 5194 531 5257 remissionem
548 5200 742 5271 peccalorum
760 5240 767 5268 ,
795 5195 850 5255 sed
880 5196 950 5273 quia
967 5200 1088 5271 pactum
1134 5193 1239 5255 multis
1253 5192 1353 5255 modis
1366 5190 1433 5254 beri
1448 5206 1552 5268 posse,
1570 5197 1604 5251 ut
1617 5206 1720 5268 nenne
1735 5190 1883 5269 baptizet,
1899 5203 2002 5272 nenne

231 5296 293 5341 ιιι
309 5276 450 5339 servarit.
465 5275 500 5338 ld
512 5293 583 5339 reru
598 5293 636 5338 ex
650 5292 685 5337 ee
697 5276 911 5339 similitudine.
926 5292 1016 5355 nuum
1033 5276 1090 5339 ibi·
1126 5275 1281 5348 abscissi,
1298 5274 1371 5338 ticet
1383 5290 1420 5337 ee
1434 5274 1526 5337 rerba
1542 5276 1736 5352 pronunciet,
1746 5272 1896 5337 nimirum
1912 5278 1943 5338 si
1965 5278 2002 5347 is,

230 5362 301 5423 doru
317 5359 452 5428 adducit,
469 5358 663 5439 apertissime
679 5358 845 5438 colligitur.
862 5358 933 5420 Nam
959 5358 1089 5439 probaro
1133 5357 1188 5435 ιιι
1201 5363 1424 5421 sacramentum
1437 5358 1600 5433 suscipere
1611 5356 1731 5419 ridetur
1744 5404 1754 5433 ,
1769 5356 1856 5419 torte
1866 5374 1935 5420 non
1951 5359 2003 5420 bs·

230 5444 351 5517 votens,
367 5441 544 5505 charitatem
566 5440 737 5505 consistere
752 5459 822 5505 cum
849 5441 954 5505 debito
982 5442 1089 5503 mortis
1130 5440 1204 5503 beat
1216 5439 1409 5520 suscipiendi
1422 5439 1635 5513 intentionem,
1657 5439 1705 5503 rei
1718 5456 1779 5503 uon
1805 5439 1848 5502 sit
1862 5441 1926 5503 rite
1940 5442 2002 5503 dis-

233 5532 387 5599 actcrnre,
402 5523 498 5587 dicit:
515 5523 701 5587 Petriercbas
716 5530 747 5585 et
762 5524 926 5603 propbetas
941 5540 1010 5585 cum
1027 5540 1089 5585 ma·
1134 5524 1265 5601 positus,
1295 5530 1348 5587 sul
1362 5523 1485 5585 obicem
1509 5527 1615 5601 ponat.
1641 5520 1739 5600 lgitur
1761 5522 1913 5585 minister
1940 5526 2003 5585 illu

232 5623 291 5680 gne
307 5608 453 5671 alteritate
466 5608 507 5669 de
521 5608 577 5669 bac
592 5606 648 5669 vita
665 5607 814 5686 migrasse
839 5614 869 5667 ct
891 5612 990 5668 temon
1006 5622 1089 5667 man·
1134 5606 1238 5670 verbis
1250 5605 1327 5669 nibil
1342 5606 1424 5668 aliud
1438 5604 1667 5684 significatmlsi
1681 5620 1729 5677 se,
1744 5605 1828 5683 quod
1840 5607 1875 5666 in
1889 5622 1931 5667 se
1943 5615 2004 5675 est,

234 5688 409 5767 sisscepud
425 5690 620 5751 interessem
635 5689 739 5751 debito
753 5689 1090 5765 morlisaelernsc,‹lo·
1134 5694 1359 5753 sacrarncnlum
1369 5686 1630 5751 reconciliationis
1651 5688 1700 5751 rel
1722 5688 1935 5752 absolutionis
1952 5693 2006 5749 im
