4084 6275
850 313 1098 375 ttonnsaxrus
1453 301 1465 328 ·
1743 324 1793 378 aar

136 449 282 515 Secunda
305 447 487 529 propositio:
513 447 723 527 δεεῆεῖειεεε
745 449 864 512 misane
884 464 956 515 aon
1000 448 1102 513 tiones
1116 452 1186 511 anto
1201 449 1380 523 orationum,
1397 452 1538 519 utoratio
1559 454 1678 521 tacitius
1703 455 1860 538 impetrat,

93 535 436 612 icbetoimeacopere
461 540 594 612 operato
618 536 665 596 ad
686 533 820 595 modum
842 548 953 595 socru·
997 533 1081 595 unde
1096 540 1143 595 ast
1157 532 1232 594 ittad
1249 534 1380 613 Virgilii:
1748 584 1751 591 r

0 611 1 624 ¹
91 616 431 694 mentonem-Explica
446 618 701 696 propositionem.
716 615 782 677 iton
807 621 953 692 operatur

92 701 279 770 sacrificium
291 697 465 761 ,efficienter
476 707 508 761 et
522 699 814 777 immediatumeque
825 702 874 761 ast
883 714 953 777 pro·
1068 707 1574 783 Acarnanamtcaotc,pracaaqnar
1611 731 1614 744 ·

0 798 1 801 ¹
91 784 161 862 pria
177 785 414 845 instrumentum
428 780 790 860 Deiadjustiiicandum.
813 779 847 843 ld
870 781 953 860 quod
1853 819 1856 832 .

90 868 185 928 docet
198 865 363 927 concilium
378 864 589 939 tridentinum,
605 880 685 927 sess.
698 865 750 925 22.
765 881 834 942 cup.
850 863 882 924 2.
898 865 951 926 ubi
1038 861 1137 935 duan
1151 867 1232 927 siout
1253 863 1359 937 oratio,
1377 863 1450 927 licet
1473 870 1570 946 possit
1596 884 1667 933 esso
1694 873 1859 950 meritorio,

87 951 175 1016 dicit,
194 964 248 1025 per
263 949 324 1011 buc
337 946 523 1009 saaridoium
551 954 675 1024 peecata
700 946 791 1008 etiam
815 946 950 1025 ingentia
993 954 1145 1021 quatenus
1161 946 1194 1007 [ιι
1208 948 1246 1007 ab
1263 948 1394 1034 bomine
1407 948 1506 1027 justo,
1524 958 1566 1013 ει
1592 968 1629 1015 ex
1652 954 1808 1029 charitate,
1827 965 1858 1019 ει

88 1033 212 1104 dimitti,
229 1032 302 1106 quia
317 1030 399 1092 Deus
413 1030 473 1091 boc
487 1029 640 1092 saoridciu
655 1029 804 1106 placatus,
820 1030 949 1108 gratiam
994 1028 1086 1089 simut
1101 1030 1192 1091 ctiam
1207 1030 1417 1100 satisfactoria,
1435 1038 1588 1111 quatenus
1605 1043 1653 1096 ast
1679 1052 1757 1115 opus
1774 1040 1859 1101 taba-

88 1122 120 1175 et
131 1116 251 1174 donum
266 1112 473 1190 poarritentiae
487 1114 641 1174 concedit.
657 1112 721 1175 tion
735 1112 951 1191 igitursacriii·
994 1109 1123 1186 riosum;
1140 1118 1239 1175 tamen
1256 1128 1293 1173 ex
1307 1128 1354 1183 sc,
1371 1119 1402 1175 et
1416 1128 1452 1175 ex
1468 1119 1591 1195 proprio
1604 1118 1703 1183 officio
1717 1121 1862 1199 inrpetra·

88 1199 171 1257 ciurn
186 1196 361 1257 immediata
373 1193 530 1273 justificat,
547 1199 580 1256 ut
599 1195 774 1273 Baptismus
798 1199 830 1256 et
855 1194 951 1260 abso-
993 1194 1069 1254 toria
1084 1201 1142 1257 ast:
1156 1196 1203 1257 sic
1217 1194 1307 1257 etiarn
1322 1195 1518 1267 sacrificium,
1537 1202 1618 1279 quod
1635 1209 1683 1263 εει
1707 1206 1856 1283 quaedam

87 1280 166 1341 tutio
188 1279 315 1351 taciani:
341 1278 396 1338 sad
421 1278 537 1339 dunum
562 1277 769 1356 paenitentiae
794 1278 949 1355 impetrat,
993 1276 1101 1347 oratic,
1119 1280 1209 1339 utsic
1224 1278 1335 1349 dicam,
1351 1279 1455 1351 neatis,
1472 1296 1534 1341 nun
1559 1283 1704 1358 rerbaiis,
1732 1290 1856 1366 proprie

84 1378 145 1441 per
158 1360 242 1440 quod
257 1362 349 1422 borno
363 1367 509 1438 peccator
521 1359 559 1420 ad
574 1363 799 1423 sacramentum
821 1361 949 1421 acceda-
993 1356 1236 1436 impetratorium
1253 1366 1311 1421 est
1549 1410 1550 1421 ,
1571 1396 1573 1405 1

86 1462 123 1506 re
137 1446 221 1513 vetit,
239 1451 270 1506 ει
284 1443 425 1521 puritiud
439 1442 637 1521 justificetur.
654 1442 740 1516 Quod
756 1444 839 1503 idem
859 1450 948 1503 antea
1035 1442 1177 1503 Secundo
1192 1442 1427 1521 probatur:Quia
1443 1445 1627 1509 sacrificium
1644 1449 1756 1512 missae
1769 1468 1857 1529 prae·

85 1529 235 1589 docuerat
247 1543 276 1589 s.
291 1525 425 1587 'ihomas
439 1528 470 1585 ia
486 1523 517 1585 d.
534 1530 668 1587 sentent.
683 1525 756 1587 dist.
770 1526 946 1604 t20quaest.
992 1521 1114 1601 cipuam
1136 1526 1194 1585 rirn
1218 1527 1319 1598 babet,
1344 1532 1376 1587 nt
1396 1544 1413 1589 a
1435 1528 1555 1590 christu
1577 1546 1698 1594 summu
1713 1538 1856 1597 sacerdu-

2 1677 3 1682 ἵ
85 1610 118 1671 2.
135 1617 191 1670 art.
204 1610 237 1672 2.
252 1616 372 1687 quaest.
388 1609 420 1669 2.
436 1608 474 1669 ad
488 1608 520 1669 i.
537 1608 591 1669 ubi
604 1607 690 1682 dicit,
704 1606 887 1669 sacrificium
897 1608 946 1685 ju·
993 1612 1023 1666 tu
1037 1605 1173 1669 offertur.
1190 1606 1328 1670 Christus
1343 1615 1443 1672 autam
1461 1628 1559 1684 nuno,
1572 1628 1629 1674 nac
1643 1618 1766 1689 mereri,
1796 1634 1854 1679 naa

86 1691 223 1755 stidcare
236 1708 303 1762 eos,
320 1706 374 1768 pro
389 1691 503 1768 quibus
517 1690 654 1763 offertur,
672 1707 733 1753 non
750 1695 791 1752 ut.
803 1706 947 1752 caussam
991 1688 1169 1752 satistrccrc
1185 1697 1297 1768 potest,
1313 1694 1369 1753 scd
1384 1693 1485 1754 sutum
1501 1695 1676 1772 impetrare:
1692 1699 1784 1776 igitur
1798 1700 1855 1761 irn-

86 1774 270 1855 prurimnm,
286 1774 341 1835 sed
356 1771 472 1835 dunum
487 1773 680 1847 contritionis
694 1773 899 1851 impetrando.
989 1773 1119 1850 patratio
1135 1820 1143 1847 ,
1160 1776 1283 1853 propria
1310 1782 1359 1835 εει
1384 1776 1478 1853 buius
1505 1776 1653 1839 sacrificii
1675 1781 1720 1848 ris
1742 1788 1772 1843 ει
1793 1782 1856 1844 eiii·

128 1858 213 1931 Quae
237 1856 390 1918 sententia
414 1872 442 1917 s.
470 1855 604 1922 Tbumae
627 1862 659 1919 et
682 1855 819 1929 concilii,
845 1854 946 1917 Primo
991 1854 1117 1916 aientia.
1626 1920 1628 1925 ,

85 1940 247 2018 probatur,
263 1939 335 2017 quin
350 1936 580 1999 sisacrisscium
606 1939 781 2001 immediate
800 1937 950 2017 justifica·
1032 1936 1129 2015 Atque
1144 1937 1217 2001 binc
1233 1939 1286 2001 tria
1303 1946 1485 2016 sequuntur,
1514 1958 1594 2019 quae
1618 1944 1655 2005 ad
1683 1960 1746 2007 ram
1775 1948 1854 2008 banc

85 2030 146 2095 ret,
164 2022 335 2099 requireret
349 2022 527 2081 necessario
542 2023 694 2100 praetium
710 2021 945 2099 dispositionem
991 2016 1200 2082 ittustrrndam
1217 2039 1278 2083 non
1295 2038 1399 2099 parurn
1427 2024 1553 2086 iaciunt.
1580 2026 1714 2088 Prinrurn
1737 2038 1794 2099 est,
1812 2030 1857 2091 di·

1 2125 3 2150 ι
86 2108 118 2167 in
136 2122 185 2178 eo,
203 2120 258 2181 pro
272 2118 335 2183 quo
348 2101 532 2165 sacrificium
548 2102 719 2167 offerretur.
747 2103 833 2177 Quod
856 2103 883 2163 si
899 2119 947 2165 ru·
989 2102 1503 2168 scrimcnesscintersauriflcium
1521 2108 1633 2170 missac
1659 2114 1690 2171 ri
1710 2112 1854 2175 sacriflci-

1 2194 3 2232 ι
87 2205 154 2251 rum
171 2194 267 2260 esset,
284 2201 345 2248 non
361 2186 469 2247 liceret
482 2185 668 2249 sacrificium
689 2185 801 2248 offerre
826 2202 881 2263 pro
897 2187 946 2257 iis,
993 2187 1174 2258 amareris,
1192 2193 1345 2267 quatenus
1360 2204 1375 2247 a
1393 2186 1512 2250 Christo
1535 2196 1697 2269 utrumque
1723 2194 1857 2257 obtatunr

86 2288 166 2349 quos
182 2272 300 2332 scimus
314 2270 346 2330 in
361 2274 488 2346 peccato
503 2269 636 2331 libenter
650 2285 787 2336 manere,
814 2284 874 2329 uec
893 2285 947 2346 pro
991 2273 1050 2327 εει.
1068 2266 1139 2328 Nam
1156 2270 1341 2332 sacrificium
1356 2272 1458 2332 crucis
1476 2272 1532 2332 iuit
1545 2274 1743 2349 meritorium,
1771 2280 1857 2339 satis·

1 2375 3 2386 ·
86 2352 246 2415 obduratis
262 2361 293 2413 ει
307 2351 593 2428 impoenitentibus:
608 2368 737 2430 quorum
760 2357 861 2413 tamen
876 2366 948 2411 oon·
990 2348 1149 2411 iactorium
1178 2360 1209 2414 et
1223 2352 1467 2430 impetratorium
1495 2370 1566 2415 veru
1582 2363 1612 2416 ct
1632 2360 1767 2436 proprie,
1785 2362 1858 2439 quia

1 2443 3 2480 ι
88 2436 212 2498 trarium
228 2434 435 2498 certissimum
451 2440 509 2495 ast:
525 2440 692 2512 peccarent
704 2434 807 2508 etiam,
825 2433 877 2511 qui
893 2450 948 2511 pro
992 2430 1131 2494 Christus
1148 2440 1220 2497 tunc
1237 2436 1373 2497 mortalis
1391 2443 1466 2507 erat,
1494 2444 1524 2499 ει
1540 2439 1657 2500 mereri
1682 2457 1718 2502 ac
1742 2443 1860 2504 satista-

1 2543 3 2550 ’
86 2517 323 2579 sasacriiictum
350 2514 453 2576 uiierri
479 2524 631 2593 peterent,
658 2517 717 2579 nisi
742 2516 836 2579 simul
861 2517 947 2600 saud
991 2518 1409 2592 cerapoteratzsaoridcium
1427 2521 1552 2591 missae,
1572 2521 1707 2598 nardini,
1733 2526 1859 2603 propria

1 2617 3 2646 t
85 2603 215 2676 qratiam
241 2599 451 2677 recipiendam
477 2606 705 2679 praepararant3
730 2602 812 2677 quud
837 2598 947 2660 ialsuni
991 2596 1092 2657 sulum
1111 2608 1158 2661 εει
1171 2600 1423 2678 inrpatratorium,
1440 2600 1510 2681 quia
1538 2602 1683 2667 Christus
1707 2622 1790 2669 nunc
1805 2610 1859 2669 im·

1 2693 3 2734 ι
85 2698 173 2753 εεεε,
190 2696 282 2743 nemo
297 2680 426 2743 dubitat.
991 2682 1142 2753 mortuiis,
1161 2686 1356 2755 neumarert,
1374 2698 1432 2746 aec
1446 2686 1626 2749 satisfacere
1654 2694 1766 2765 potest.
1784 2689 1859 2753 Cum

1 2787 2 2796 ι
127 2766 273 2826 Secundo
288 2765 434 2841 probatur
447 2778 485 2824 ex
500 2762 650 2825 sacrificio
664 2763 847 2827 crucisiiun
862 2762 945 2825 cuim
991 2766 1093 2823 auteur
1109 2763 1219 2825 dicitur
1235 2767 1478 2844 propitiatorium
1497 2767 1546 2828 rai
1562 2769 1812 2844 satisfactorium,
1827 2776 1856 2835 id

1 2875 2 2878 ¹
85 2849 233 2908 maiorem
258 2847 317 2905 rim
338 2845 462 2906 babere
486 2853 587 2921 potest
610 2846 794 2909 sacridcium
820 2846 946 2914 musae,
990 2851 1039 2905 est
1054 2846 1291 2923 intelligendum
1311 2849 1428 2909 ratione
1444 2849 1489 2911 rei
1508 2866 1586 2927 quae
1602 2852 1792 2929 impetratur.
1808 2856 1858 2917 lii·

1 2979 2 2984 ,
85 2927 507 3013 quant'sucriiiciumcrucis,
530 2944 599 2989 cunr
625 2928 808 2993 sacrificium
834 2928 948 2991 missae
994 2931 1073 2989 attur
1089 2928 1172 2989 eninr
1189 2929 1446 3008 propitiatorium,
1462 2932 1533 3010 quia
1550 2934 1693 3011 impetrat
1706 2934 1881 3001 remissic-¹

1 3041 3 3050 ‚
83 3014 148 3072 rim
165 3028 251 3073 suam
277 3011 418 3071 habenta
443 3010 596 3072 saoriiicio
621 3012 735 3081 crucis,
761 3011 947 3073 sacrificium
993 3026 1064 3071 netu
1080 3010 1861 3094 cuipae;satisfactorium‚quinimpetrationiissio·

86 3102 190 3156 autern
207 3093 309 3154 crucis
324 3108 385 3154 nnn
414 3091 583 3156 efficienter
597 3100 628 3157 ot
641 3092 817 3157 immediate
836 3092 948 3175 justifi-
991 3108 1211 3169 campeanam
1241 3094 1444 3172 meritorium,
1462 3098 1540 3176 quia
1566 3097 1708 3176 impetrat
1732 3102 1858 3180 gratiam

1 3194 2 3227 t
87 3176 951 3254 ararit,sedtantumimpetratoriaetmeritoria,atiuqui
992 3176 1209 3238 beneiacienrti
1245 3196 1281 3240 ac
1317 3180 1421 3240 merita
1448 3179 1644 3257 anquirendi.
1674 3182 1862 3265 Quamquam

87 3277 199 3321 omnes
214 3261 359 3320 bumines
373 3262 521 3320 contiuuo
532 3259 606 3340 justi
622 3258 723 3321 effecti
746 3268 862 3333 essent,
878 3275 947 3322 cum
995 3273 1056 3320 nun
1074 3261 1259 3338 negauerim,
1278 3261 1339 3323 dici
1355 3262 1446 3322 ctiam
1461 3262 1708 3339 satisfactorium,
1726 3269 1807 3346 quod
1824 3285 1861 3330 ut

1 3376 2 3385 κ
90 3343 240 3403 iiominus
256 3357 312 3419 pru
326 3341 472 3404 omuibus
487 3341 665 3403 bominibus
679 3359 715 3405 se
729 3342 792 3403 beo
809 3342 841 3404 in
856 3347 951 3406 sacri·
994 3339 1106 3402 Christi
1121 3343 1315 3406 institutione
1331 3359 1387 3421 per
1402 3343 1585 3407 sacrificium
1604 3348 1663 3408 buc
1689 3351 1861 3427 applicetur

89 3426 197 3485 ticiom
212 3425 369 3485 obtuterit.
397 3423 568 3496 Praeterea,
594 3425 676 3502 quod
701 3441 762 3486 non
787 3433 835 3487 εει
855 3427 947 3502 inre,
993 3423 1135 3502 ejusdam
1150 3423 1262 3488 Christi
1279 3427 1382 3504 passio
1404 3426 1442 3488 ad
1469 3441 1585 3504 poenas
1611 3429 1776 3507 tollendas,
1801 3449 1858 3496 scu

89 3524 152 3568 non
172 3515 273 3586 potest
286 3506 456 3568 efficienter
473 3505 607 3584 opemri.
633 3506 822 3570 Sacrificium
848 3511 948 3574 crucis
992 3505 1170 3580 urentium,
1186 3523 1242 3570 seu
1259 3515 1460 3581 mortuorum,
1478 3526 1557 3589 quae
1572 3518 1642 3588 pust
1668 3514 1788 3592 cuipam
1813 3534 1861 3579 re·

88 3593 182 3652 rnado
199 3607 259 3650 non
275 3597 323 3651 εει
338 3589 368 3650 in
384 3605 429 3660 re,
445 3591 502 3650 sed
518 3593 617 3651 sutum
633 3590 664 3650 in
685 3595 789 3651 menta
813 3591 865 3652 bei
881 3608 949 3670 pro·
988 3591 1118 3651 missam
1134 3590 1298 3667 aliquando
1314 3597 1484 3668 remanent,
1501 3592 1550 3653 vai
1565 3591 1596 3654 in
1612 3594 1671 3656 baa
1686 3595 1807 3670 tiranni
1827 3600 1875 3660 in'

85 3673 160 3734 inde
175 3689 237 3733 non
252 3678 397 3750 operatur
410 3669 591 3733 efficienter.
606 3670 644 3733 Ut
658 3671 751 3751 igitur
763 3673 946 3738 sacrificium
992 3672 1172 3750 purgatorio
1184 3673 1328 3736 luendae.

87 3757 189 3817 crucis
205 3772 266 3817 non
281 3752 460 3833 Justiiidurit
475 3754 650 3816 immediate
678 3763 869 3833 peccatores,
891 3761 946 3821 sed
1036 3755 1215 3817 Secundum
1231 3764 1291 3818 ast:
1309 3756 1354 3820 td
1371 3753 1555 3824 sarriiicium
1571 3757 1694 3832 missae,
1711 3761 1785 3822 ticet
1799 3779 1860 3826 nun

86 3839 217 3915 placarit
231 3839 326 3898 baum
342 3843 373 3896 ει
388 3838 570 3915 impetrarit,
600 3844 634 3898 ut
649 3837 821 3915 perdebito
846 3842 947 3904 media
992 3838 1031 3898 sit
1048 3840 1224 3900 necessaria
1244 3840 1367 3901 bonitas
1382 3838 1517 3900 ministri
1535 3837 1817 3915 oiierentis,tamen
1833 3863 1863 3907 a·

86 3926 267 3998 peccatores
282 3922 318 3979 ud
345 3919 474 3980 satutant
500 3920 756 3996 perducerentur:
781 3919 830 3982 sic
855 3924 946 3986 etiam
992 3921 1106 3998 iioujus
1121 3919 1281 3985 odorantis
1297 3921 1466 3983 bonitatem
1485 3923 1662 3986 necessario
1677 3927 1859 4003 requiri,Sa-

86 4001 272 4064 sacrificium
289 4001 403 4063 missac
418 4016 479 4062 nnn
498 4000 648 4080 justitient
671 4001 816 4063 homines
840 4004 947 4068 imme·
991 4002 1140 4066 cridciunr
1156 4004 1250 4078 enirn,
1269 4021 1338 4066 cum
1364 4004 1400 4064 ad
1429 4005 1675 4082 impetrationem
1699 4009 1813 4078 tendat,
1830 4019 1861 4074 ει

86 4086 182 4158 dioto,
197 4086 253 4146 sed
269 4086 420 4161 impetrat,
436 4090 470 4146 ut
483 4099 520 4145 ex
541 4085 652 4146 marito
677 4083 819 4148 sacrificii
844 4090 947 4151 crucis
992 4085 1093 4148 simile
1109 4086 1150 4146 sit
1163 4087 1304 4160 orationi,
1321 4085 1346 4150 si
1354 4102 1392 4148 ne
1408 4085 1502 4148 dubio
1519 4103 1580 4149 non
1597 4096 1699 4167 potest
1721 4091 1857 4168 placere,

86 4170 178 4229 detur
192 4167 370 4229 bominibus
384 4169 477 4246 qratia
492 4172 524 4229 et
538 4168 653 4229 donum
666 4168 886 4244 poeniteutiae.
992 4183 1052 4229 nac
1066 4169 1243 4247 impetrare,
1259 4168 1320 4232 nisi
1336 4167 1471 4231 offerens
1488 4169 1619 4246 placeat:
1636 4172 1720 4234 unda
1735 4174 1857 4248 dicitur,

129 4250 231 4312 Tertio
247 4250 403 4327 probatur:
427 4249 503 4322 Quin
527 4249 564 4311 ad
590 4257 750 4328 peccatum
776 4251 950 4316 immediate
991 4251 1069 4312 den.
1086 4250 1117 4312 4.
1133 4252 1284 4328 imponit
1306 4254 1390 4314 beas
1415 4253 1461 4314 nd
1484 4251 1568 4328 toci,
1596 4259 1626 4315 et
1651 4255 1859 4320 adaccaro

84 4333 270 4404 tollendum,
287 4334 419 4394 instituta
445 4338 519 4393 sunt
542 4339 731 4396 sacramenta
756 4333 901 4412 baptismi
918 4344 950 4398 et
993 4334 1075 4413 eius.
1091 4332 1324 4413 Nequeubstat,
1340 4334 1423 4412 qood
1440 4333 1471 4395 in
1487 4334 1638 4400 sacrificio
1661 4337 1785 4413 missae,
1808 4357 1859 4403 ras

85 4415 309 4492 Paenitentiam
324 4416 400 4476 itiud
416 4431 472 4494 pro
487 4412 678 4490 infidelibus,
695 4416 754 4477 boc
774 4433 831 4494 pru
847 4415 950 4480 tinett-
994 4419 1071 4494 ipsa,
1088 4433 1168 4495 quae
1184 4416 1321 4494 offertur,
1341 4433 1379 4478 ex
1394 4432 1429 4479 se
1443 4416 1508 4479 Dan
1523 4420 1694 4495 gratissima
1710 4427 1769 4482 cst.
1785 4421 1858 4484 darn

85 4499 159 4574 bus3
176 4499 240 4560 sire
255 4498 331 4560 iiiud
347 4512 404 4576 pro
417 4496 570 4575 originali,
588 4497 647 4560 buo
665 4513 721 4577 pro
746 4500 855 4562 actnaii
871 4502 950 4561 ditu·
991 4515 1056 4568 non
1072 4515 1122 4561 ras
1137 4500 1200 4574 itta,
1216 4501 1272 4562 sad
1290 4501 1333 4562 rei
1352 4499 1436 4562 itlius
1452 4499 1565 4562 oblatio
1592 4502 1715 4585 proprie
1740 4507 1856 4566 sacriti-

87 4583 181 4641 endo:
199 4595 259 4642 non
276 4580 370 4661 igitur
386 4579 535 4642 credibile
549 4586 598 4642 est
612 4582 649 4642 ad
665 4582 798 4643 cundem
824 4599 951 4660 prorsus
993 4583 1075 4644 cium
1091 4587 1150 4658 est3
1168 4582 1352 4646 sacrificium
1366 4585 1450 4645 enim
1465 4589 1513 4645 εει
1526 4583 1616 4658 antio,
1634 4601 1694 4646 non
1718 4601 1768 4647 res
1788 4604 1855 4665 per-

87 4662 231 4725 edentum
248 4665 420 4726 institutum
435 4677 507 4726 esse
522 4663 605 4726 atiud
621 4664 768 4737 medium,
784 4665 949 4728 sireniiam
993 4681 1136 4728 monens.
1152 4663 1244 4726 Porro
1259 4666 1331 4728 ticet
1345 4682 1397 4728 ras
1413 4667 1478 4744 ipsa
1495 4666 1614 4745 placeat
1629 4683 1665 4728 er
1691 4683 1738 4737 se,
1756 4675 1856 4732 tamen

86 4761 228 4807 caussam
244 4764 260 4807 a
275 4746 351 4822 beo,
368 4747 419 4825 qui
436 4748 536 4808 omnia
554 4745 623 4807 iacit
637 4747 668 4807 in
681 4762 822 4823 numero,
835 4751 951 4826 pundo-
994 4749 1108 4809 oblatio
1124 4749 1169 4809 rei
1197 4763 1256 4810 nun
1283 4749 1396 4827 piacet,
1423 4749 1482 4810 nisi
1508 4747 1643 4812 aderens
1669 4745 1797 4828 placeat,
1823 4769 1859 4814 ac

84 4843 121 4890 re
135 4834 167 4889 et
183 4845 337 4890 mensura.
361 4869 366 4882 .
494 4865 498 4871 »
994 4834 1177 4909 praesertim
1192 4831 1267 4902 ban,
1285 4831 1374 4910 cujus
1388 4838 1460 4892 sunt
1474 4831 1588 4900 dnrnia,
1606 4837 1637 4893 ει
1652 4834 1704 4910 qui
1728 4834 1809 4894 natta
1826 4853 1858 4896 rc

127 4911 226 4973 Tertia
242 4911 423 4990 propositio:
438 4910 648 4990 Sacrificium
672 4912 881 4976 misaac-cim
894 4913 951 4976 ito·
995 4913 1228 4994 indigctndndc
1243 4915 1274 4976 in
1290 4914 1451 4994 eranqeiio
1467 4914 1538 4992 ptus
1553 4914 1748 4992 piaouitDeo
1774 4917 1858 4980 obta-

85 4993 137 5056 bat
147 5010 209 5072 par
223 4997 357 5056 modurn
369 4995 652 5072 impetrottocinet
667 4995 737 5076 ejus
756 4998 894 5074 propriu
907 4998 952 5076 e(-
996 4997 1037 5058 tiu
1052 5003 1181 5059 duorum
1197 4997 1382 5060 minutorum
1398 5015 1414 5057 a
1431 5004 1534 5057 sancta
1549 4993 1638 5076 ¹vidua
1654 4996 1741 5072 iacta,
1766 5015 1856 5077 quam

84 5077 234 5153 (iniectio
248 5084 294 5139 eat
305 5078 491 5156 impetrare.
509 5078 655 5140 Probatur
667 5077 778 5149 Primo,
791 5080 862 5156 quin
874 5081 952 5143 iraec
994 5079 1167 5154 oblationes
1183 5081 1346 5142 muitarum
1363 5095 1525 5140 aureorum
1542 5095 1736 5141 nummorum
1750 5081 1788 5143 ab
1804 5083 1857 5163 by·

1 5230 2 5233 ,
85 5168 136 5222 εει
151 5158 314 5222 efficientia
330 5159 471 5221 sacridcii
488 5162 518 5220 in
535 5166 698 5238 permeat
713 5162 843 5239 proinde
857 5161 950 5240 b'uJ‘us
995 5163 1121 5239 pooritis
1136 5169 1166 5222 ct
1181 5162 1324 5241 superbis
1341 5162 1449 5222 iactae:
1466 5162 1604 5238 quamtis
1620 5164 1750 5224 caeteris
1775 5169 1854 5243 pari·
1871 5167 1874 5174 '

86 5244 179 5304 ctiam
195 5242 349 5304 sacribcii:
366 5242 549 5304 saoriiioiuru
565 5244 646 5304 onim
669 5246 793 5322 proprie
820 5246 947 5320 orantis,
995 5246 1054 5307 bus
1068 5245 1179 5322 gratior
1193 5247 1233 5306 sit
1247 5243 1360 5306 obtatin
1375 5245 1419 5305 rci
1435 5245 1678 5322 praestantioris,
1696 5251 1727 5306 ει
1752 5249 1853 5324 proin·

86 5332 119 5385 at
132 5326 339 5404 supplicantis
352 5332 411 5393 est,
427 5334 459 5386 et
473 5327 509 5386 od
525 5328 694 5388 orationem
714 5327 876 5397 jurandam
898 5331 950 5388 ad·v
995 5328 1034 5389 de
1049 5327 1219 5406 gratissima
1235 5327 1347 5388 oblatio
1363 5326 1500 5403 corporis
1515 5325 1697 5402 Domini‚rei
1712 5329 1858 5394 rideticet

87 5408 223 5471 bibetur.
241 5409 276 5471 tit
290 5410 373 5470 enirn
388 5407 519 5486 putcbre
533 5409 668 5486 explicat
692 5408 856 5488 Gregorius
880 5427 950 5488 nys-
996 5411 1132 5472 omnium
1149 5409 1438 5485 praestantissimas.
1465 5453 1469 5462 .

88 5508 185 5554 senus
201 5493 231 5552 in
247 5492 394 5554 ‘doratio
405 5491 574 5552 orationem
586 5490 949 5574 dominicamnpooaupi,
1038 5493 1170 5553 Tertium
1187 5497 1245 5554 ast:
1263 5489 1451 5554 Sacriiirium
1467 5490 1591 5556 missac.
1609 5498 1641 5554 ut
1654 5510 1670 5552 a
1684 5491 1802 5556 christu
1814 5494 1857 5556 oi·

88 5574 183 5644 idest,
199 5577 295 5636 oratio
314 5620 322 5644 ,
349 5571 461 5635 dieitur
475 5573 514 5635 ab
528 5569 611 5651 eicit,
627 5575 718 5648 idest,
745 5582 859 5645 rotam,
881 5593 951 5653 qura
997 5576 1103 5647 terror,
1120 5575 1179 5636 rim
1196 5573 1310 5638 babere
1324 5591 1362 5636 ex
1377 5590 1471 5652 opere
1487 5575 1654 5654 operantis,
1672 5578 1726 5639 sed
1743 5577 1854 5639 ininiti-

89 5658 193 5720 sotent
206 5658 359 5736 praemitti
373 5662 452 5734 ruta,
470 5657 562 5735 idest,
580 5645 803 5736 promissiones
827 5660 951 5722 etobtr·
997 5657 1113 5736 bittter3
1129 5659 1199 5738 quia
1215 5659 1315 5738 piacet
1330 5659 1518 5734 urbanitate
1543 5653 1701 5723 offerentis
1727 5658 1850 5736 Christi,
