4084 6275
284 332 340 392 rao
819 330 861 389 oe
880 318 1365 392 sacntttsurouucttllotsrtau

211 466 376 547 imaginem
391 460 732 544 suamasedepictam,
753 463 890 529 illenon
911 467 1014 531 minus
1035 484 1074 532 se
1114 470 1226 531 lumen
1237 460 1516 531 adornamentis
1529 462 1561 525 in
1576 460 1666 543 epist.
1684 463 1860 539 tensurus
1872 458 1979 525 dun:

214 548 281 630 ipse
294 555 403 627 portat,
420 565 510 625 quam
525 564 560 611 se
572 544 710 609 Christus
725 556 870 627 portaret,
895 552 923 613 si
938 563 1007 612 rera
1021 558 1074 615 est
1114 545 1153 613 ht
1163 550 1239 629 ipsi,
1251 549 1361 627 inquit,
1374 546 1511 611 adducti
1523 550 1600 609 sunl
1614 549 1818 611 balmensem
1832 544 1977 617 Domini.

214 634 365 695 sementia
381 630 636 694 adversariorum.
789 672 793 679 -
884 663 888 670 ·
1115 638 1144 693 et
1158 634 1326 713 occipiunt
1356 631 1544 707 decerpere
1564 636 1597 691 et
1614 632 1777 710 sunguine
1802 630 1899 709 eius.
1921 628 1983 691 aed

252 716 343 777 Addit
358 714 465 777 Petrus
479 719 602 792 martyr:
622 711 722 775 velint
734 759 743 782 ,
757 715 864 778 nolint
890 714 1043 795 Popistue
1059 764 1069 791 ,
1115 716 1256 779 odeum
1268 720 1405 781 tontum.
1417 726 1486 774 non
1500 710 1896 793 etiomsoturonturqnio
1908 726 1985 774 non

105 824 110 833 ·
208 813 278 861 non
288 790 468 878 potestnllo
482 797 577 859 modo
590 796 677 872 lieri,
693 801 730 858 nl
741 812 856 877 corpus
870 812 968 861 sunm
985 800 1071 863 Chri·
1113 796 1296 862 imitonlur.
1310 798 1391 863 haec
1407 792 1568 856 illeiides
1582 795 1673 875 igitur
1686 796 1858 859 secundum
1874 795 1981 871 Augu·

209 887 277 942 stus
287 883 462 961 portaverit
475 878 617 957 proprie,
641 879 721 957 quio
746 881 811 943 duo
833 887 971 959 corporo
992 890 1072 947 tunc
1115 880 1228 943 sticum
1252 880 1363 955 impios
1378 878 1506 941 adorare
1534 882 1564 937 et
1579 878 1761 941 manducare
1777 894 1901 941 carnem
1917 878 1978 939 Dn-

209 964 357 1040 fnisscnt.
375 964 439 1025 lton
454 963 596 1023 nimirum
611 967 669 1031 cst,
697 963 779 1036 qaod
801 964 844 1025 illi
860 965 993 1039 dolebat,
1009 982 1070 1049 mg·
1116 963 1188 1025 mini
1205 965 1244 1027 de
1257 965 1323 1044 ipsa
1339 976 1458 1033 mensa,
1472 959 1563 1031 idest,
1580 960 1619 1021 de
1641 962 1725 1025 altori
1748 966 1920 1039 acceptam.
1937 959 1983 1019 lix

212 1048 339 1109 sterium
355 1062 427 1108 esse
441 1046 618 1117 sublimius,
633 1060 725 1123 quam
742 1051 774 1105 ut
789 1046 856 1124 ipse
871 1046 945 1109 illud
959 1065 1070 1129 capere
1115 1046 1177 1107 illis
1193 1046 1284 1125 igilur
1295 1046 1373 1109 locis
1389 1045 1472 1105 huuc
1486 1042 1588 1104 locum
1612 1043 1813 1121 explicemus,
1829 1060 1866 1105 ae
1881 1058 1920 1104 ex
1934 1042 1985 1119 ip·

213 1137 330 1205 posset.
354 1130 414 1191 Sed
430 1130 467 1196 siv
478 1127 605 1189 Arianus
616 1126 771 1207 quispiam
794 1130 837 1190 illi
853 1130 990 1201 diceret,
1008 1148 1070 1194 non
1099 1146 1149 1198 ¹,eo
1164 1128 1331 1209 Augustino
1343 1128 1490 1195 docemus
1505 1124 1588 1200 loqui
1604 1126 1704 1205 ipsum
1716 1125 1833 1205 deipsa
1848 1126 1981 1189 mandu-

212 1228 305 1291 posse
326 1210 404 1285 lieri,
431 1217 465 1275 ut
489 1226 548 1272 una
563 1216 675 1270 natura
690 1209 731 1270 sit
746 1211 776 1271 in
791 1212 913 1275 duabus
927 1216 1070 1291 personis
1106 1210 1235 1275 ‘catione
1251 1211 1352 1275 carnis
1373 1205 1496 1271 Domini
1528 1224 1582 1284 per
1606 1210 1765 1288 corporale
1790 1208 1983 1271 iustrumen-

211 1293 366 1357 dislinctis
378 1295 491 1371 reipsa,
509 1294 568 1353 nisi
584 1298 689 1353 natura
706 1290 757 1354 illa
772 1296 957 1372 geminetur3
973 1297 1068 1374 quid,
1116 1293 1442 1375 tuut,quandoquidem
1458 1290 1548 1351 etiam
1564 1289 1650 1371 impii
1665 1308 1735 1355 eam
1750 1308 1876 1355 carnem
1892 1306 1981 1351 men·

168 1441 169 1444 ,
210 1375 566 1458 quaeso,respondcbil,
591 1374 649 1436 uisi
672 1373 733 1437 lide
756 1392 835 1455 opus
857 1394 928 1440 osse
953 1380 990 1440 ad
1012 1381 1069 1441 ista
1115 1378 1239 1445 ducant.
1352 1428 1357 1434 .
1446 1436 1448 1439 .

209 1460 422 1542 intelligenda,
446 1474 524 1538 quae
538 1458 702 1518 humanam
724 1459 871 1522 rationem
894 1466 1075 1537 superanti
1155 1460 1313 1525 Praeterea
1330 1458 1354 1520 si
1371 1462 1486 1519 tantum
1501 1455 1594 1519 uellet
1605 1456 1903 1536 Augustinusdicere
1920 1462 1985 1517 ter·

210 1544 295 1605 idem
309 1559 383 1621 ergo
396 1541 479 1605 'sciat
494 1559 510 1602 a
526 1540 616 1601 nobis
632 1542 812 1617 responderi
834 1544 873 1605 de
889 1542 1071 1616 hoomyste·
1115 1562 1177 1607 ram
1193 1546 1261 1607 sine
1273 1542 1429 1622 impietate
1450 1540 1655 1616 adorantque
1671 1556 1741 1602 curo
1755 1538 1867 1602 Christi
1882 1545 1916 1599 nt
1931 1542 1985 1599 est

213 1626 271 1688 rio.
288 1624 343 1685 iel
356 1625 383 1686 si
397 1625 509 1687 Arlauo
524 1623 591 1701 ipse
606 1623 802 1700 respondeat,
818 1626 951 1687 diuinam
966 1623 1072 1689 essen·
1114 1622 1257 1701 incaelo,
1274 1624 1427 1699 adoratum
1443 1623 1511 1684 sine
1527 1638 1633 1685 caussa
1657 1622 1796 1693 dixisset,
1827 1636 1895 1683 eam
1912 1638 1984 1681 ear·

217 1708 288 1770 tiam
304 1708 343 1770 oh
356 1724 442 1769 suam
457 1706 638 1768 intinitatem
662 1721 755 1783 posse
771 1722 842 1770 esse
871 1708 901 1769 in
932 1710 1072 1787 pluribus
1115 1728 1184 1774 nem
1202 1710 1292 1772 nobis
1305 1705 1546 1769 manducandam
1563 1704 1662 1767 datam
1678 1721 1761 1767 esse.
1775 1704 1929 1778 Quorsum
1946 1720 1979 1764 e·

215 1792 359 1869 personis
380 1806 414 1852 re
429 1787 594 1850 distinctis:
611 1794 642 1849 et
657 1804 714 1849 nos
729 1791 757 1849 ei
772 1790 935 1865 dicemus,
960 1809 1072 1871 corpus
1116 1795 1177 1855 nim
1192 1788 1402 1856 Eucharistiae
1419 1788 1566 1855 meminit,
1581 1787 1607 1849 si
1623 1802 1684 1849 nou
1700 1788 1811 1866 inipso
1829 1786 1981 1849 Ducbarl-

214 1872 325 1935 Christi
338 1873 378 1935 oh
390 1870 639 1949 omnipotentiam
656 1868 766 1933 Christi
783 1890 875 1950 posse
904 1875 995 1936 simul
1012 1882 1072 1937 sla·
1115 1878 1170 1939 stia
1187 1890 1309 1939 earnem
1325 1871 1443 1935 Domini
1461 1879 1654 1949 praesentem
1679 1870 1861 1933 adoramus?
1876 1869 1983 1931 Voluit

214 1958 258 2016 tui
270 1956 300 2017 in
323 1955 455 2017 dirersis
469 1953 558 2017 locis.
571 1952 633 2015 Sed
648 1954 688 2015 de
702 1954 762 2016 hoc
786 1956 819 2017 in
834 1957 978 2036 sequenti
993 1957 1072 2021 libro
1114 1960 1206 2040 igitur
1221 1955 1408 2037 Augustinus
1423 1954 1724 2025 ostendere,carnem
1739 1950 1985 2032 ipsamDomini

210 2038 411 2101 disseremus.
1062 2066 1069 2078 ¹·
1115 2042 1247 2115 adorari,
1264 2047 1294 2104 et
1308 2038 1377 2116 quia
1394 2052 1454 2098 non
1472 2034 1622 2097 habemus
1650 2035 1732 2097 aliud
1764 2042 1986 2114 argumentum

250 2120 293 2181 Ad
309 2120 385 2184 illud
402 2120 493 2199 igitur
507 2117 663 2199 objectum
685 2132 723 2180 er
743 2121 890 2197 particula
913 2124 1071 2201 quodom-
1116 2122 1276 2198 illustrius,
1294 2136 1384 2201 quam
1400 2135 1436 2181 ex
1449 2118 1627 2198 quotidiano
1643 2130 1699 2179 usu
1725 2118 1901 2181 adorandae
1918 2116 1983 2178 Eu·

211 2205 321 2278 niodo,
345 2204 546 2281 respondeo,
569 2202 652 2261 illam
683 2203 862 2280 particulam
897 2205 1073 2284 significare
1116 2208 1290 2281 charistiee,
1306 2205 1377 2267 ideo
1390 2201 1475 2264 illius
1497 2200 1645 2274 meminit:
1664 2216 1733 2263 nam
1749 2207 1872 2279 praeter
1887 2200 1983 2261 istam

214 2284 371 2347 Christum
384 2302 445 2348 nou
462 2302 496 2348 se
512 2289 652 2363 portasse
667 2282 699 2343 in
720 2286 842 2364 propria
865 2287 971 2364 specie
988 2333 996 2363 ,
1015 2289 1071 2354 sed
1115 2290 1322 2353 adorationem
1338 2302 1400 2348 uon
1412 2284 1501 2347 facile
1514 2287 1614 2362 potest
1640 2282 1786 2347 discerni.
1803 2298 1841 2344 au
1857 2282 1934 2360 quis
1949 2300 1984 2343 a·

212 2368 244 2451 in
264 2368 376 2441 aliena,
394 2384 451 2431 nec
466 2384 501 2430 se
517 2373 655 2446 portasse
670 2370 823 2445 quomodo
835 2370 987 2433 ordinarie
1004 2387 1072 2448 por·
1103 2373 1204 2436 -doret
1226 2386 1349 2435 earnem
1361 2366 1496 2441 Domini,
1513 2366 1662 2427 ansulam
1679 2366 1880 2428 diuinitatem.

211 2457 314 2513 tantur
328 2468 456 2531 corpora
471 2452 616 2516 bumana.
633 2448 775 2513 nimirum
790 2466 901 2531 magno
912 2452 1018 2516 labore
1039 2454 1072 2516 in
1156 2455 1296 2533 Denique
1311 2449 1471 2531 probabile
1486 2454 1534 2510 est
1548 2448 1751 2527 Augustinuul
1774 2454 1869 2511 tulum
1893 2448 1984 2509 hune

210 2533 362 2606 humeris,
379 2534 427 2597 uel
442 2534 503 2595 allo
517 2530 613 2594 simili
628 2531 732 2603 modo.
754 2534 809 2594 sed
832 2534 958 2607 nuscice
972 2544 1002 2597 et
1024 2552 1072 2597 sa·
1114 2538 1216 2601 locum
1232 2535 1443 2614 desumpsisse
1459 2547 1497 2593 er
1511 2529 1684 2603 Ambrosio,
1701 2532 1752 2609 qui
1769 2537 1802 2593 ut
1822 2546 1915 2609 snpra
1934 2531 1976 2591 ei·

213 2616 450 2689 crameulaliter,
467 2616 513 2678 sic
528 2621 643 2687 tamen,
660 2619 693 2675 ul
706 2630 778 2677 rere
798 2618 858 2679 sub
873 2633 911 2679 eo
926 2618 1072 2697 mysterio
1116 2622 1254 2694 lauimus,
1281 2623 1387 2699 aperte
1407 2612 1487 2680 dicit
1511 2628 1633 2675 carnem
1658 2612 1811 2676 Dominia
1837 2612 1932 2676 nobis
1947 2614 1984 2674 in

211 2714 324 2777 eorpus
340 2699 409 2778 ejus
425 2700 645 2762 contineretur.
662 2695 704 2758 Ae
719 2696 852 2762 breviter
873 2700 1021 2780 quidquid
1038 2702 1072 2763 il·
1116 2704 1268 2784 mysteriis
1282 2698 1413 2772 odorari,
1429 2702 1462 2759 ut
1476 2713 1543 2759 eam
1559 2698 1687 2774 apostoli
1704 2697 1734 2758 in
1763 2696 1884 2776 propria
1907 2712 1980 2774 spe·

209 2782 263 2843 tud
279 2782 532 2861 quodommodo,
549 2776 714 2858 significet,
744 2780 774 2841 id
801 2782 892 2843 nobis
917 2782 976 2844 hoc
1001 2784 1072 2846 loco
1115 2786 1162 2849 cie
1177 2786 1352 2859 adorarunt:
1370 2787 1401 2844 et
1415 2780 1475 2842 hoo
1489 2794 1560 2841 csse
1585 2782 1710 2841 adorare
1735 2779 1906 2855 scabellum
1925 2794 1981 2852 pe·

118 2924 120 2929 .
211 2863 335 2934 sufficit,
353 2881 414 2927 non
430 2862 617 2943 siguificare,
633 2862 671 2924 in
683 2860 790 2941 sigum
805 2866 854 2927 rel
867 2866 1023 2943 liquente,
1040 2872 1073 2929 ut
1116 2870 1188 2932 dum
1203 2868 1335 2931 Domini.
1352 2864 1427 2927 llide
1441 2868 1598 2942 praetereo
1613 2860 1645 2922 in
1657 2861 1767 2941 psalm.
1783 2862 1835 2925 33.
1858 2859 1910 2923 od.
1925 2860 1983 2924 93.

210 2947 416 3008 ostendimus.
556 3006 559 3009 ,
1119 2948 1305 3015 stellio.

251 3030 336 3092 Alius
351 3028 484 3108 insignis
498 3027 586 3089 locus
601 3032 649 3087 est
660 3024 692 3087 iu
707 3034 873 3090 comment.
891 3031 999 3108 psalm.
1017 3031 1070 3094 98.
1156 3034 1190 3096 ln
1207 3049 1289 3096 nono
1303 3034 1487 3094 lomotract.
1518 3027 1568 3088 tl.
1584 3025 1616 3086 in
1641 3026 1790 3089 loannem
1817 3025 1982 3104 explicans

210 3110 262 3172 ruhi
276 3112 432 3186 explicans
453 3110 541 3173 illud:
554 3109 690 3172 Adorotc
709 3108 885 3177 scabellum
902 3114 1027 3193 pedum
1042 3131 1072 3178 e·
1116 3117 1207 3182 illud:
1220 3118 1311 3185 iesca
1323 3118 1433 3180 entem
1445 3124 1514 3176 non
1527 3124 1561 3173 se
1572 3109 1725 3174 'credebat
1740 3110 1882 3184 eis,diclt
1896 3108 1985 3170 istud

203 3193 273 3274 jus,
290 3194 375 3265 dicit,
392 3194 561 3256 scabellum
578 3193 692 3269 pedum
719 3191 838 3255 Domini
862 3211 933 3258 csse
962 3205 1071 3260 terram
1116 3201 1285 3263 convenire
1296 3193 1536 3265 catechumenis,
1554 3191 1667 3270 quibas
1682 3209 1744 3256 non
1761 3209 1795 3255 se
1809 3191 1987 3274 praebebat

207 3277 291 3354 Juxta
309 3278 383 3338 illud
398 3277 458 3339 lsai
470 3275 743 3338 bii-Terraontem
761 3276 938 3341 scabellum
949 3282 1073 3357 pedum
1117 3281 1266 3344 Dominus
1280 3297 1336 3361 per
1350 3277 1583 3342 Eucharistiam:
1600 3273 1637 3338 st
1657 3277 1853 3348 diberimus,
1867 3275 1983 3351 inquit,

208 3365 403 3422 meorumue
415 3360 533 3440 quaerit
547 3358 702 3436 quomodo
713 3358 802 3419 liceat
817 3367 926 3423 terram
942 3363 1069 3426 adorare
1118 3365 1358 3438 catechumeno,
1375 3362 1481 3425 Credis
1495 3360 1525 3420 in
1542 3356 1678 3420 Christo?
1698 3360 1882 3438 respondet.
1908 3358 1984 3418 Cro·

209 3441 276 3503 sine
291 3439 458 3521 impietate:
474 3440 663 3513 Dlnctuone,
676 3439 786 3518 inquit,
800 3451 947 3507 convene
961 3462 1014 3508 mo
1028 3447 1074 3509 od
1116 3450 1169 3524 do;
1185 3455 1215 3512 et
1225 3450 1335 3524 signet
1348 3462 1381 3508 se
1396 3459 1490 3507 cruce
1506 3440 1631 3514 Christi,
1646 3448 1755 3520 portat
1769 3443 1807 3504 in
1820 3441 1941 3518 fronte.
1952 3447 1986 3500 et

212 3522 380 3599 Christum,
398 3525 610 3604 qnioipsum,
633 3537 756 3602 quaero
782 3524 859 3600 hic,
891 3534 921 3589 et
938 3527 1072 3591 inuenio
1114 3540 1184 3594 non
1198 3529 1355 3594 erubescit
1369 3530 1517 3591 decruce
1533 3523 1662 3586 Domini
1675 3526 1741 3587 aui.
1765 3525 1847 3588 Doce
1879 3523 1987 3585 credit

209 3610 370 3688 quomodo
384 3609 456 3670 sinc
468 3608 635 3686 impietate
649 3606 803 3670 odoretur
817 3612 1073 3685 terrmodorelur
1115 3615 1153 3676 in
1169 3615 1302 3676 nomine
1316 3611 1397 3692 ojus.
1419 3608 1653 3684 interrogemus
1678 3621 1764 3679 anm,
1793 3606 1983 3669 manduces

209 3689 519 3768 scobettnmpednm
534 3689 604 3768 ejus
617 3708 629 3764 ;
644 3689 783 3766 suscepit
806 3692 894 3754 enim
922 3693 963 3755 de
987 3700 1075 3756 lonc
1119 3713 1252 3760 cornone
1264 3692 1486 3774 filiihominis.
1504 3693 1533 3751 at
1547 3687 1627 3751 bibio
1641 3691 1839 3769 sunguirmm
1853 3687 1984 3765 liliiho·

209 3774 424 3853 tencmquie
434 3790 510 3836 coro
525 3774 565 3834 dl
580 3777 667 3835 tetra
682 3777 771 3840 estet
784 3773 824 3836 dc
838 3791 937 3837 corne
952 3776 1074 3840 Dorice
1117 3781 1236 3842 minu?
1249 3779 1351 3840 nescit
1365 3775 1446 3854 quid
1460 3773 1613 3842 uicinae,
1638 3774 1719 3852 quio
1743 3773 1834 3836 iosus
1856 3787 1927 3834 non
1947 3786 1983 3832 se

212 3871 344 3941 cornero
359 3857 535 3934 occepitdl
546 3853 627 3933 qnia
636 3854 678 3916 in
689 3853 764 3932 ipso
775 3871 875 3919 corne
889 3857 941 3919 hic
962 3858 1075 3921 ombo-
1119 3862 1256 3925 credidit
1270 3862 1310 3924 ei.
1327 3859 1364 3920 tlt
1379 3856 1466 3918 inira:
1485 3853 1551 3930 Quo
1576 3856 1725 3932 perducit
1750 3855 1927 3920 credentes.
1952 3857 1987 3914 et

212 3939 300 4006 loun.
317 3946 347 4000 et
360 3940 467 4016 ipsam
482 3952 615 4000 concern
627 3938 902 4002 manducandum
916 3940 1008 4003 nobis
1029 3943 1077 4004 od
1119 3944 1316 4023 baptizatos?
1331 3941 1376 4004 od
1388 3953 1526 4011 manno,
1542 3952 1613 3999 ecoe
1626 3938 1699 4000 dico
1714 3953 1852 4001 menno.
1867 3937 1985 3998 Dolum

180 4063 183 4067 f
198 4022 348 4093 ,sulutem
357 4023 458 4096 dedit·
478 4035 574 4082 nemo
589 4024 698 4080 autam
708 4019 803 4081 illum
824 4037 958 4084 earnem
980 4040 1073 4086 mon·
1118 4033 1163 4089 ost
1177 4028 1258 4106 quid
1272 4023 1455 4102 occeperint
1468 4019 1598 4090 iudaei,
1613 4021 1755 4100 populns
1780 4016 1894 4091 Imot'r'lr
1921 4035 1983 4080 no·

210 4104 319 4175 ducah
332 4105 502 4184 hitterii&
517 4101 886 4176 adwavetiiiiltvlltltlm
896 4111 952 4176 eei,
964 4121 1073 4184 qoem·
1117 4115 1186 4172 tum
1200 4116 1245 4172 est
1259 4109 1341 4187 quid
1351 4105 1416 4168 illis
1429 4103 1561 4183 ptuisset
1577 4102 1731 4164 Dominus
1756 4105 1796 4166 do
1822 4103 1924 4166 coelo:
1951 4105 1987 4161 nt

210 4187 390 4249 comodum
410 4187 566 4260 odoretur
593 4184 656 4246 tole
675 4184 853 4250 scabellum
871 4189 993 4264 pedum
1013 4187 1074 4252 Do·
1117 4194 1266 4255 nesciunt
1277 4186 1509 4258 catechumeni,
1524 4186 1776 4266 quidacctpiant
1785 4185 1986 4249 Christiani?

209 4271 303 4340 mini,
320 4276 357 4331 ut
376 4284 443 4331 non
470 4267 576 4330 solum
590 4281 665 4329 noo
684 4283 853 4345 peccemus
874 4271 1072 4349 odorando,
1116 4273 1315 4338 Drnbesoont
1330 4287 1416 4350 erqo.
1438 4269 1518 4350 quio
1541 4270 1700 4336 nesciunt.
1730 4274 1900 4333 tralucent
1918 4283 1984 4345 por

209 4354 267 4415 aed
279 4367 446 4430 peccemus
465 4366 536 4414 non
550 4349 736 4412 odorando.
753 4349 835 4432 Daec
850 4351 915 4414 illc.
1117 4373 1208 4419 neore
1220 4357 1368 4424 mhrunt.
1385 4353 1584 4414 mo'ndncettl
1603 4367 1743 4424 macno,
1756 4359 1794 4414 ut
1815 4351 1983 4431 quomodo

250 4434 429 4512 Respondet
442 4433 550 4494 Petrus
566 4437 674 4503 martyr
688 4430 719 4493 in
735 4432 792 4494 lib.
808 4440 913 4496 contra
928 4434 1073 4500 Cardine·
1117 4439 1371 4504 credideruntin
1384 4435 1517 4498 nontino
1530 4432 1678 4498 len-sio
1706 4451 1740 4498 ao
1763 4436 1843 4514 ipsis
1870 4433 1988 4494 credat

211 4531 278 4579 rum
294 4533 360 4596 par.
377 4515 407 4578 t.
430 4516 514 4595 loqui
531 4531 558 4576 s.
574 4513 777 4594 Augustiuum
793 4514 916 4580 devera
933 4564 942 4590 ,
959 4525 990 4580 et
1004 4535 1073 4598 pro·
1118 4521 1220 4585 Josrcs.
1237 4521 1319 4584 Haec
1334 4520 1400 4585 ille.
1417 4517 1473 4592 Qui
1489 4516 1578 4578 otium
1594 4516 1649 4578 lib.
1664 4517 1697 4578 2.
1709 4518 1748 4580 de
1760 4523 1987 4594 peccatonme·

210 4598 279 4679 prie
292 4599 372 4661 dicta
387 4615 480 4661 carne
494 4595 629 4670 Domini,
652 4612 744 4676 quum
758 4597 956 4676 spiritualiter
969 4616 1024 4664 ore
1038 4601 1073 4662 ll·
1118 4604 1184 4668 ritis
1199 4612 1229 4667 et
1244 4603 1425 4666 remissione
1450 4615 1518 4676 cap.
1546 4597 1598 4660 26.
1629 4598 1715 4660 dicit:
1742 4598 1983 4662 catechumenis

212 4683 261 4744 dei
278 4681 513 4754 manducamus,
530 4685 666 4758 olquam
688 4677 720 4741 in
742 4679 830 4742 cocto
844 4681 1026 4745 existentem
1043 4698 1083 4746 a··
1118 4689 1181 4749 duri
1197 4688 1320 4749 solitum
1336 4697 1446 4764 panem
1461 4682 1668 4757 sanctumqal
1684 4699 1745 4744 uon
1761 4688 1844 4745 esset
1855 4679 1983 4760 quidem

212 4766 367 4828 duramus:
383 4769 475 4841 alque
486 4763 601 4825 ibidem
613 4760 713 4824 obiter
727 4769 821 4833 notat,
833 4763 946 4840 impios
958 4778 1072 4828 secun·
1117 4777 1230 4850 corpus
1245 4768 1369 4838 Christi,
1386 4772 1486 4827 lamen
1502 4769 1627 4826 sanctus
1642 4769 1737 4840 essct,
1758 4771 1789 4828 et
1809 4761 1986 4827 sanctitica-

214 4848 286 4909 dum
302 4848 505 4927 Augustinum
523 4861 584 4914 nott
601 4844 785 4907 manducare
799 4861 925 4910 earnem
938 4848 1072 4924 Domini,
1117 4861 1174 4920 rot.
1191 4854 1453 4915 etsacramenlum
1470 4848 1558 4908 etium
1575 4845 1633 4906 dici
1649 4855 1825 4922 possetne
1851 4844 1985 4922 proinde

212 4931 284 5008 quia
301 4929 386 5008 impii
399 4946 461 4991 uon
475 4927 602 4990 adorant
616 4925 727 4988 Christi
752 4943 888 5005 earnem3
910 4935 941 4990 el
961 4945 1072 4993 secun·
1117 4949 1222 4998 sacrae
1236 4937 1279 4997 rei
1295 4933 1429 5012 signum.
1457 4930 1500 4990 lix
1520 4929 1569 4990 his
1590 4927 1739 4994 habemus
1765 4931 1982 5004 argumentum

214 5014 287 5076 dum
303 5011 504 5090 Augustinum
527 5025 618 5073 nemo
633 5024 699 5071 eam
714 5025 837 5072 carnem
852 5014 995 5088 comedit,
1011 5013 1072 5076 nisi
1117 5017 1251 5098 insigne.
1267 5015 1338 5078 Nam
1355 5011 1494 5094 primosi
1509 5023 1569 5072 non
1586 5018 1668 5074 osset
1682 5012 1713 5074 in
1730 5010 1916 5075 suchartstm
1930 5025 1983 5069 ro·

213 5094 300 5171 prius
320 5093 500 5156 adoraverit.
1116 5115 1183 5161 rum
1200 5097 1309 5160 Christi
1325 5111 1450 5174 eorpus.
1467 5100 1497 5156 ct
1509 5093 1534 5154 si
1549 5107 1607 5154 non
1622 5096 1855 5158 manducaretur
1868 5091 1985 5153 Christi

254 5180 289 5237 tt
303 5176 398 5239 lalsus
419 5177 477 5238 iste
499 5175 620 5259 llartgr,
647 5191 708 5236 uon
738 5175 818 5237 bene
833 5175 908 5252 legit
932 5176 1073 5258 Augusti·
1119 5197 1200 5257 caro,
1217 5181 1277 5242 nisi
1292 5180 1323 5241 in
1338 5178 1488 5260 symbolo,
1506 5181 1537 5237 el
1551 5191 1606 5253 per
1619 5177 1724 5253 iidem,
1742 5194 1802 5240 non
1831 5180 1915 5239 esset
1930 5191 1983 5236 re·

215 5275 300 5328 num,
313 5266 344 5320 et
356 5263 424 5322 ideo
436 5259 579 5321 audacter
590 5257 707 5340 colligit
718 5273 756 5320 ex
768 5259 934 5336 Augustino
947 5261 1073 5323 omnino
1120 5281 1199 5326 rum.
1216 5262 1367 5325 Christum
1383 5277 1443 5322 non
1460 5275 1494 5322 se
1509 5259 1637 5322 credere
1652 5259 1894 5329 catechumenis,
1911 5273 1982 5317 nam

215 5344 364 5402 eorrtraria
390 5343 440 5414 iis,
471 5357 550 5420 quae
575 5337 763 5419 Augustinus
784 5340 918 5416 scripsit.
944 5343 1016 5404 llam
1043 5344 1074 5405 in
1121 5343 1152 5408 ct
1166 5347 1209 5408 illi
1224 5345 1339 5408 habent
1353 5343 1504 5407 Christum
1519 5343 1550 5403 in
1567 5339 1983 5428 signoptmnnrtucanteum

214 5422 325 5497 psalm.
340 5423 393 5486 21.
408 5440 497 5488 conc.
516 5423 586 5485 lde
600 5422 745 5494 diuitibus
758 5423 902 5502 superbis
916 5430 947 5486 et
956 5424 1072 5502 impiis,
1119 5428 1192 5506 llde;
1209 5445 1278 5490 nuru
1293 5433 1324 5490 et
1338 5428 1460 5506 signant
1475 5439 1509 5487 se
1523 5425 1612 5504 signo
1624 5427 1784 5499 eructent
1805 5423 1935 5486 creduut
1955 5422 1987 5483 in

213 5505 523 5584 lnquitAugustinus:
540 5503 950 5584 llortdttcoaertttdcorpns
970 5507 1075 5570 humi·
1120 5511 1284 5576 Christum.
1301 5509 1455 5578 Secundo,
1473 5507 1555 5569 uultu
1571 5515 1654 5570 osset
1668 5513 1744 5570 ratio
1759 5525 1814 5570 eur
1840 5519 1901 5568 non
1929 5505 1984 5566 da·

213 5587 524 5654 tunnullominiaui
538 5588 784 5663 enunciantes,
807 5601 877 5651 non
896 5591 1075 5669 siculpott·
1120 5599 1203 5659 retur
1217 5593 1263 5657 eis
1278 5591 1478 5661 Eucharistia‚
1493 5605 1561 5651 oum
1588 5591 1698 5654 dentur
1723 5592 1785 5653 illis
1809 5589 1867 5652 Alia
1895 5587 1987 5658 siena

211 5686 305 5754 peres
320 5672 458 5736 ammata·
471 5675 669 5752 sontesque·
681 5671 727 5735 od
751 5671 990 5749 imitationem,
1018 5675 1076 5737 sed
1121 5677 1260 5754 clariora,
1276 5683 1309 5739 ut
1322 5680 1394 5740 sunl
1408 5673 1498 5736 uerba
1514 5673 1569 5735 Dei
1585 5675 1709 5754 scripta.
1725 5674 1838 5750 Tertio,
1866 5671 1984 5750 potuis·
