4084 6275
808 337 906 399 etheit
922 332 1066 399 tenatos
1679 335 1733 395 6116

17 489 19 528 r
51 479 100 543 66
111 472 201 553 quod
211 472 428 550 interruptum
447 476 504 549 ert,
524 475 700 541 eeiceurum
718 473 907 539 deteriorem
949 491 1019 553 cro.
1035 472 1169 537 hierem.
1185 480 1216 539 et
1229 473 1260 537 in
1276 472 1367 552 epist.
1383 472 1421 537 ed
1433 470 1669 547 Pammachium,
1685 474 1715 533 et
1726 468 1801 535 Oce·

16 567 19 608 1
52 558 167 641 socius.
183 552 249 627 Quo
261 554 430 617 tocodoeet
441 554 686 637 chrysostomus,
699 558 730 621 ia
743 556 905 637 iny'uoyea·
950 574 1055 632 anum,
1070 558 1110 621 de
1126 558 1282 621 crrcrthos
1297 556 1451 638 origenis,
1468 556 1518 619 uhi
1534 556 1635 627 ducet,
1664 568 1806 616 necessa·

17 651 19 695 t
50 644 87 705 dn
103 636 302 731 poenitentia,
319 652 380 699 aon
395 639 495 701 sotum
508 642 656 705 rationem
671 640 841 705 hahendam
856 656 904 703 es·
938 642 1024 705 ,6166
1040 655 1112 705 6666
1126 639 1362 714 contessionem,
1380 656 1449 703 cum
1465 638 1599 702 secunda
1615 635 1716 703 rahuta
1738 640 1808 716 past

16 733 19 776 t
52 741 88 787 se
102 719 254 812 sacerdo-h
269 721 424 806 gravitatis
438 728 469 783 et
484 724 688 788 multitudinis
699 729 905 803 poeoniorum,
950 720 1139 803 caumatum
1154 724 1204 797 sit,
1221 722 1342 802 e'uipom
1357 722 1536 801 simpliciter
1550 719 1700 785 aanttcrt.

16 817 19 861 t
50 806 105 871 sed
120 802 212 863 etiam
227 800 410 865 rnitrmttatis
424 810 455 867 et
469 804 636 870 dehittntts
650 806 786 887 ejusqui
798 820 907 885 pecce-
991 805 1104 868 tertia:
1120 806 1274 871 Habemus
1288 822 1315 869 s.
1336 804 1548 867 Innocentium
1568 802 1595 867 i.
1618 799 1803 881 pontificem,

17 901 19 942 t
50 891 103 952 611.
119 884 245 947 Constet
258 891 361 947 autem
376 902 437 949 noa
451 903 544 965 posse
559 890 784 969 istncugoosci
797 889 906 953 nisiex
950 889 1004 967 oui
1019 889 1052 950 in
1067 888 1204 968 epistt.
1221 889 1257 950 ad
1272 886 1450 950 1166661166
1472 890 1651 965 episcopum
1675 884 1807 964 6666161-

48 966 429 1046 caniessioueditigeotiet
442 972 908 1051 accuratudeiiaquentiszquare
950 973 1221 1050 66666616
1244 969 1387 1049 loquitur:
1416 969 1582 1033 Caeterum
1602 972 1642 1033 dc
1664 968 1807 1047 pandere

48 1050 144 1119 notuit
156 1050 404 1129 chrysostomus,
420 1050 646 1119 contessionem
668 1061 860 1134 pcccatorum
875 1070 907 1116 a·
952 1055 1155 1117 aestimando
1171 1054 1373 1118 delictorum.
1387 1052 1560 1116 sacerdotis
1577 1056 1622 1115 cat
1643 1051 1808 1133 judicare,

50 1137 181 1209 rnatum,
196 1133 289 1196 61166
303 1133 592 1209 666611166166666,
614 1154 694 1213 uuae
718 1153 779 1202 oon
806 1138 908 1201 minos
950 1137 1205 1200 utottendotad
1231 1133 1462 1212 consessionem
1486 1134 1688 1215 poenitentis,
1716 1139 1745 1195 et
1765 1134 1810 1195 ud

51 1216 209 1283 curatione
224 1220 327 1293 egent,
341 1232 430 1293 quam
446 1217 603 1283 meoiieste
613 1219 680 1283 fleri
694 1220 808 1284 debere
826 1220 907 1296 apud
950 1220 1043 1301 116166
1058 1225 1153 1298 atque
1168 1218 1350 1299 lachrymas
1365 1219 1608 1297 coniyearieme
1619 1214 1808 1293 winidhere

49 1300 237 1369 sacerdotes.
253 1296 330 1360 Vide
344 1298 436 1361 etiam
451 1299 506 1363 tth.
521 1300 553 1363 3.
566 1302 605 1364 de
616 1303 801 1367 sacerdotio.
950 1301 1171 1373 dimittisne
1184 1302 1301 1365 uiderit
1316 1316 1494 1381 conponam
1504 1300 1765 1381 retardationem.

17 1411 18 1442 r
87 1381 244 1454 Secundo,
259 1379 411 1445 hahemus
424 1398 452 1445 6.
474 1382 704 1466 Hieronymum,
729 1385 908 1465 Chrysostu·
991 1385 1114 1458 Quarto:
1131 1383 1552 1464 1166666661666611666,
1569 1380 1806 1461 6611611656.
1866 1405 1869 1413 ·

50 1468 90 1531 mi
104 1464 277 1542 aequatem.
293 1462 325 1525 Is
339 1464 370 1523 16
384 1472 549 1529 commeat.
565 1468 605 1529 ad
619 1485 688 1546 cap.
704 1468 908 1532 thttcctesta·
951 1466 1158 1533 homiliarum.
1174 1466 1280 1529 humit.
1299 1466 1347 1529 te.
1364 1468 1464 1540 docet,
1486 1463 1710 1529 coniessionem
1738 1478 1809 1539 pee-

51 1558 126 1616 stae,
144 1547 238 1609 hahet
253 1546 329 1607 haec
344 1547 448 1609 rerba:
465 1546 748 1631 siquemcerpens
759 1550 909 1615 diodotus
952 1555 1090 1613 catarum
1107 1568 1122 1611 a
1138 1549 1202 1611 Deo
1218 1555 1508 1627 essepraeaeptam:
1523 1546 1607 1610 hanc
1630 1546 1811 1618 66616616-

17 1643 18 1698 1
50 1630 171 1697 occulte
183 1630 404 1700 momorderit.
420 1633 449 1693 et
461 1632 552 1695 66116
566 1636 707 1708 conscio,
725 1635 908 1713 peccatine·
951 1633 1029 1710 quit,
1045 1632 1207 1713 qniapiue
1221 1638 1266 1695 661
1279 1632 1513 1699 eimieericore.
1528 1628 1644 1693 661161
1661 1644 1701 1691 eo
1711 1626 1807 1704 66611-

17 1727 19 1766 t
49 1711 350 1807 666616166661661
375 1715 512 1777 tacuerit
534 1717 594 1795 qui
613 1732 784 1797 perennant
808 1722 864 1790 eet,
880 1721 911 1780 et
954 1716 1134 1779 16666616
1148 1714 1208 1777 hoe
1219 1714 1405 1790 caecuiome
1417 1730 1477 1795 pro
1489 1713 1555 1777 iiiia
1569 1710 1813 1789 confundamur

17 1829 18 1832 ¹
49 1814 118 1863 non
132 1796 233 1873 operit
244 1797 489 1873 poenitentiam,
504 1814 565 1861 neo
576 1801 695 1865 661666
707 1816 805 1865 enum
812 1800 911 1877 fratri
948 1798 1203 1878 postmoduum
1214 1797 1336 1876 memo.

16 1890 20 1935 t
51 1889 81 1945 et
93 1879 251 1955 mayistro
264 1878 401 1941 potnerit
414 1878 572 1958 confiteri
585 1885 748 1962 moyister,
774 1884 833 1965 qui
853 1883 909 1945 tra·
993 1880 1082 1945 ldem
1097 1882 1188 1943 etiam
1204 1881 1236 1943 io
1258 1881 1367 1944 eodem
1392 1894 1486 1959 opere
1511 1877 1619 1941 homil.
1644 1876 1695 1939 di.
1722 1874 1813 1939 docet

17 1990 19 2016 a
52 1962 323 2039 hettinyuomcd
337 1963 911 2045 curandum,yaottectprcdeccanon
952 1964 1180 2027 euniessionem
1196 1964 1346 2027 sacerdoti
1372 1977 1442 2025 esse
1467 1961 1649 2025 taciendam:
1671 1958 1739 2021 1166
1762 1974 1813 2021 so·

16 2058 19 2100 ι
48 2042 232 2128 66166661
243 2044 333 2139 enim
346 2044 510 2108 66666661
524 2054 673 2127 caprona
681 2050 800 2113 661666
809 2049 909 2113 aredi·
954 2047 1248 2126 1661666116661
1270 2046 1503 2127 poeniteutiam
1526 2042 1567 2107 66
1590 2042 1765 2121 1616611116
1778 2058 1812 2105 66

16 2142 20 2183 ¹
53 2146 90 2193 0⁰
104 2125 263 2203 6066161.
277 2126 515 2205 umdtpcorat.
529 2132 694 2197 medicina
716 2148 786 2197 non
799 2137 909 2199 aurat.
952 2129 1045 2192 homo
1059 2144 1187 2193 seruare
1201 2128 1300 2204 dehet,
1325 2127 1383 2199 sed
1406 2132 1436 2191 61
1460 2133 1535 2191 6616
1560 2124 1806 2205 poenitentiam,

16 2224 20 2267 r
91 2211 176 2272 idem
194 2213 226 2269 tn
241 2218 406 2271 comment.
421 2210 458 2273 ad
474 2226 542 2289 cap.
561 2212 609 2275 16.
624 2214 728 2279 1161111.
751 2215 910 2293 topicam,
953 2214 1034 2277 6166
1046 2228 1146 2275 sanus
1161 2216 1218 2275 eet:
1232 2214 1313 2294 qnia
1324 2212 1354 2275 si
1367 2209 1572 2274 adnitimum
1581 2206 1664 2271 uitae
1675 2208 1806 2276 steterit.

17 2310 20 2351 ι
52 2294 163 2373 inquit,
177 2292 215 2354 in
229 2290 364 2354 Levitico
378 2292 573 2387 6616666616.
588 2295 812 2379 obtenduntur
828 2301 865 2359 nt
878 2314 911 2359 o·
952 2298 1055 2359 66611
1067 2296 1096 2358 si
1108 2297 1215 2376 ipsam
1225 2294 1461 2377 poenitentiam
1475 2291 1631 2371 accipere,
1650 2288 1767 2375 oeDeo
1781 2292 1812 2353 ei

16 2392 20 2434 r
51 2377 202 2441 61666661
214 2389 248 2435 66
259 2374 491 2447 sacerdotebus,
507 2378 578 2439 etei
591 2379 717 2459 iepram
725 2381 910 2451 habuerint,
952 2380 1258 2458 emendatipacoato
1270 2394 1333 2443 666
1346 2374 1627 2455 eonfiteripoterit.
1693 2376 1695 2379 ’
1763 2444 1768 2458 ,

16 2476 21 2518 r
54 2467 131 2523 1666
145 2475 169 2519 6
180 2457 346 2521 sacerdote
358 2457 523 2522 immitendi
534 2458 628 2537 11661·
641 2480 708 2528 666
720 2481 785 2545 uuo
804 2478 911 2528 caeer-
993 2461 1081 2525 ldem
1096 2467 1220 2525 trachia
1236 2458 1490 2540 6666666166.
1506 2457 1606 2531 66661,
1632 2458 1755 2535 peccata
1778 2470 1811 2516 a·

16 2558 20 2603 r
53 2544 142 2605 dotes
155 2542 296 2617 teproeoe
308 2540 443 2618 1661661.
460 2546 490 2603 61
500 2542 697 2621 immundos,
709 2550 841 2628 666666
854 2547 911 2610 ho·
953 2546 1121 2607 moiaesse
1147 2544 1333 2607 condienda:
1358 2542 1565 2605 1661166616.
1592 2536 1700 2616 iuquit,
1723 2542 1811 2599 ante·

16 2642 20 2685 r
53 2624 149 2687 heont
159 2624 310 2687 notitiam
323 2624 452 2702 leprosi
467 2627 498 2685 et
519 2629 643 2703 6666161
653 2630 835 2695 discernere
854 2631 913 2711 qni
953 2642 1054 2708 ortum
1068 2626 1261 2705 6666166616,
1277 2626 1439 2703 donimane
1454 2623 1579 2687 emorita:
1588 2620 1661 2703 y‘am
1674 2618 1809 2681 ronahe·

16 2726 20 2766 r
51 2706 306 2788 mundorumve
319 2707 507 2770 immundus
520 2709 573 2771 sit.
593 2708 754 2787 Quomodo
769 2710 913 2793 erpoini
952 2712 1011 2775 rie.
1027 2709 1098 2777 Non
1111 2708 1496 2787 confitentisooneeieatia
1528 2706 1653 2776 saniem
1678 2702 1810 2781 6611666·

16 2810 19 2852 ι
52 2790 219 2868 leprosum
230 2788 380 2851 sacerdos
392 2790 566 2858 mundum.
580 2795 632 2857 uei
644 2797 852 2861 immundum
864 2796 912 2873 ra·
952 2800 1015 2869 rut,
1032 2800 1197 2872 apostema
1211 2796 1383 2859 tumuerat.
1397 2784 1812 2865 6661666166666166666

16 2879 19 2936 i
53 2874 110 2935 cit:
125 2871 281 2933 61661616
294 2871 470 2949 6111961661
482 2874 576 2937 661611
595 2876 764 2959 epiecopus
787 2886 818 2943 et
840 2895 911 2957 pre·
952 2874 1458 2941 masinehanudhthetmedtcac
1471 2872 1614 2949 fomenta
1627 2866 1810 2940 66666666,

52 2954 175 3035 septen·
190 2968 259 3049 666
272 2968 336 3023 666.
351 2954 409 3033 oni
420 2954 563 3019 ineuntes
575 2967 661 3031 6661,
675 2962 726 3025 661
736 2964 844 3027 noeti.
855 2964 913 3026 sed
954 2966 984 3023 et
999 2960 1180 3040 attqaanda
1195 2962 1293 3028 cecat.
1319 2954 1449 3019 adtribui
1472 2950 1667 3017 medicinale
1688 2950 1813 3029 166666

17 3061 18 3102 r
52 3053 115 3115 pro
127 3034 304 3132 6111666666
317 3045 608 3115 mempeceaterum
621 3046 912 3109 audieritoarietu·
955 3044 995 3107 in
1010 3044 1210 3122 correptione
1223 3039 1453 3105 tribulationie.
1472 3035 1516 3097 th
1541 3048 1678 3114 apnoeae
1698 3032 1818 3097 medici

17 3150 18 3153 ¹
53 3127 111 3192 tes,
127 3126 188 3182 emt
202 3134 262 3200 qut
273 3118 427 3198 ttpandus
440 3120 493 3194 eit,
509 3123 603 3201 quiue
625 3126 808 3192 eoiuendus.
833 3129 914 3191 ilaec
955 3142 1104 3198 manum,
1120 3122 1279 3203 66661666,
1295 3127 1391 3188 66661
1402 3120 1440 3184 in
1454 3116 1661 3196 6661666666,
1674 3114 1815 3194 6166116·

17 3230 18 3269 r
55 3204 121 3266 itte.
137 3201 205 3276 Quo
218 3203 288 3265 toeo
301 3219 329 3266 s.
346 3200 552 3282 Hieronymus
565 3210 759 3284 apertissime
772 3212 873 3278 docet.
882 3227 914 3272 o·
958 3206 1325 3284 cenomannensium
1339 3200 1546 3283 emuitmy'am
1570 3201 1703 3264 iactare:
1728 3199 1816 3278 qnod

17 3342 18 3351 ,
55 3290 180 3364 pariere
194 3283 388 3348 sacerdotem
402 3284 509 3348 audire
524 3297 718 3366 peccatorum
744 3293 915 3368 uarietates,
957 3292 1189 3372 reliquentem,
1204 3289 1300 3366 facile
1313 3285 1495 3352 aanohitnr.
1512 3283 1599 3347 Certe
1614 3281 1714 3346 amois
1734 3281 1814 3344 sani·

56 3373 147 3446 atquc
162 3366 193 3429 id
209 3383 265 3446 pro
279 3365 381 3430 officio
395 3383 466 3445 suo;
481 3384 519 3432 ex
541 3387 602 3451 ouo
623 3374 836 3456 intcttigiuyus.
853 3393 915 3439 666
959 3389 1005 3448 66,
1021 3374 1123 3438 66616
1135 3379 1257 3452 paccata
1274 3369 1471 3450 significahat
1484 3367 1562 3430 sicut
1577 3381 1613 3428 ex
1628 3367 1816 3444 apostemate

57 3450 131 3513 satis
146 3465 217 3512 esse
232 3449 260 3514 si
274 3451 470 3528 poenitentes
484 3457 667 3532 generatim,
681 3466 732 3521 aut
755 3459 915 3522 manifesta
958 3457 1061 3520 omnis
1075 3457 1178 3518 sanies
1192 3471 1282 3532 auam
1297 3448 1531 3532 diligentissime
1545 3446 1742 3528 exprimenda
1754 3452 1813 3520 est,

17 3568 18 3605 r
57 3539 183 3611 6666616
198 3531 753 3612 tantumconssteaotur,sedamnioo
773 3557 915 3605 neeesse·
958 3527 1814 3619 161661661666611666661666666161666616661666

17 3648 18 3687 ,
58 3615 731 3696 61666666,6161661116116666661666616
752 3624 917 3689 sucerdoti-
958 3619 1221 3701 aperiendasunt.
1337 3654 1338 3660 κ

17 3766 18 3771 ,
58 3695 119 3759 1116
133 3697 290 3777 delegant·
1000 3704 1087 3768 idem
1103 3705 1193 3767 etiam
1208 3698 1374 3781 iuyustino
1388 3694 1524 3760 intertuit
1538 3691 1669 3758 coneilio
1683 3691 1738 3756 ΙΙΙ.
1751 3707 1816 3754 oer-

99 3779 858 3866 Νθ166166666666666661666661161116666
871 3785 927 3852 sn·¹
964 3786 1196 3866 thuginieosimt
1211 3782 1381 3848 canonibus
1396 3779 1468 3861 ejus.
1479 3795 1548 3840 cum
1563 3775 1692 3839 coeteris
1713 3775 1816 3850 ccept-

61 3863 238 3925 cerdotihus
251 3863 449 3944 tertttctsayut
463 3865 579 3944 lepram
595 3886 656 3934 666
671 3887 742 3936 rere
759 3873 916 3947 curabant,
961 3871 1066 3951 scupis
1081 3871 1146 3932 suis
1160 3861 1486 3946 subscripsitzpruinde
1501 3874 1649 3924 canonem
1664 3858 1750 3922 iilum
1762 3857 1814 3924 tt.

62 3945 116 4038 sed
133 3945 342 4009 declarabant.
356 3946 431 4010 1166
444 3946 612 4016 similitudo
626 3953 657 4016 16
672 3969 710 4018 eo
723 3955 824 4020 sotum
845 3971 917 4018 con·
961 3969 1055 4030 supra
1072 3954 1198 4016 6116166
1210 3950 1278 4014 sine
1293 3946 1387 4011 dubio
1401 3941 1590 4024 approbarit.

62 4026 152 4103 sistit,
169 4028 251 4107 huod
265 4029 520 4108 quemadmodum
535 4037 711 4101 sacerdotes
726 4037 838 4102 ieritici
855 4055 917 4106 666
1001 4035 1137 4099 liabetur
1150 4035 1222 4099 item
1238 4035 1269 4094 16
1284 4029 1315 4092 i.
1332 4037 1413 4092 mmo
1438 4043 1564 4105 operum
1592 4041 1620 4089 s.
1642 4021 1815 4102 huyustini,

61 4117 202 4186 10161661
214 4111 357 4190 leprosos
369 4129 478 4176 curare
492 4115 561 4179 sine
576 4119 713 4196 ipsorum
728 4123 918 4199 cooperatio·
960 4119 1040 4182 iiher
1053 4120 1096 4182 de·
1107 4133 1178 4180 aera
1193 4121 1224 4180 et
1237 4115 1311 4178 talea
1327 4109 1524 4192 poenitentia,
1541 4107 1680 4187 66111661
1698 4120 1758 4166 666
1775 4104 1816 4163 ri·

62 4195 642 4274 116.801151161)01661616.816166166
664 4203 844 4283 judicabant
863 4219 918 4268 eos
961 4202 1069 4266 dentur
1083 4217 1110 4264 s.
1127 4197 1286 4280 Augustini
1312 4210 1395 4267 esse,
1421 4199 1521 4256 tamen
1547 4189 1652 4271 negari
1677 4203 1740 4250 nun
1762 4201 1816 4281 po·

61 4288 130 4336 esse
145 4277 299 4354 16666666,
314 4283 346 4340 61
359 4295 376 4340 6
389 4281 546 4344 consortio
566 4291 756 4349 caeterarum
776 4301 919 4366 segrega·
960 4284 1109 4366 test,quin
1126 4286 1166 4346 sit
1179 4283 1309 4360 aiicujus
1324 4275 1634 4354 autiquiprohntityue
1646 4270 1816 4349 scriptoris,

17 4404 18 4407 ,
58 4354 141 4419 bant:
155 4359 204 4422 sic
218 4360 310 4423 atium
324 4361 502 4426 sacerdotes
516 4365 686 4445 christiani,
702 4385 763 4434 aon
789 4375 919 4449 possunt
958 4385 1030 4432 aum
1045 4368 1118 4430 inde
1132 4365 1293 4428 Gratianus
1307 4367 1339 4423 et
1354 4359 1461 4422 Petrus
1475 4355 1664 4420 Lambardus
1680 4399 1689 4428 ,
1716 4351 1810 4448 muita

17 4484 18 4493 .
57 4439 553 4534 66166666616616166666616666
571 4450 835 4527 justinianeum
856 4452 918 4533 ipsi
961 4449 1132 4515 testimonia
1147 4449 1177 4508 in
1195 4447 1291 4510 tthros
1309 4459 1383 4506 suos
1409 4441 1578 4504 retulerint.
1607 4438 1641 4500 16
1670 4449 1707 4498 66
1722 4441 1814 4512 tyriae

57 4528 144 4584 eham
161 4540 218 4603 per
233 4525 452 4591 Paenitentiam
466 4534 498 4591 et
510 4531 738 4597 contessionem
751 4551 919 4615 coopereu·
960 4533 1017 4598 tih.
1033 4549 1062 4596 e.
1079 4532 1128 4594 16.
1146 4529 1255 4608 Quem,
1270 4525 1543 4604 incutapaenitet,
1558 4517 1815 4597 6661666661-

17 4650 18 4681 ,
57 4609 114 4698 itit.
130 4614 232 4703 temen
248 4607 275 4671 si
300 4619 516 4693 cooperentur,
540 4616 632 4693 piane
653 4623 794 4695 pussant.
818 4618 918 4691 Quare
959 4621 1036 4686 teat.
1052 4621 1082 4678 et
1096 4615 1238 4678 domnam
1252 4609 1426 4690 lachrymis
1440 4607 1603 4676 ostendat,
1627 4613 1813 4694 repraesen-

57 4687 136 4750 tdcm
151 4708 181 4750 s.
199 4689 402 4770 hieronymus
416 4709 485 4756 eum
501 4698 642 4761 dixisset:
658 4699 721 4763 Pro
742 4700 845 4780 officio
859 4717 917 4764 666
961 4706 1004 4762 tet
1011 4700 1113 4762 611666
1125 4711 1221 4759 suam
1240 4695 1303 4756 Deo
1316 4691 1586 4771 perseuerantem
1600 4732 1608 4758 ,
1622 4683 1813 4780 praecantat

17 4818 19 4855 t
58 4779 350 4851 6111111666616666
363 4778 506 4842 audierit
520 4782 699 4859 6661616166,
715 4799 776 4847 666
791 4784 918 4859 addidit,
956 4784 1122 4862 judiciam
1143 4779 1269 4856 Deiper
1283 4775 1524 4852 confessionem.
1547 4771 1712 4845 Praecepit
1726 4779 1814 4860 6666

17 4894 18 4935 t
60 4852 916 4946 66116611166166611.661666616665,366;ρμςιῑραπ.
962 4867 1117 4930 Dominus
1128 4862 1305 4930 mundatis,
1317 4864 1353 4920 61
1363 4857 1565 4920 ostenderent
1579 4847 1815 4915 marcomann-
1855 4897 1856 4900 ,

16 4980 19 5021 ,
60 4937 492 5018 666611,661666616666666.
509 4946 659 5012 Sacerdos
672 4949 767 5026 enim,
796 4966 852 5028 pro
868 4967 920 5029 po·
963 4949 1034 5012 hus:
1050 4939 1541 5022 6666666666666116666666116
1555 4931 1818 5026 6666666666-

17 5056 19 5103 ,
61 5023 170 5112 testate
184 5023 271 5085 61616
287 5021 408 5086 Christo
421 5043 583 5106 concessa,
598 5038 778 5108 peccatores
802 5034 919 5105 impoe-
963 5037 1050 5102 eota,
1066 5042 1134 5092 nan
1145 5043 1204 5106 per
1216 5025 1457 5090 6666166666
1469 5037 1530 5100 par
1542 5019 1697 5096 scriptum
1710 5027 1816 5092 marre·

17 5144 20 5187 ,
62 5106 196 5166 nitentes
210 5105 295 5184 hyat,
312 5108 507 5184 poenitentes
521 5111 621 5189 scirit,
638 5121 668 5176 et
681 5129 742 5176 aon
765 5115 863 5178 sotum
885 5115 921 5178 li·
963 5114 1124 5192 sectanda.
1141 5111 1176 5171 ht
1190 5107 1278 5170 inira:
1298 5104 1401 5181 Quare
1417 5105 1475 5185 qni
1495 5099 1640 5178 confiteri
1665 5097 1732 5160 unit
1744 5109 1817 5174 peo-

16 5214 21 5273 3
63 5191 148 5278 antus
164 5195 215 5250 aut
229 5190 348 5252 sotutos
374 5190 520 5255 dedarct.
547 5194 693 5269 Quocirca
721 5214 782 5260 uon
807 5203 924 5279 pugnat
964 5192 1245 5260 uetantinoeniat
1271 5191 1432 5269 pontium,
1461 5189 1597 5266 onomat
1623 5180 1820 5273 sacerdotem

17 5311 21 5349 r
67 5263 268 5348 111610111111118
282 5288 351 5334 61161
368 5272 661 5356 chrysostomum
676 5281 775 5343 totth.
791 5281 922 5344 adesa·
967 5281 1120 5343 ocientem
1132 5277 1274 5350 11666661
1286 5272 1417 5334 sonere:
1432 5284 1475 5331 ne
1488 5283 1562 5330 emm
1580 5265 1746 5343 neyiipenc
1760 5273 1821 5356 ocn-

16 5394 22 5443 ¹
69 5351 215 5427 cerdone,
229 5354 347 5430 scribit,
364 5359 543 5422 sacerdotes
570 5359 709 5425 teriticoe
722 5379 784 5425 noa
799 5380 925 5441 purges·
969 5348 1740 5432 66666661116611,6661166166661116,661666
1762 5357 1821 5406 me·

16 5450 20 5523 5
67 5443 111 5504 se,
127 5435 183 5496 sed
197 5436 374 5501 dectarnsse
389 5439 505 5518 iepram
519 5445 723 5521 corporatem,
749 5447 926 5509 sacerdotes
969 5443 1174 5508 eerioorditer
1185 5445 1301 5501 monet.
1319 5437 1354 5497 ua
1368 5452 1436 5512 cap.
1454 5435 1504 5494 tt.
1520 5432 1558 5514 de
1573 5428 1710 5510 peccatis
1723 5424 1825 5522 occui-

16 5565 21 5610 ,
68 5521 165 5578 uatem
181 5519 368 5583 otuisriaaos
382 5537 445 5585 nan
460 5524 628 5603 declarare,
644 5533 700 5591 sed
713 5529 805 5607 ptana
817 5545 925 5609 purga·
963 5528 1023 5590 tis.
1035 5525 1072 5588 81
1084 5529 1263 5606 peecatum,
1280 5517 1388 5599 inquit,
1405 5515 1566 5580 occuitum
1590 5517 1634 5575 eet
1651 5559 1658 5584 ,
1688 5507 1827 5601 suffiunt

17 5674 18 5691 .
69 5609 101 5658 ¹⁰
115 5598 230 5677 161116]
245 5603 449 5682 spirituatem.
970 5609 1090 5689 661666
1102 5603 1300 5672 innotitiam
1313 5599 1499 5664 sacerdotis.
1516 5595 1552 5660 lit
1567 5611 1635 5674 cap.
1653 5591 1701 5656 tt.
1718 5593 1756 5654 de
1768 5605 1827 5652 crr-

16 5727 21 5772 ,
108 5678 185 5744 Vide
198 5688 332 5748 eundem
348 5687 566 5771 hieronymum
592 5691 623 5754 in
649 5699 815 5759 comment.
843 5693 929 5786 edi,
976 5681 1598 5778 66661661116666661666666666166661.
1621 5675 1828 5754 1616611666·

138 5781 296 5840 Benearnum
316 5785 374 5841 161.
396 5789 441 5843 itt.
1571 5776 1606 5834 gg
