4084 6275
873 325 972 385 tices
989 326 1141 395 QUARTUS
1750 328 1799 383 tit

87 466 175 516 cum
189 460 363 533 poeniteat
376 465 566 532 acimumet
578 462 625 523 ad
636 460 773 524 meliora
786 476 968 534 conuersas,
1015 462 1188 545 lachrymis
1203 462 1293 527 debet
1304 460 1644 542 peccatumsuumsed
1653 458 1751 523 etiam
1765 474 1869 523 emen·

85 538 292 615 salissam
305 543 380 606 lleo.
1013 546 1199 610 dationibus
1209 548 1300 625 sactis
1316 548 1452 624 operire.
1469 552 1498 607 et
1518 553 1619 624 therc
1647 542 1764 604 delicta
1777 558 1870 621 supe·

135 619 174 713 S.
195 620 344 703 Hylarius
358 628 388 688 in
404 628 514 705 psalm.
531 624 765 703 stampenses
786 628 969 691 versiculum
1011 630 1115 699 nora,
1136 635 1254 693 utnon
1279 630 1310 691 ei
1328 630 1504 707 imputetur
1529 630 1708 707 peccatam.
1729 624 1805 687 Item
1831 626 1870 687 ad

87 700 253 767 ultimum
266 709 371 772 literae
381 709 577 772 emmaum
588 724 753 788 aquarum
763 710 971 777 deducerunt
1014 712 1167 789 virginem
1182 714 1309 790 lapsam,
1325 728 1393 789 cap.
1409 710 1440 773 8.
1460 711 1582 774 Grandi
1602 709 1730 788 playae,
1744 706 1868 785 inquit,

87 785 192 879 osuii
206 792 290 858 mei,
305 794 416 868 inquit,
429 798 636 870 peccatorum
648 798 800 857 ueterum.
816 800 853 855 ut
875 795 969 857 histo·
1012 794 1081 856 alta
1108 801 1138 857 et
1150 798 1284 875 prolina
1298 809 1378 873 optes
1393 798 1437 855 est
1457 793 1633 857 medicina:
1654 792 1778 869 qrarsde
1806 806 1870 851 sce·

86 881 151 927 rsa
165 870 255 947 ipsa
268 876 411 945 dacehtr.
428 874 500 936 licet
514 880 577 936 toto
594 876 733 936 cordcsc
747 875 913 941 diremerit.
924 886 970 940 ta·
1013 876 1075 948 lus,
1090 878 1252 956 quandem
1263 878 1480 949 successorium
1494 874 1587 939 habet
1602 872 1869 950 satisfactionem.

81 962 172 1012 men
188 957 317 1033 quiaet
324 957 510 1036 peccatisui
520 956 664 1019 denseta
677 960 969 1036 antereipsoscri·
1012 957 1099 1021 Idem
1113 962 1144 1023 iu
1162 964 1216 1025 ttb.
1233 964 1271 1022 dc
1288 960 1350 1019 hita
1377 961 1545 1031 eliciente,
1556 975 1625 1035 cap.
1641 955 1866 1027 ibliahcmus,

80 1035 214 1108 aseris,
234 1044 314 1102 tune
334 1056 409 1102 cum
422 1038 549 1101 dathan
558 1038 719 1116 propheta
731 1043 969 1119 aequanimam·
1012 1041 1133 1118 iuquit,
1148 1046 1247 1123 plura
1266 1040 1426 1112 subsidia,
1453 1040 1569 1121 quibus
1598 1045 1732 1117 peccota
1757 1042 1871 1100 nostro

81 1128 172 1177 men
187 1122 534 1200 suamrecoynooitct
545 1120 644 1199 flebit:
657 1136 748 1184 nasac
761 1139 890 1204 qaoque
902 1142 971 1189 aaa
1009 1126 1221 1189 redimamus.
1235 1125 1409 1188 Pecuniam
1430 1122 1545 1186 habes?
1557 1122 1680 1185 redime
1703 1126 1870 1198 peccalum

84 1195 223 1291 desinit
237 1221 333 1267 aerae
354 1204 571 1267 Paenitentioe
585 1203 769 1284 lachrymis,
798 1206 876 1283 tacti
887 1214 970 1270 octe·
1012 1212 1120 1270 tuum.
1132 1210 1199 1272 tlon
1218 1208 1342 1271 uenalis
1354 1212 1399 1268 est
1413 1206 1578 1277 Dominus,
1607 1203 1664 1265 sed
1684 1208 1719 1264 tu
1736 1203 1805 1279 ipse
1819 1218 1870 1264 ue·

84 1287 289 1349 monimen
302 1286 446 1349 abhinc.
472 1286 509 1347 hl
533 1284 622 1347 intra:
644 1286 729 1349 llaec
749 1287 970 1354 Paenitentiac
1008 1291 1096 1353 realis
1111 1308 1154 1363 es,
1169 1292 1308 1369 peccatis
1324 1290 1386 1351 tuis
1399 1290 1606 1351 occaecatas
1635 1300 1680 1347 es:
1700 1286 1825 1348 redime
1841 1288 1870 1347 tc

83 1376 160 1427 uam
183 1375 248 1437 est,
264 1370 439 1451 lachrymis
459 1384 565 1436 mare,
588 1368 764 1449 lachrymis
783 1373 969 1449 inqemisee·
1011 1373 1160 1453 mnibus
1175 1374 1248 1451 tuis,
1263 1373 1386 1437 redime
1401 1372 1582 1451 tepecunia
1597 1374 1664 1431 tua.

82 1460 138 1516 re,
156 1457 191 1510 et
212 1466 278 1529 per
291 1451 622 1528 hanccontidentiam
635 1453 755 1515 diacre:
770 1453 897 1516 leuabo
908 1474 970 1535 per
1052 1455 1084 1519 S.
1101 1456 1264 1536 Gregorius
1280 1456 1480 1517 nazianzenus
1494 1453 1524 1514 in
1540 1450 1677 1515 oratione
1699 1450 1737 1511 de
1753 1465 1866 1528 paupe·

82 1529 253 1609 sinqulas
265 1542 374 1597 noctes
388 1536 504 1596 tectum
513 1534 834 1597 meumllaeeocnia
845 1542 970 1613 peccati
1012 1553 1078 1600 rum
1095 1556 1210 1613 amore,
1226 1554 1321 1617 prope
1336 1542 1481 1599 extrema:
1498 1532 1730 1603 Misericordia,
1745 1532 1867 1611 iuquit,

84 1619 151 1705 ξδ’»
167 1614 414 1697 imitabilium
426 1617 525 1697 hire,
546 1625 583 1679 ttt
603 1617 695 1695 laryo
725 1618 969 1698 lachrymarum
1011 1626 1041 1682 et
1053 1620 1117 1700 tide
1124 1629 1258 1703 peccata
1271 1626 1465 1700 purqoatm.
1479 1618 1562 1695 erqo
1573 1614 1780 1678 manatione
1788 1630 1866 1692 pur·

83 1694 201 1788 ambre
212 1699 398 1779 enodeticri.
412 1700 458 1761 lix
473 1701 531 1761 hoc
546 1699 720 1764 testimonio
742 1700 893 1764 babemus
909 1704 966 1767 lla·
1009 1720 1135 1782 yemar,
1152 1706 1321 1785 animique
1349 1702 1435 1766 labes
1456 1707 1485 1765 et
1503 1700 1765 1779 inquinamenta.
1782 1712 1868 1775 epro-

85 1778 200 1841 mdcm
218 1791 292 1859 post
312 1783 477 1861 postcomm
494 1782 729 1844 conversionem
757 1790 789 1845 et
803 1784 966 1865 indulgen·
1010 1788 1068 1862 qia
1079 1787 1141 1850 illa
1152 1788 1250 1851 herba
1264 1788 1467 1864 actmqomas
1490 1800 1528 1845 ac
1550 1780 1746 1851 decidemus,
1761 1778 1821 1841 alii
1834 1784 1870 1841 nt

84 1859 166 1922 tiam
184 1866 312 1941 culpae·
327 1866 491 1942 adeptam,
518 1864 684 1943 lachrymis
709 1873 868 1945 peccalum
894 1869 968 1932 otim
1010 1871 1102 1946 lano,
1119 1870 1178 1933 alii
1190 1874 1227 1933 ut
1240 1871 1302 1933 nin
1313 1886 1374 1949 pro
1386 1866 1626 1929 misericordiae
1639 1862 1786 1925 uidelicet
1799 1876 1870 1939 pao·

82 1946 305 2010 commissum
326 1948 475 2017 abluisse.
502 1950 573 2023 qaia
597 1948 738 2011 uidelicet
753 1949 968 2029 intelligebat,
1008 1954 1169 2031 portione.
1185 1954 1268 2015 idem
1286 1954 1316 2013 iu
1328 1950 1467 2014 oratioue
1496 1950 1526 2010 in
1543 1951 1681 2009 sanctum
1697 1943 1869 2014 lavacrum,

85 2034 164 2103 post
175 2029 306 2109 eulpam
320 2031 494 2100 remissam,
507 2035 624 2091 reatum
638 2045 756 2108 poenae
767 2034 967 2111 remansissc3
1010 2034 1096 2105 dicit,
1113 2036 1286 2099 cicatricem
1303 2051 1341 2097 ex
1367 2037 1563 2109 peccalorum
1578 2026 1757 2090 uulneribus
1772 2042 1869 2087 rema·

88 2110 147 2184 aui
164 2110 387 2175 Salislactionc
399 2112 577 2191 purgandus
589 2119 685 2175 esset:
703 2112 852 2176 babemus
863 2115 966 2191 etiam,
1011 2124 1150 2193 ncntcnr,
1162 2119 1274 2181 obduci
1290 2116 1411 2180 obnixis
1426 2114 1571 2193 precibus
1591 2158 1598 2180 .
1624 2110 1728 2174 multis
1745 2110 1825 2175 luctu
1842 2114 1872 2170 et

88 2192 222 2255 reniam
239 2196 357 2274 peceati
373 2210 457 2263 csse,
469 2195 552 2257 tonte
563 2194 691 2257 fletuum
705 2195 792 2268 llere,
810 2196 902 2263 idest.
916 2215 967 2262 co·
1010 2202 1125 2279 gemitu
1155 2209 1186 2263 et
1201 2200 1377 2279 lachrymis.
1392 2198 1477 2259 ldem
1499 2194 1634 2256 oratione
1658 2194 1687 2252 in
1703 2197 1807 2280 sancta
1823 2190 1868 2253 lu·

90 2274 201 2351 piosis
217 2275 384 2356 lachrymis
399 2276 516 2339 reniam
532 2279 601 2339 sinc
612 2277 707 2339 dubio
721 2278 864 2340 obtineri.
881 2281 965 2344 idam
1011 2284 1105 2356 ruina,
1122 2290 1318 2364 posteaquam
1334 2282 1428 2345 malls
1444 2280 1559 2342 dixerat
1586 2276 1624 2337 de
1647 2274 1800 2352 Baptismo
1826 2274 1868 2333 la-

88 2374 166 2419 can.
183 2360 218 2421 i.
232 2362 263 2421 ia
279 2360 385 2421 llatth.
401 2376 462 2421 non
476 2360 612 2437 procula
626 2359 699 2421 flue:
717 2358 964 2439 Quiacharitas,
1011 2366 1134 2429 borloso
1149 2367 1368 2436 haesitantiae,
1384 2361 1555 2441 subjungit:
1582 2358 1722 2437 Aequalc
1736 2360 1782 2418 est
1801 2371 1870 2417 ma·

88 2438 623 2521 inquit,plurimmnpecaotarum
650 2443 737 2520 tepit,
763 2450 794 2506 et
820 2460 967 2510 errorum
1009 2448 1120 2513 lamet
1135 2450 1280 2513 dimissio
1302 2446 1422 2527 absque
1436 2442 1658 2522 costtqattoac,
1680 2445 1709 2501 et
1732 2438 1867 2517 castiqu-

87 2524 471 2588 nostrorumambitiosa
497 2526 544 2587 ad
557 2524 657 2587 ileum
677 2531 820 2602 patrona
834 2536 892 2603 est,·
908 2546 965 2591 no·
1010 2533 1053 2593 tia
1067 2532 1258 2607 sincoenia;
1271 2528 1537 2611 quandoquidem
1560 2524 1622 2586 illa
1645 2521 1870 2584 totasrelamat

88 2607 269 2670 mamam
277 2609 404 2686 poenae
417 2608 635 2686 quadrantem
644 2608 883 2678 solvemusmisi
893 2628 965 2689 pre·
1010 2614 1165 2683 habenas,
1182 2614 1344 2677 haccoera
1357 2613 1498 2675 nimium
1516 2606 1694 2685 restrinyit;
1720 2618 1778 2681 qua
1796 2616 1867 2665 sen·

87 2689 136 2749 tio
150 2691 263 2767 ipsius
283 2691 531 2769 aliquantorum
557 2690 733 2752 mininam
760 2691 858 2770 culpa
879 2695 966 2756 redi·
1009 2698 1103 2758 tentia
1120 2698 1249 2775 pulchre
1275 2696 1387 2759 retetlil
1414 2691 1593 2756 Novatianos
1621 2694 1652 2750 et
1678 2687 1868 2748 Luthcranos

88 2786 245 2833 mamus.
259 2773 337 2833 lide
351 2789 442 2850 quam
457 2773 767 2852 perspicus-magnus
789 2775 840 2835 hie
858 2775 967 2841 doctor
1008 2779 1097 2856 (licet
1111 2780 1142 2841 hi
1159 2780 1293 2842 nontlum
1309 2778 1370 2839 nati
1387 2776 1505 2852 essent)
1517 2769 1670 2835 Novati-aui
1682 2770 1764 2830 enim
1780 2768 1868 2829 casti·

88 2854 250 2930 operibus
265 2854 420 2916 charitatis
435 2855 543 2917 redimi
558 2854 638 2917 dicat
648 2870 715 2917 cam
727 2871 964 2938 poseam,qaam
1012 2863 1167 2939 gallonem
1183 2859 1381 2923 admittebant
1406 2858 1474 2920 sinc
1502 2870 1558 2933 spe
1583 2850 1797 2925 absolutionis,
1810 2848 1871 2912 Lu·

90 2936 186 3014 culpa
204 2938 411 2999 debebamus.
1010 2945 1130 3007 theraci
1143 2950 1247 3007 contra
1264 2942 1486 3005 absolutionem
1499 2939 1567 2999 sinc
1583 2933 1780 3013 castigatione
1796 2948 1868 2995 con·

134 3022 170 3079 S.
182 3020 324 3082 ¹basilius
345 3022 376 3081 in
407 3019 485 3097 psal.
507 3018 560 3082 29.
590 3034 751 3098 exponens
780 3021 963 3085 uersiculum
1010 3028 1138 3089 cedunt.
1151 3026 1251 3098 Quare
1266 3026 1346 3088 sicut
1357 3022 1527 3103 Cyprianus
1541 3019 1581 3079 de
1595 3006 1767 3079 Navaticnis
1781 3015 1867 3089 dixit,

87 3100 197 3164 illum:
217 3101 588 3181 dmnmaapmncmm
612 3118 720 3166 meum
744 3104 783 3166 in
806 3106 968 3182 quautam
1010 3111 1081 3172 illos
1097 3109 1286 3172 subtraxisse
1302 3109 1341 3171 de
1357 3105 1568 3171 Satistaclione
1597 3098 1790 3171 medicinam,
1816 3096 1871 3162 tib.

88 3185 188 3246 mihi·
206 3185 285 3258 Sed,
301 3185 412 3264 inquit,
428 3191 460 3248 et
472 3185 695 3249 mmentantur
713 3184 804 3248 nobis
829 3188 966 3267 prophe·
1011 3193 1043 3254 l.
1060 3189 1151 3272 epist.
1168 3193 1198 3253 2.
1215 3193 1254 3253 ita
1271 3209 1328 3253 nos
1341 3191 1443 3252 dicere
1460 3181 1869 3267 possumosdelmberaats,

90 3274 158 3340 tae,
176 3270 226 3330 aot
239 3269 361 3331 luctum
373 3273 663 3346 aosprooocantes,
675 3268 820 3332 utsimut
833 3272 878 3332 ad
891 3286 965 3334 coa·
1012 3293 1067 3338 cos
1083 3275 1266 3338 econtrario
1282 3272 1461 3338 subtrahere
1474 3271 1512 3333 de
1524 3266 1677 3330 medicina
1690 3264 1871 3328 satisfactio·

91 3349 272 3427 tessiortcm
296 3357 325 3412 et
339 3352 556 3428 coqaitionem
563 3357 770 3430 peccatorum
785 3359 967 3414 nostrorum
1013 3373 1096 3419 nem.

93 3433 212 3507 delati,
229 3433 701 3513 eaprophettcisscnnoatbus,
716 3442 904 3497 nostrontm
916 3437 964 3499 tu·
1052 3439 1085 3502 S.
1101 3439 1250 3501 cacianus
1265 3441 1295 3498 in
1312 3434 1470 3516 paraenesi
1483 3434 1519 3494 ad
1534 3429 1867 3500 Paenitentiamextre-

93 3531 233 3591 yonam
245 3517 396 3586 esitium.
412 3515 577 3578 tubantes
596 3517 718 3587 metm,
745 3523 776 3578 et
799 3521 966 3582 caumas
1010 3539 1072 3584 na:
1091 3522 1242 3590 cusator,
1257 3520 1365 3599 inquit,
1391 3521 1421 3582 ot
1435 3518 1607 3592 comeam,
1636 3527 1678 3575 ac
1698 3512 1871 3590 pauentia

93 3603 245 3661 nostram
257 3615 390 3661 earnem
404 3597 593 3678 attiipendo.
604 3600 645 3662 lii
656 3615 737 3662 sane
751 3602 809 3679 qui
822 3601 896 3662 talis
907 3608 962 3675 est,
1009 3606 1069 3668 hoe
1083 3621 1189 3684 opere,
1204 3619 1247 3667 ne
1261 3604 1370 3680 ptqcac
1391 3603 1576 3678 opportuna
1591 3643 1599 3671 ,
1629 3593 1871 3674 quamprimum

94 3680 245 3759 luqubris
259 3681 371 3744 oestms
386 3682 614 3759 disnimpitar.
637 3698 739 3761 auam
751 3682 814 3746 sibi
827 3684 962 3746 chaum·
1006 3690 1155 3751 remedia
1167 3687 1281 3750 salutis
1294 3685 1451 3747 inuadere
1468 3727 1476 3748 .
1506 3679 1643 3760 dejicere
1666 3674 1866 3738 momonbus

92 3771 261 3840 posuerat,
277 3763 498 3843 suumiuqcns
520 3770 702 3842 peccatum:
730 3764 805 3828 huic
833 3767 965 3828 tandem
1008 3771 1170 3836 animum.
1186 3785 1279 3832 socco
1294 3763 1591 3845 corpusiaooloere,
1614 3758 1866 3836 cincrepertun·

95 3847 355 3925 urmmponnur
375 3847 512 3910 orantus
534 3847 676 3910 laetitae
696 3854 726 3909 ct
748 3848 888 3926 pallium
911 3865 963 3911 so·
1008 3855 1098 3926 dere,
1117 3848 1431 3928 macerarey'cy'maio.
1447 3859 1591 3910 moerore
1603 3840 1767 3919 conicere.
1781 3839 1864 3902 mul·

97 3927 172 3990 lutis
187 3935 245 3992 etc.
268 3928 333 3991 Hoc
347 3930 416 3990 loco
443 3929 519 3992 satis
546 3936 651 4007 aperte
676 3945 804 4009 magnus
832 3929 963 3995 Basilius
1006 3942 1114 3999 tarum
1127 3934 1275 4015 precibus
1296 3933 1466 4012 amavere.
1496 3929 1535 3990 ln
1562 3931 1720 4008 qnantum
1740 3937 1866 4001 poenae

95 4011 198 4083 docet,
216 4011 376 4073 laboribus
396 4016 428 4072 et
441 4011 608 4081 aerumnis,
623 4011 738 4089 quibus
759 4011 901 4091 affligitur
913 4032 962 4076 es·
1004 4023 1131 4082 amirae
1145 4033 1213 4081 non
1231 4015 1448 4096 peperceritis.
1463 4015 1501 4077 in
1521 4015 1649 4073 tantum
1673 4004 1761 4068 uobis
1787 4006 1868 4068 heles

95 4109 147 4166 ro,
162 4093 282 4172 acquiri
298 4093 441 4156 laetitiam
463 4094 673 4174 indulgentiae
696 4096 858 4156 assatutis.
875 4095 962 4160 Idem
1004 4108 1128 4180 parcet.
1144 4101 1181 4162 ht
1194 4100 1285 4160 intra:
1302 4098 1381 4160 liene
1393 4096 1559 4176 polliceor,
1582 4092 1665 4154 siud
1676 4087 1804 4152 Patrem
1816 4104 1867 4150 oe·

96 4175 186 4236 etiam
202 4179 235 4236 in
251 4175 388 4238 oratioue
403 4193 499 4256 super
514 4177 566 4238 iila
594 4177 699 4238 serbe:
729 4175 863 4240 Atnndc
890 4179 959 4244 tibi.
1005 4191 1109 4252 strum
1120 4200 1199 4248 ocra
1211 4181 1428 4258 salutacione
1449 4177 1614 4252 redeatis,
1636 4171 1720 4236 nihil
1732 4169 1867 4233 ulterius
1930 4195 1935 4202 ·

94 4255 241 4329 Attendc,
256 4259 368 4339 inquit,
385 4257 454 4329 tibi,
475 4263 513 4322 ut
525 4275 586 4338 pro
606 4259 716 4322 delicti
725 4261 933 4338 proportione
948 4311 958 4337 ,
1006 4269 1160 4335 amanda
1173 4265 1258 4330 nihil
1269 4263 1416 4343 pristinis
1431 4260 1616 4336 adiiciendo
1637 4253 1799 4335 pcccatis,
1819 4253 1867 4314 di·

96 4339 314 4422 hineqaoque
326 4342 484 4404 mutueris
505 4358 550 4404 ea
570 4343 704 4405 admota
727 4342 786 4405 tibi
804 4344 958 4420 medela,
1005 4351 1107 4413 condo
1123 4347 1351 4412 etiamhumile
1380 4344 1509 4424 aliquid
1536 4349 1565 4404 et
1577 4338 1694 4421 debila
1722 4337 1868 4399 Peccan-

94 4423 293 4488 oaletudinis
317 4425 558 4507 hmmurandoc
585 4423 777 4488 subsidium.
806 4425 960 4502 dicantem
1004 4449 1077 4494 mus
1090 4433 1310 4510 inconspectu
1323 4436 1376 4492 tuo
1390 4427 1497 4502 Pater,
1507 4425 1579 4505 iam
1599 4438 1667 4487 aon
1686 4433 1798 4483 samus
1820 4418 1868 4478 di·

96 4513 140 4567 est
153 4515 183 4569 et
194 4522 296 4586 qraoe
316 4509 505 4585 peecatum?
516 4506 621 4568 multo
634 4523 715 4586 opus
728 4507 825 4569 habes
839 4511 959 4586 contes-
1003 4517 1065 4590 qai
1075 4517 1207 4578 nomine
1220 4511 1374 4590 hilarans·
1390 4511 1542 4572 continuo
1558 4507 1597 4570 de
1610 4505 1697 4569 uobis
1722 4509 1752 4564 et
1770 4515 1867 4578 pecus

95 4589 195 4658 siorm
213 4588 389 4670 lachrymis
402 4589 628 4659 annuissetis,
641 4591 772 4667 paneri
784 4593 959 4654 contentio·
1002 4597 1088 4660 illud
1100 4598 1226 4660 recedet
1238 4595 1459 4670 immundum,
1472 4597 1501 4653 et
1510 4589 1708 4670 siliquarum
1721 4599 1795 4648 esca
1807 4583 1868 4644 de·

95 4685 137 4733 ne
150 4671 542 4752 mqitiarum,iadioulso,
558 4677 588 4734 et
615 4673 793 4737 conuocati
814 4672 957 4752 icioma.
1002 4679 1189 4756 formesela.

96 4753 328 4819 commanos
347 4752 723 4834 michrandaoffcnsio?
741 4755 959 4837 huicauoque
1015 4762 1106 4824 uos
1120 4778 1234 4824 annum
1250 4759 1369 4821 homini
1385 4757 1458 4820 tob.
1472 4756 1623 4819 babemus
1634 4753 1666 4814 in
1682 4748 1789 4828 primis
1804 4753 1867 4808 tres
1904 4771 1907 4780 ·

97 4841 297 4917 exaequetur
310 4836 523 4900 Paenitentia.
540 4837 597 4899 llic
619 4853 692 4901 vcra
717 4836 913 4916 apertissima
927 4858 958 4901 a·
1002 4859 1142 4907 summos
1157 4843 1433 4920 sanctissimosque
1456 4836 1631 4917 pontifices.
1656 4835 1688 4897 S.
1715 4831 1867 4894 innocen-

22 4928 23 4949 ³
99 4922 217 4996 gnoseit
231 4919 609 4982 basiliusSatislactionem
623 4922 808 5000 condignam
819 4937 891 4984 esse
904 4922 957 4985 de·
1001 4928 1062 4989 tius
1078 4927 1103 4990 1.
1121 4929 1151 4987 in
1168 4926 1260 5005 epist.
1278 4927 1310 4986 l.
1327 4940 1395 5001 cap.
1426 4923 1456 4983 l.
1488 4920 1667 4990 Caeterum,
1695 4913 1806 4993 inquit.
1822 4913 1862 4974 de

22 5046 23 5053 .
99 5000 182 5076 bere,
196 5009 229 5065 ct
242 5019 309 5065 cam
323 5002 553 5080 proportionem
568 5019 638 5064 cum
659 5011 787 5083 peccato
808 5004 955 5083 exigere,
999 5012 1147 5087 pondere
1162 5008 1365 5072 aestimando
1388 5006 1600 5074 delictorum,
1625 4995 1800 5063 sacerdotis
1822 4998 1867 5056 est

22 5352 25 5383 ι
99 5331 771 5412 nisijcy‘umoeluerimuspeecatanostra?
797 5334 955 5398 idemlib.
1000 5339 1187 5417 factionem.
1206 5335 1563 5414 ldcmineptst.uu.aa
1585 5327 1861 5410 episcoposllacc-
1981 5358 1989 5372 κ

104 5091 135 5144 ut
146 5100 218 5149 sere
232 5100 290 5166 per
303 5099 371 5146 cam
386 5083 517 5147 offensio
532 5093 763 5164 compensetur.
996 5091 1163 5172 jammam,
1186 5099 1223 5154 ns
1235 5090 1380 5152 attondat
1394 5089 1439 5150 ad
1450 5086 1682 5162 contessionem
1700 5079 1867 5160 poenum-

139 5166 171 5229 S.
186 5168 367 5231 habentos
378 5166 409 5228 ia
425 5166 518 5244 epist.
533 5166 586 5230 82.
602 5170 640 5232 ed
655 5169 819 5232 ecclesiam
842 5171 957 5232 vercel·
1002 5175 1041 5237 tis
1054 5181 1083 5238 et
1097 5175 1142 5238 ad
1155 5174 1259 5254 hctus,
1282 5179 1380 5250 atque
1402 5170 1586 5250 lachrymas
1603 5161 1801 5242 corriperetis
1827 5175 1866 5222 αθ

99 5247 227 5312 tensam:
246 5248 333 5326 Qttas
360 5247 466 5323 nobis,
495 5249 606 5330 iuquit,
631 5251 721 5316 sahn
749 5267 817 5314 esse
841 5256 954 5331 potest,
1001 5255 1200 5320 tondehere
1215 5255 1334 5318 dimitti
1353 5252 1555 5316 cumoiden't
1575 5263 1754 5328 conqruam
1769 5242 1867 5306 Satis·

22 5454 25 5466 .
101 5413 130 5473 ⁶2.
145 5415 182 5478 de
198 5416 398 5481 Pocuilemia.
415 5431 483 5491 cap.
500 5415 531 5476 s.
556 5415 741 5497 dirumque,
755 5417 866 5497 inquil,
882 5418 956 5482 bea·
1002 5422 1128 5494 daniae,
1145 5437 1214 5499 cap.
1237 5419 1269 5483 l.
1285 5421 1381 5498 lirqo,
1397 5419 1506 5496 iuquit,
1522 5417 1552 5479 si
1565 5417 1613 5478 ita
1627 5419 1684 5484 est,
1700 5411 1866 5490 applicen-

22 5514 26 5581 j,
101 5502 165 5559 tum
177 5500 275 5573 dimit,
291 5505 322 5562 et
335 5498 430 5579 attius
439 5497 599 5577 iniqnitas
610 5501 783 5562 immitia
795 5516 856 5579 per
869 5502 957 5564 laod·
1004 5511 1057 5568 tur
1068 5508 1114 5568 ad
1128 5505 1259 5567 ordines
1273 5501 1435 5579 sacnteqi,
1453 5499 1705 5577 adulteriatque
1720 5494 1869 5556 omnium

21 5678 25 5718 i

22 5588 25 5599 ·
102 5591 197 5653 crum
210 5585 530 5660 neuim-peccatum
549 5582 668 5661 lapitas·
687 5583 838 5662 operibus
851 5583 956 5658 bonis3
1005 5588 1269 5656 crimmumrci,
1296 5586 1377 5666 quia
1401 5583 1622 5645 benedictione
1651 5574 1867 5642 mdinationis

104 5665 258 5741 quienim
266 5667 335 5747 opit
348 5665 595 5742 Paenitentiam,
610 5683 680 5732 non
706 5668 812 5732 solam
831 5667 956 5731 diluere
1006 5672 1158 5746 crimina,
1173 5670 1317 5734 astuitia
1339 5671 1500 5748 putantur
1524 5665 1662 5744 auferri:
1690 5661 1808 5734 nahas,
1826 5657 1867 5718 sit
