4084 6275
277 340 329 401 lai
934 345 980 403 ΒΕ
997 340 1223 409 annullantur

202 491 255 572 res
269 479 457 557 postulasse.
470 476 542 538 dam
557 488 619 569 uec
628 491 656 538 s.
671 474 761 538 toan.
775 492 909 573 uuquam
924 478 1016 575 allec
1031 496 1061 541 a·
1103 482 1135 545 iu
1149 498 1264 563 genere
1277 484 1447 569 imperarit,
1464 488 1564 570 qualia
1580 500 1662 571 sunt,
1677 496 1787 568 oratio,
1813 492 1988 575 jejunium

202 558 306 623 lreuus
321 561 684 657 iueratutcnurersrone
699 564 729 619 et
743 569 955 656 resipiscente
970 580 1008 625 ao
1018 565 1062 626 ri·
1097 570 1134 627 ‘et
1148 568 1354 649 eleemosyna,
1370 578 1402 633 et
1417 586 1497 650 quae
1511 574 1549 635 ad
1563 574 1622 647 istu
1647 579 1850 642 revocantur?
1874 580 1987 657 Argu-

202 651 250 705 tae
265 650 395 707 norrute
410 643 561 720 rnnrgeret
578 657 587 700 ε
610 656 712 719 neque
735 656 896 708 conversio
920 660 957 706 ec
980 648 1059 710 ritae
1103 656 1204 711 menta
1219 650 1353 733 Philippi
1368 652 1467 719 soluta
1481 661 1554 719 sunt
1567 660 1667 741 eapite
1682 664 1863 743 superiore.

202 727 373 799 noviuser
387 724 538 796 sententia
554 723 718 803 praecipue
732 723 1058 803 aduersariorumtnn·

201 815 262 871 tam
275 809 466 872 seueritatem
481 805 620 883 requirit.
634 805 773 868 Joanncs
787 808 879 887 igitur
899 809 970 889 quin
985 810 1060 874 Poc-

200 891 358 954 uitentiam
373 890 603 970 praedicaturus
622 894 759 965 acuerat3
774 896 808 951 ut
831 905 900 953 eam
926 908 987 954 uon
1008 910 1060 955 so·
1417 922 1421 928 ·

199 974 263 1035 lum
275 975 380 1045 verbu,
394 973 449 1035 sed
462 972 553 1034 etiam
568 970 712 1049 exemplo
726 972 928 1049 praedicaret:
942 976 1056 1055 litigii,
1163 998 1165 1003 ’
1428 975 1546 1045 CAPUT
1565 982 1632 1047 vll.

200 1062 233 1117 ut
246 1056 354 1119 scribit
367 1055 598 1128 (ibrrsostomus
610 1052 716 1115 bomil.
730 1052 814 1116 lilia
827 1054 1074 1121 dictiunculam
1391 1078 1392 1081 ¹

196 1142 228 1200 et
253 1140 397 1209 motum,
434 1154 474 1201 ac
502 1136 666 1216 reliquam
691 1138 792 1199 mam
816 1142 1059 1217 compunctioni

200 1227 229 1283 et
240 1222 459 1301 poenitentiae
472 1220 766 1283 accomodatamit
780 1221 935 1298 placuisse
949 1224 1012 1287 ben
1028 1241 1059 1287 c·
1100 1223 1195 1289 Posse
1208 1226 1372 1289 bominem
1379 1226 1595 1303 iustificatum
1609 1242 1683 1289 uero
1698 1225 1762 1289 lieo
1776 1228 1979 1307 satisfacere

196 1303 334 1383 jusmodi
347 1306 540 1379 vitam,testis
552 1309 600 1364 est
610 1300 750 1365 Christus
761 1302 896 1383 ipsequi
908 1305 1059 1370 Ioannem
1270 1344 1330 1411 pro
1342 1334 1438 1393 ,eam
1450 1344 1575 1409 poenae
1589 1330 1791 1411 temporalis,

199 1388 305 1451 uultu.
320 1388 369 1450 tl.
386 1394 419 1449 et
431 1387 506 1450 Luc.
524 1386 554 1449 1.
572 1382 701 1446 mirifice
716 1387 861 1448 laudarit.

239 1470 306 1533 Huc
317 1472 408 1534 etiam
421 1470 553 1547 pertinet
564 1468 668 1529 Annae
683 1467 766 1529 illius
778 1470 964 1545 exemptum,
979 1487 1059 1550 quae

202 1558 236 1613 ut
250 1553 350 1617 Lucas
371 1554 479 1615 scribit
498 1568 567 1629 cap.
585 1550 916 1614 altamcumbam
929 1555 1060 1634 templo,
1142 1546 1251 1611 Ultima
1267 1549 1526 1624 restat-quaestio,
1542 1547 1646 1611 Utrum
1668 1551 1762 1625 opera
1786 1562 1872 1626 quae
1897 1545 1976 1607 frunt

193 1634 334 1713 iejuniis
348 1653 389 1699 ac
413 1632 690 1698 obsecrationibus
705 1635 861 1705 eorumne,
878 1636 1062 1699 dieacno·
1102 1629 1976 1709 adredimendnmpoeuarntemporalem,oujusreatum
2027 1680 2028 1685 ,

201 1724 259 1781 cte.
274 1719 347 1781 Nam
360 1736 375 1780 a
389 1719 504 1796 templu
521 1733 581 1778 nou
597 1718 757 1787 recedere,
774 1724 804 1778 et
818 1715 1060 1797 perpetunieju·
1103 1729 1196 1792 saepe
1213 1725 1336 1777 manere
1352 1715 1544 1777 ostendimus
1559 1720 1629 1793 pust
1649 1714 1771 1792 culpam
1783 1736 1785 1740 ·
1796 1713 1978 1783 dimissam,
2027 1784 2028 1791 χ

200 1809 317 1864 nureet
328 1816 429 1874 orare,
444 1815 506 1861 uon
517 1804 583 1861 eret
594 1799 624 1859 iu
638 1799 707 1876 lege
719 1797 839 1860 Domini
855 1817 986 1877 usquam
1002 1802 1056 1863 im·
1103 1812 1174 1859 uere
1190 1797 1390 1861 satisinctorie
1406 1797 1466 1858 dici
1481 1799 1614 1873 possint.
1631 1796 1801 1859 Adversarii
1813 1795 1980 1871 siquidem

199 1890 350 1963 pentum
367 1890 399 1946 et
414 1888 514 1946 turneb
530 1883 607 1943 hacc
620 1896 711 1956 opere
725 1881 875 1955 indebita,
888 1892 919 1944 et
930 1900 1058 1961 supere·
1103 1880 1221 1941 eiiamsi
1237 1886 1385 1959 cogantur
1398 1880 1559 1941 admittere
1573 1880 1621 1956 (ut
1640 1876 1702 1949 jum
1728 1878 1978 1957 disputavimus)

198 1967 376 2045 rogationis,
390 1967 488 2028 inisse
500 1965 615 2026 cultum
630 1963 695 2024 Ileo
708 1970 839 2042 gratum,
856 1982 893 2027 er
909 1969 1011 2028 uerbis
1028 1983 1058 2027 e·
1102 1964 1396 2027 meuereinterdum
1413 1967 1528 2025 rentum
1549 1978 1669 2040 poenae
1695 1962 1887 2039 temporalis
1911 1970 1978 2037 post

198 2050 331 2126 vangelii
347 2051 420 2109 satis
436 2055 541 2125 aperte
563 2046 728 2123 colligitur.
747 2046 851 2125 Neque
874 2049 955 2109 enim
969 2065 1060 2111 eran·
1103 2046 1225 2123 culpam
1240 2046 1567 2125 remissam3eipncnis
1580 2051 1690 2123 sponte
1701 2043 1878 2123 assumptis
1893 2060 1979 2121 prae·

160 2184 166 2206 ,
196 2132 305 2206 gelista
321 2133 356 2194 iu
368 2131 512 2193 laudibus
526 2130 595 2209 ejus
610 2122 750 2190 mulieris
762 2131 1059 2207 posuisset,assidua
1103 2128 1199 2191 veniri
1215 2146 1337 2191 manum
1353 2129 1420 2201 ltot,
1437 2134 1467 2191 et
1480 2128 1601 2207 flagella
1617 2127 1717 2189 diriua
1735 2128 1846 2199 averti,
1865 2142 1905 2187 ac
1929 2128 1980 2187 de-

197 2213 377 2293 illajejunia
393 2220 424 2276 ct
439 2212 1058 2292 preces,ctintemplocommoratiunem3
1104 2210 1197 2289 nique
1209 2210 1374 2293 ieiunium,
1392 2211 1560 2275 oraticnem
1586 2217 1617 2273 et
1641 2211 1882 2289 eleemosynam
1910 2226 1979 2273 esse

196 2311 299 2374 neque
314 2298 453 2371 dixisset,
470 2297 551 2357 iilam
568 2294 632 2357 ileo
647 2295 781 2357 seruisse
795 2293 925 2373 ieiuniis
946 2303 977 2358 et
990 2315 1057 2359 ora·
1103 2310 1197 2371 opera
1211 2295 1363 2361 laboriosa
1378 2312 1413 2357 aa
1434 2294 1497 2357 lieo
1519 2298 1615 2372 gralo:
1643 2300 1743 2354 tamen
1769 2292 1864 2354 nullo
1887 2293 1978 2355 modo

196 2379 343 2448 tionibus,
360 2386 450 2441 nocte
465 2396 500 2440 ac
515 2380 578 2454 diu;
593 2377 653 2438 nisi
668 2392 762 2452 opera
788 2378 838 2439 illa
865 2380 982 2441 cultum
1004 2380 1059 2443 ilai
1104 2376 1214 2438 adduci
1233 2384 1376 2455 possunt,
1393 2386 1425 2439 ut
1441 2377 1601 2449 fateantur,
1619 2390 1674 2455 per
1689 2376 1765 2438 baec
1777 2390 1880 2455 opera
1893 2378 1978 2437 satis
2027 2432 2028 2435 ,

197 2476 269 2523 esse
284 2462 479 2525 credidisset.
496 2462 608 2524 Omitto
621 2459 679 2520 ulia
697 2460 837 2537 plurime,
860 2479 939 2539 quae
953 2469 984 2524 et
1005 2480 1061 2541 per
1103 2458 1169 2521 lieri
1186 2460 1261 2531 ben,
1281 2467 1333 2523 aut
1347 2476 1465 2539 poenes
1480 2460 1600 2523 debitas
1612 2458 1879 2536 compensari3rix
1891 2460 1978 2520 etiam

198 2561 234 2605 se
249 2545 336 2607 ubria
352 2551 435 2617 sunt,
451 2554 482 2606 et
496 2562 513 2603 a
528 2543 619 2605 uobis
634 2541 706 2603 alibi
720 2550 875 2625 annotata.
1032 2564 1035 2577 ·
1103 2557 1218 2605 nomen
1235 2544 1335 2621 ipsum
1352 2542 1574 2606 Sutisinctionis
1589 2542 1701 2605 ierunt.

237 2626 330 2691 Porro
345 2634 464 2690 ueteres
479 2624 779 2691 Patresafflictiones
794 2626 869 2687 istas
884 2627 985 2688 caruis
998 2644 1060 2691 nun
1145 2623 1298 2688 Lutherus
1315 2627 1344 2687 in
1362 2632 1472 2687 assert.
1491 2632 1546 2686 art.
1564 2625 1594 2687 5.
1625 2623 1843 2696 Vehementer,
1869 2623 1979 2702 iuquit,

197 2709 364 2792 imperatas
378 2710 409 2773 in
425 2709 613 2789 particulari,
631 2707 685 2769 sed
702 2715 813 2787 sponte
828 2715 1011 2787 assumptus,
1031 2728 1060 2771 a·
1102 2706 1169 2780 udi,
1187 2713 1217 2770 et
1229 2708 1394 2772 sublatum
1406 2707 1520 2769 ceilam
1533 2707 1591 2770 bec
1614 2705 1821 2769 uocabulum.
1852 2705 1975 2769 Satisla

196 2794 371 2871 pertissima
386 2791 622 2868 laudant,etad
637 2790 822 2853 cultumllei
837 2793 992 2870 pertinere
1014 2792 1061 2854 dt·
1104 2789 1176 2864 ctio,
1193 2792 1473 2872 quadnonmodo
1489 2792 1528 2853 iu
1552 2790 1726 2868 &riptum's
1750 2802 1824 2867 non
1848 2789 1976 2851 inveni·

197 2882 282 2937 cunt.
1103 2874 1516 2955 tur,sedetpericulosrun
1530 2872 1780 2957 babetseneum,
1798 2872 1973 2951 quasiileu

237 2956 441 3020 Tertullianus
456 2957 488 3021 in
504 2956 582 3018 libro
597 2954 637 3016 de
652 2954 878 3034 resurrectione
893 2955 1059 3032 carnis3sc·
1105 2956 1281 3036 quiequam
1293 2959 1393 3036 possit
1404 2954 1977 3036 prommpcccacoscttssacerc,can

196 3056 246 3101 ras
260 3045 291 3102 et
304 3038 406 3103 aridas
421 3056 523 3113 esras,
539 3046 571 3100 et
584 3038 737 3116 reliquam
758 3038 898 3115 corporis
921 3040 1060 3101 ardictio·
1102 3041 1208 3118 pratis
1222 3040 1279 3104 ilie
1292 3042 1439 3121 ignoscat
1457 3042 1580 3103 omnia.

196 3139 280 3200 nem,
296 3120 446 3186 sacrificia
460 3138 532 3186 csse
546 3121 611 3183 ileo
626 3124 721 3199 gratu,
748 3121 867 3183 scribit.
893 3119 1061 3202 Gregorius
1146 3122 1346 3202 Philippusiu
1358 3122 1498 3206 apologia
1511 3119 1718 3186 confessionis
1729 3127 1977 3197 nugnsunaecr·

197 3205 400 3268 nazianzenus
414 3206 447 3268 iu
461 3205 591 3284 epistola
606 3203 642 3264 ad
658 3203 845 3280 Hellenium,
860 3204 1004 3267 scribens
1019 3207 1059 3268 de
1103 3204 1189 3269 ticul.
1206 3207 1245 3268 de
1260 3207 1459 3271 dontessiune
1474 3211 1505 3268 et
1518 3204 1742 3269 satisfactione:
1762 3201 1831 3266 Sed
1851 3207 1975 3276 tamen,

197 3288 382 3366 quibusdam
395 3286 610 3355 sanctisriris,
627 3287 679 3360 qui
695 3292 747 3348 aut
771 3302 940 3366 numquam
961 3288 1075 3350 homi.
1104 3290 1213 3368 inquit,
1231 3291 1375 3368 [alentur
1395 3288 1591 3360 ademarii,
1619 3288 1707 3368 quod
1729 3285 1973 3363 satisfactiones

196 3371 422 3458 nesridebnut,
438 3377 583 3435 auttotos
598 3368 701 3447 viginti
716 3368 946 3451 diessinecibp
962 3376 1060 3434 treus·
1101 3374 1309 3454 nonprosint
1323 3372 1602 3437 adremireionem
1626 3371 1755 3448 culpae·
1775 3383 1898 3432 aemam
1916 3368 1977 3446 pin·
2027 3417 2028 3420 ,

197 3452 350 3527 iurabant,
373 3460 426 3516 aut
451 3455 571 3530 integro
596 3466 679 3514 anno
702 3449 735 3512 iu
760 3453 900 3514 oratione
924 3452 1059 3515 stabant:
1101 3465 1182 3537 9unt
1193 3457 1429 3535 satisfactiones
1443 3452 1887 3533 prodeeseadredimendae
1901 3468 1973 3530 poe·

197 3551 277 3612 quac
292 3540 375 3598 uerte
390 3551 483 3614 opera
499 3551 561 3596 uun
575 3540 648 3597 sunt
662 3532 808 3597 diuinitus
822 3535 982 3615 imperata:
1002 3535 1058 3599 i'a·
1102 3557 1175 3615 nas,
1191 3556 1250 3604 seu
1261 3538 1454 3618 purpmorti,
1470 3553 1529 3599 eeu
1543 3537 1640 3598 alias.
1659 3533 1696 3596 Et
1709 3533 1803 3596 intra:
1823 3535 1915 3598 Haec
1930 3542 1970 3596 to·

197 3617 247 3685 lis,
264 3618 375 3694 inquit,
391 3624 440 3681 est
451 3615 567 3682 dirimi
578 3633 669 3698 para,
682 3617 960 3696 talispassionum
973 3617 1060 3681 dirri-
1103 3629 1137 3686 ta
1149 3641 1201 3686 ree
1215 3628 1261 3692 eet
1274 3619 1502 3690 commentitia,
1517 3633 1630 3682 recens
1643 3613 1791 3694 amicta,
1820 3619 1899 3680 aine
1918 3633 1973 3680 au

196 3700 237 3762 eti
250 3700 386 3777 inactus,
401 3717 498 3781 quem
511 3702 582 3780 ipse
595 3706 717 3762 atoma
729 3702 775 3762 ad
796 3699 926 3764 Patrem
945 3702 1059 3779 defers
1103 3709 1249 3770 ctoritate
1264 3705 1461 3784 Scripturas,
1478 3707 1509 3764 ct
1521 3709 1667 3766 ueterum
1690 3701 1898 3777 scriptorum
1928 3717 1976 3763 ec·

195 3783 376 3862 caliginum
390 3785 542 3864 inquam,
558 3782 757 3846 christianae
770 3784 930 3858 columen,
945 3785 1062 3863 populi
1105 3791 1367 3853 ctesiasticancm.
1385 3786 1520 3848 blintrn:
1547 3783 1735 3847 scholastici
1761 3782 1923 3846 uiderunt
1942 3785 1977 3846 in

198 3865 317 3936 umus,
341 3869 461 3930 mundi
482 3866 751 3944 inadorabilem,
778 3881 854 3929 cum
874 3867 1061 3930 coeuntium
1104 3873 1250 3936 Eccbsia
1264 3887 1330 3934 ecee
1340 3869 1594 3947 satisfactiones,
1610 3869 1668 3930 eod
1680 3881 1750 3930 non
1765 3865 1977 3929 animaduer-

196 3945 495 4021 pubbritudintbas
506 3949 1062 4027 elegantiapropemudumcertuns.
1105 3955 1298 4029 inbannitis
1310 3951 1497 4032 spectacula
1509 3952 1659 4014 imtituta
1673 3963 1757 4020 esee,
1771 3953 1845 4010 tum
1864 3963 1973 4010 wenr-

197 4030 388 4105 Augustinus
402 4032 510 4094 homil.
526 4031 617 4093 iiia
628 4031 683 4092 lib.
699 4030 754 4092 ill.
771 4032 1061 4096 homiliarumelee·
1101 4041 1152 4118 pte·
1165 4055 1293 4102 caussa.
1310 4043 1379 4100 tum
1393 4037 1438 4098 ad
1450 4033 1636 4111 probandos
1661 4031 1718 4094 bos
1739 4031 1801 4110 qui
1823 4029 1971 4109 petebant

199 4128 396 4193 mosynarum
412 4114 617 4193 largitionem,
633 4111 819 4175 sacrificium
842 4121 941 4176 uocat.
963 4114 1062 4187 idem,
1105 4123 1208 4200 recipi
1222 4120 1263 4184 ab
1277 4120 1431 4183 Ecclesia.
1444 4118 1485 4180 ln
1497 4132 1637 4189 summa,
1653 4131 1722 4184 num
1735 4114 1889 4176 uiderunt
1903 4129 1970 4176 csse

197 4194 261 4258 sire
276 4195 463 4275 quicumque
476 4196 694 4265 trituratoria
708 4195 788 4257 libro
802 4197 842 4258 de
864 4196 1060 4274 dogmatibus
1106 4205 1327 4282 duciplinnm
1344 4209 1373 4264 et
1385 4215 1455 4265 rem
1467 4215 1607 4284 prorsus
1631 4198 1813 4278 politicam:
1835 4197 1911 4258 idea
1926 4212 1975 4258 am

197 4275 429 4358 ecclesiasticis,
446 4295 516 4356 cap.
531 4278 584 4341 68.
599 4278 661 4342 Pro
674 4292 785 4341 amore
799 4280 984 4358 castigandi
995 4297 1063 4343 eur·
1105 4289 1284 4368 perstitiose
1297 4284 1477 4363 inserunt.
1494 4297 1550 4344 eas
1563 4297 1632 4344 non
1642 4281 1687 4342 ad
1698 4279 1919 4357 disciplinam
1930 4294 1974 4341 co·

197 4362 298 4439 timim
313 4359 549 4425 abstinentibus
569 4379 592 4423 a
612 4363 690 4431 mtto
715 4362 767 4423 vel
790 4361 955 4436 talilibus,
977 4363 1064 4426 nillil
1105 4368 1480 4435 connectendusque
1496 4365 1699 4444 placandum
1722 4361 1829 4426 Deum
1854 4362 1973 4425 ualere

198 4444 328 4506 medere
342 4445 451 4507 metiti
474 4459 667 4515 accrescere,
692 4459 763 4507 uolt
786 4443 846 4506 ³¹⁰⁰
873 4444 1059 4518 Ghrsslt'tttti
1146 4453 1282 4516 loannes
1297 4451 1439 4515 calvinus
1455 4447 1511 4509 llb.
1528 4447 1558 4509 3.
1576 4447 1677 4508 lustit.
1693 4461 1763 4522 cap.
1781 4443 1814 4509 i.
1832 4441 1850 4523 ς
1868 4443 1922 4506 39.
1938 4447 1976 4505 Ιο-

196 4527 256 4590 scd
268 4525 438 4589 luciniani
450 4531 507 4590 eti·
522 4528 558 4588 Al
572 4527 739 4605 Ρῐθῐθθῑθθ
765 4526 911 4589 vitilibus
940 4539 970 4590 0¹
991 4528 1062 4590 tillo
1106 4551 1216 4616 queue,
1233 4536 1271 4598 de
1286 4531 1562 4603 satisfactionibus,
1577 4544 1656 4607 quae
1672 4529 1818 4608 leguntur
1829 4527 1916 4603 apud
1929 4545 1975 4589 rc·

199 4608 367 4681 abstinere,
384 4621 447 4671 unu
462 4616 510 4671 est
523 4611 670 4672 divinitus
682 4610 880 4688 imperatum.
893 4610 956 4673 Len
966 4627 1061 4672 serm.
1107 4626 1200 4681 teres:
1220 4619 1388 4686 apparunt,
1404 4615 1514 4692 iuquit,
1528 4611 1760 4692 utplurimum
1773 4609 1974 4686 Satisfuctio-

197 4693 230 4751 2.
246 4690 418 4770 d⁰i⁰j¹¹¹¹i⁰
440 4691 553 4754 decimi
578 4693 708 4754 minii&
734 4692 797 4754 Pi⁰
821 4699 1062 4768 ammonam,
1104 4691 1751 4778 nen3noncompcmattonemqucoucn
1766 4693 1973 4768 redametur,

197 4771 517 4857 issiuiivliiiieiii'ffili
530 4776 677 4838 omnium
691 4774 859 4851 smmum
873 4776 1064 4855 didmiittlt
1103 4785 1161 4848 sed
1173 4783 1305 4863 publica
1321 4803 1335 4836 a
1352 4777 1616 4855 testificationem,
1636 4777 1774 4856 quaque·
1785 4789 1976 4838 excommu-

199 4856 401 4935 largitorum,
418 4872 532 4920 eurum
545 4857 609 4920 Deo
623 4857 845 4921 continentiae
857 4859 1002 4922 libamen
1016 4859 1062 4937 oi·
1105 4869 1271 4932 nicotiana
1284 4863 1431 4928 mulctati
1443 4862 1587 4938 merant,
1614 4875 1690 4922 oum
1711 4859 1750 4920 iro
1772 4861 1974 4920 communio·

197 4937 311 5014 fertur.
328 4937 394 5010 Qun
408 4939 477 5002 loeo
503 4956 530 5002 s.
556 4940 705 5019 pontiier,
732 4941 930 5014 sacriiloium,
957 4959 992 5002 ac
1007 4959 1063 5020 per
1106 4950 1298 5027 ncmrempt
1320 4947 1447 5017 cadant,
1473 4944 1652 5006 Ecclesium
1674 4941 1832 5004 reddebat
1855 4942 1897 5004 de
1913 4957 1974 5004 suu

197 5020 269 5092 boe,
285 5019 483 5096 cuitumllei,
496 5023 650 5101 jejunium
663 5023 738 5084 illud
751 5025 1062 5102 appellnt‚quudcer·
1106 5034 1307 5111 poenitentia
1327 5030 1507 5092 amborum:
1530 5025 1762 5088 indicebantur
1788 5025 1880 5086 enim
1909 5025 1975 5086 iilis

197 5108 263 5165 tum
284 5110 333 5165 est
358 5119 418 5165 non
444 5119 516 5167 esso
537 5124 554 5166 a
579 5105 645 5168 ileo
669 5105 851 5170 christianis
872 5108 1062 5185 impositum.
1106 5111 1343 5195 poenitentibus
1363 5115 1461 5174 'certo
1478 5107 1612 5190 ieiunia
1635 5113 1665 5170 et
1690 5107 1770 5180 ulia,
1797 5105 1921 5186 quibua
1938 5123 1974 5170 sc

69 5193 82 5218 ’
201 5184 353 5263 lienique,
377 5185 462 5265 pleni
483 5195 557 5251 sunt
577 5188 649 5251 libri
670 5188 791 5253 Petrum
812 5190 966 5270 eiusmodi
981 5193 1065 5252 testi·
1105 5199 1226 5277 prioris
1238 5197 1418 5263 uitaeuere
1436 5197 1466 5255 et
1480 5207 1523 5255 eac
1536 5192 1974 5268 animopertoeeoreesenp·

202 5269 329 5331 mm·
1105 5281 1291 5358 probarent,
1307 5277 1475 5355 uelpotiuc
1484 5275 1635 5353 priunum
1647 5274 1842 5335 memoriam
1863 5271 1975 5334 oblite·

240 5348 408 5426 Ρθῧῑΐθῐῐίθ,
424 5352 649 5416 twidiitfiiffl
663 5353 753 5417 1⁸¹50·
768 5355 841 5415 “³¹⁰
866 5356 893 5416 ⁸5
918 5355 1062 5434 900918·
1106 5370 1230 5427 rorent:
1246 5357 1619 5441 atqueitadioebantur,
1634 5355 1855 5430 nonucopea
1866 5355 1973 5418 Eccle-

201 5434 391 5528 ⁰⁰¹¹¹9q0m
407 5451 486 5511 qun
501 5435 734 5516 apsencqacu
757 5451 886 5515 senae,
907 5453 1008 5518 nequa
1031 5441 1061 5498 tn
1106 5445 1176 5508 uec
1190 5446 1388 5522 marcescere.
1404 5442 1486 5502 nnec
1501 5440 1566 5504 rure.
1581 5440 1631 5518 qur
1648 5439 1697 5501 urs
1717 5438 1822 5501 verce
1849 5438 1926 5501 sarrs
1939 5454 1972 5501 ο-

200 5523 307 5583 ⁸⁰0⁰¹⁰
320 5517 598 5594 imperuim-moda
611 5535 682 5582 ⁰⁰¹⁰
696 5519 810 5582 debilis
824 5520 1061 5583 circumstantiis
1107 5529 1235 5602 stendit,
1252 5543 1287 5590 se
1302 5540 1367 5602 uoq
1378 5524 1539 5586 admittere
1554 5521 1799 5585 Satisiaotionem
1823 5537 1884 5601 qun
1908 5520 1971 5584 ileo

202 5585 287 5684 Μ)
301 5600 336 5655 ¹¹²
348 5597 440 5671 paulo
452 5606 523 5662 ⁸⁰10
536 5601 743 5664 'wilwimus
767 5601 808 5663 (¹0
832 5603 921 5676 iiiiii
946 5609 1060 5681 tl¹¹³¹¹¹⁰
1104 5610 1242 5684 calisium
1259 5616 1290 5673 et
1303 5609 1333 5671 in
1350 5604 1835 5685 superioribus·explicaveratse
1848 5621 1909 5666 non
1922 5621 1970 5666 so·

198 5682 512 5757 mercennariam,
529 5682 743 5761 ptamrouco,
758 5701 839 5761 qnae
860 5686 928 5764 iam
949 5687 1068 5749 sarram·
1104 5693 1168 5758 tun
1184 5688 1542 5770 sursracuoncnquoan
1557 5686 1750 5768 cauponam
1764 5687 1970 5770 aequaeuam
