4084 6275
279 305 334 364 222
802 305 846 363 DE
866 301 1090 364 sicotubttro
1110 295 1395 358 continuerimus
1503 351 1510 360 .

211 437 414 502 firmationem
425 447 520 515 posse
534 432 612 505 dori,
628 439 658 498 et
672 435 770 516 accipi
784 454 800 498 u
815 439 915 510 mulis.
932 445 965 504 ut
975 440 1077 518 ipsum
1121 438 1163 506 ie,
1179 430 1482 496 dooeeioduouriui
1494 434 1609 496 uirtute
1625 449 1668 497 ero
1682 433 1764 496 otro.
1783 435 1925 518 lienique
1940 435 1998 497 ba-

213 521 304 586 stiam
324 519 525 600 baptismum.
540 516 577 579 dt
591 517 757 598 quidepus
781 527 845 584 erut
866 523 924 586 buo
946 524 1079 602 probare
1121 514 1252 596 ptismus
1268 513 1389 594 perlicit
1406 513 1437 575 in
1451 531 1508 578 suo
1521 531 1647 596 genere,
1671 518 1741 596 qula
1764 519 1836 580 lucit
1848 535 1922 583 vere
1939 566 1948 594 ,
1964 523 2000 582 et

213 605 253 667 do
268 605 414 674 homone,
425 607 457 663 et
470 599 568 662 sterili
579 604 789 665 caeremonia?
804 605 874 682 quis
888 606 971 668 onim
987 605 1026 668 do
1042 621 1079 668 oo
1121 601 1241 676 integre
1253 595 1366 675 justos,
1381 601 1413 658 et
1426 596 1481 659 liei
1495 597 1587 677 illius;
1611 605 1641 662 et
1666 605 1769 662 tamen
1798 600 1999 666 Confirmatio

213 685 354 749 dubitare
364 680 501 763 poterut
521 680 641 745 Deinde
652 683 768 748 ibidem
790 687 977 766 Augustinus
991 688 1077 760 dicit,
1123 680 1224 742 adhue
1240 677 1359 757 perlicit
1372 680 1404 741 in
1419 679 1478 742 aliu
1490 697 1617 760 genere:
1633 681 1786 762 quomodo
1806 683 1909 748 iniens
1923 700 1999 765 per·

210 767 464 845 morosaoorpere
491 772 716 829 escensurum
737 767 981 834 confirmationis
1007 771 1079 833 usr-
1117 761 1399 835 roorosuomoosr,
1424 763 1524 840 quoae
1551 765 1729 838 essentiam,
1756 771 1787 828 or
1806 772 1908 830 tamen
1930 783 1998 830 uon

210 849 287 924 bile,
309 849 378 912 siue
392 846 538 910 invisibili
553 847 649 926 gretie
664 849 796 929 Spiritus
811 854 920 925 sancti,
937 855 1030 931 idque
1041 855 1078 916 ud
1123 850 1172 908 cst
1187 843 1353 922 perlectus,
1370 845 1471 923 quoad
1485 847 1733 925 molemltaque
1747 848 1839 913 iidem
1861 851 1967 912 Patres
1983 897 1994 924 ‚

207 933 373 1014 judicium.
389 932 522 993 nicerte
537 945 601 992 nou
622 931 826 1014 distingueret
852 943 1077 1000 sacramentum
1122 927 1175 1007 qui
1191 925 1352 1006 magnilica
1367 927 1542 1005 loquuntur.
1562 929 1602 992 de
1622 929 1800 1008 sapione.
1828 931 1998 1012 magnifiee

213 1015 337 1080 visibile
351 1013 390 1076 ab
402 1011 548 1074 invisibili
563 1013 658 1090 gralia
674 1015 706 1077 in
720 1018 821 1090 malis,
851 1019 911 1080 nisi
937 1020 1078 1082 crederet
1121 1010 1215 1072 otium
1230 1010 1395 1088 ¹0lil1¹1¹¹¹ur
1409 1009 1448 1072 de
1460 1008 1709 1088 C⁰ssflf¹1¹³¹l⁰ss8‚
1727 1021 1760 1076 ut
1774 1030 1811 1076 0¹
1826 1015 1903 1079 litiis
1919 1016 1997 1078 clla·

214 1097 249 1161 in
263 1095 424 1161 benisista
439 1093 597 1174 conjungi,
615 1102 646 1158 et
661 1115 755 1162 unum
770 1115 826 1178 per
849 1101 979 1163 alterum
1000 1103 1077 1164 dari:
1127 1095 1164 1154 lis
1182 1095 1275 1169 tillei-

214 1179 367 1260 nequead
385 1177 536 1257 judicium
560 1180 692 1242 sumitur
715 1183 909 1245 caeremonia
935 1188 1078 1258 bumana,
1164 1173 1249 1248 Quod
1265 1179 1365 1236 aulem
1380 1174 1553 1238 Κθῠιῦῑῑίιιῦ
1568 1176 1687 1256 objloll'
1702 1175 1741 1240 de
1769 1178 1993 1260 coniunctione

214 1261 335 1326 etiamsi
349 1278 365 1322 a
379 1260 467 1322 mulis
481 1265 630 1322 sumatur.
646 1261 787 1342 Denique
801 1265 917 1328 ibidem
938 1266 1081 1346 Augusti·
1125 1255 1280 1319 trititifflllss
1295 1267 1366 1319 uum
1379 1257 1544 1335 baptismo,
1558 1259 1692 1322 0⁵10¹¹dll
1714 1261 1783 1339 01⁰⁸
1794 1262 1995 1342 imperiiim-

216 1361 276 1406 nus
292 1343 378 1414 dicit,
393 1348 619 1406 sacromentum
634 1342 815 1410 chrismatis
829 1364 901 1410 esse
921 1365 1079 1412 sacrosan·
1123 1338 1195 1401 Nam
1211 1338 1351 1409 solebant
1364 1345 1484 1403 veltres
1498 1343 1589 1402 elium
1618 1341 1838 1404 Eucharistiae]
1860 1345 1994 1425 cunjun-

213 1432 309 1498 ctum,
325 1426 406 1489 siout
417 1432 465 1488 est
477 1424 545 1504 ipse
560 1424 746 1506 Baptismus.
760 1430 799 1491 dt
812 1436 924 1510 quonia
936 1431 1080 1510 blaspho.
1124 1436 1197 1502 gere
1212 1437 1282 1483 curu
1295 1419 1461 1500 Baptismo‚
1479 1422 1543 1486 siue
1558 1425 1687 1498 adultos,
1702 1425 1767 1488 sive
1782 1427 1915 1490 inirmtes
1937 1427 1994 1489 ba·

211 1511 273 1572 mie
288 1509 398 1572 luisset
407 1522 540 1586 aequare
554 1507 717 1574 humanam
732 1514 957 1576 caeremoniam
979 1531 1079 1578 sacm-
1124 1505 1280 1582 privarent:
1294 1510 1324 1566 et
1337 1510 1438 1566 tamen
1451 1520 1542 1568 nemo
1558 1512 1648 1586 negat
1659 1516 1846 1570 sacramenta
1859 1527 1930 1572 esse
1945 1510 1995 1572 di·

212 1598 319 1655 mento
331 1589 488 1669 Baptismi.
1122 1589 1244 1661 silacia,
1267 1587 1453 1666 baptismum
1479 1595 1510 1650 et
1524 1587 1757 1652 buobarisbam.
1771 1589 1836 1654 Hoc
1852 1599 1995 1672 tempore

256 1674 369 1747 Quarto
382 1670 558 1734 liemnitius
572 1671 659 1750 dicit,
675 1675 795 1740 etiamsi
810 1682 931 1743 veteres
944 1679 1025 1743 vario
1037 1675 1080 1742 io.
1123 1685 1192 1732 cum
1208 1670 1395 1748 baptizantur
1408 1671 1626 1738 adulticodem
1639 1673 1688 1735 die
1703 1673 1791 1735 datur
1802 1673 1991 1753 baptismus,

213 1764 347 1836 quantur
361 1755 401 1818 de
415 1755 474 1816 bac
488 1769 533 1826 re,
550 1759 651 1820 tamen
667 1759 784 1822 nullum
799 1761 929 1824 esseio
954 1763 1079 1841 puriore
1123 1751 1316 1814 eonurmouo
1338 1759 1368 1814 el
1382 1751 1581 1828 Eucharistia,
1609 1761 1642 1816 ut
1669 1761 1789 1818 veteres
1810 1757 1963 1820 iaciebant
1982 1777 1992 1819 :

216 1838 398 1917 antiquitate
413 1835 544 1909 Putrem,
558 1837 611 1916 qui
622 1840 762 1904 detrabat
775 1843 928 1923 Baptismo
941 1861 1017 1907 suos
1036 1845 1080 1908 or.
1122 1835 1178 1897 sed
1194 1835 1264 1897 oum
1279 1834 1467 1913 baptizantur
1481 1836 1625 1911 inientes,
1648 1831 1829 1902 differuntur
1850 1842 1908 1902 alia
1924 1841 1990 1904 due

213 1923 327 1997 rectus,
345 1926 443 1984 oreos
458 1918 569 1984 irruunt
590 1920 763 1998 coriscus,
793 1932 828 1988 ot
847 1928 939 1988 nouo
965 1927 1080 1990 reorum
1124 1924 1326 1992 sacramenta,
1343 1918 1443 1980 coneo
1464 1919 1501 1980 ao
1514 1935 1604 1980 osum
1620 1921 1745 1983 raucus
1767 1924 1990 2000 pervenerint.

216 2003 372 2083 Papistue.
387 2001 424 2066 m
439 2001 510 2081 quie
521 2001 647 2078 cyrillus
668 2006 827 2071 videbatur
850 2009 896 2070 illi
917 2011 1005 2073 ratde
1026 2012 1078 2070 ob·
1122 1999 1174 2077 qui
1190 2016 1224 2062 et
1240 2001 1414 2078 percepturi
1429 2005 1585 2080 suni3quia
1599 2019 1659 2065 non
1675 2010 1747 2064 suut
1767 2020 1801 2065 ea
1814 2020 1990 2068 sacramen·

212 2092 308 2161 stare,
324 2083 499 2151 indubium
520 2092 653 2158 revecat,
675 2105 713 2150 an
728 2091 790 2152 sint
804 2091 874 2171 eius
901 2090 973 2155 illue
1000 2100 1079 2155 earo.
1122 2091 1148 2143 to
1164 2079 1331 2146 iurantibus
1347 2084 1529 2158 necessaria,
1561 2089 1592 2146 ει
1607 2084 1712 2162 majori
1740 2103 1810 2148 cum
1833 2087 1944 2159 tructu,
1960 2095 1994 2150 et

218 2169 344 2240 cbcses,
359 2173 391 2231 et
404 2185 443 2230 au
457 2167 525 2246 ipse
538 2168 702 2247 aliquunde
716 2175 862 2236 erraverit
889 2174 921 2236 iu
936 2175 1018 2249 dde3
1048 2180 1080 2238 oi
1120 2167 1290 2227 reverentia
1305 2166 1514 2243 percipiuntur
1529 2166 1567 2227 eb
1582 2168 1705 2230 adultis.
1732 2167 1837 2249 Neque
1852 2171 1885 2233 in
1897 2171 1993 2234 buca

215 2250 342 2314 nudam
356 2250 458 2329 rejicit
470 2257 623 2330 tauquam
639 2251 726 2328 torsa,
742 2272 824 2334 quae
838 2255 913 2318 droit
936 2255 1075 2333 cyrillus.
1124 2248 1214 2312 vvobis
1229 2247 1392 2312 inruerant
1404 2247 1601 2311 dissentiunt.

211 2333 273 2396 Sed
288 2333 366 2396 baec
381 2331 482 2394 omnia
498 2348 601 2396 merae
615 2346 716 2414 nugae
736 2344 821 2401 sunt.
848 2339 923 2402 llam
935 2355 996 2402 uec
1017 2356 1075 2404 nos

211 2415 346 2478 dicimus
356 2414 565 2479 detrahendos
579 2431 651 2480 esse
666 2418 821 2500 baptismo
842 2438 918 2485 suos
933 2421 1075 2492 effectos.

210 2498 266 2562 sed
281 2496 391 2561 dumus
405 2496 527 2576 utrique
547 2509 738 2565 sacramento
766 2502 895 2567 oilerius
920 2506 1075 2584 proprius.
1447 2497 1566 2563 CAPUT
1588 2495 1670 2561 illl.

215 2580 260 2642 liu
275 2580 493 2643 catechesibus
505 2587 607 2644 autem
634 2581 735 2662 cyrilli
755 2602 847 2650 neme
872 2604 1007 2665 uuquam
1023 2590 1078 2650 du-

148 2682 152 2690 ·
213 2661 331 2734 hilarii,
345 2677 451 2757 neque
465 2663 581 2741 proteri
594 2663 769 2731 liemnitius
783 2669 876 2731 ullam
901 2671 1048 2734 rationem
1066 2717 1074 2746 ,
1203 2695 1246 2760 De
1264 2697 1402 2762 mamea
1415 2696 1614 2760 sacrament,-
1626 2691 1896 2771 confirmationis·

218 2745 268 2808 vel
282 2754 502 2825 conjecturam,
515 2762 571 2810 cur
584 2748 785 2813 dubitandum
814 2752 865 2815 sit.
881 2751 925 2815 lie
950 2752 1011 2815 lide
1026 2769 1077 2816 au-

215 2832 291 2899 tem,
307 2833 338 2890 et
357 2828 508 2907 probitate
520 2826 620 2906 drrilli
645 2839 743 2895 exstat
767 2833 926 2914 egregium
942 2836 1077 2898 testimu-

209 2911 296 2974 nium
311 2909 344 2971 iu
365 2910 458 2990 epist.
479 2913 604 2974 concilii
629 2916 951 2995 constantinopolitani
967 2917 1003 2978 ud
1019 2917 1077 2980 lia-
1127 2937 1129 2948 ¹
1166 2911 1308 2989 Sequitur
1321 2913 1415 2975 altera
1430 2910 1569 2990 quaestio
1584 2911 1623 2974 de
1639 2911 1761 2973 materia
1778 2909 1873 2989 hujus
1887 2925 1993 2971 saera·

206 3007 327 3056 mosum
340 2992 421 3070 apud
434 2992 663 3058 Theodoretum
684 2997 741 3060 lib.
756 2998 788 3060 5.
812 3015 883 3078 oop.
898 3000 930 3060 9.
948 2999 1000 3062 oiri
1015 3007 1075 3062 coia
1125 2995 1230 3067 menti,
1248 2996 1286 3056 de
1301 3011 1370 3072 qua,
1389 2996 1446 3057 etsi
1463 2994 1612 3074 quaedam
1633 2994 1694 3076 jam
1711 2992 1868 3056 dictasint
1888 2991 1918 3052 in
1935 3009 1992 3054 su·

207 3073 260 3139 iila
272 3075 409 3147 sinodus
420 3078 620 3141 oecumenica
632 3077 772 3151 Crrtlium
784 3081 982 3144 vehementer
993 3099 1075 3146 com·
1123 3077 1236 3155 veriori
1249 3079 1441 3157 ιιιιθδῑίῡιιθ,
1458 3084 1560 3139 umen
1582 3078 1753 3141 triffillus
1769 3089 1819 3139 les
1833 3075 1992 3152 elillssflss·

208 3158 346 3225 mendat.
361 3158 443 3237 qued
464 3161 571 3232 multo,
587 3168 619 3223 et
633 3165 713 3224 varia
728 3164 893 3227 certamina
909 3182 980 3231 com
993 3165 1075 3230 iria.
1119 3160 1156 3221 du
1171 3167 1228 3221 est.
1242 3160 1337 3241 igitur
1351 3160 1506 3223 rosteriam
1522 3160 1617 3240 liujus
1644 3158 1825 3222 sacrementi
1839 3164 1993 3220 remotam

210 3240 260 3303 nis
274 3239 314 3303 ub
329 3238 423 3303 iidem
444 3241 626 3305 calliolicum
641 3247 785 3323 gesserit.
1120 3243 1261 3305 catholici
1275 3260 1343 3305 cum
1351 3245 1432 3306 muni
1450 3259 1606 3309 consensu
1628 3257 1700 3305 csse
1725 3242 1860 3315 docent,
1887 3242 1994 3303 oleum

250 3321 551 3396 Quintoliemuitius
565 3325 650 3388 dicit:
666 3327 770 3392 Patres
797 3330 883 3409 loqui
909 3331 996 3394 vulda
1011 3331 1074 3394 dis·
1118 3325 1256 3389 balsamo
1278 3328 1457 3397 admixtum,
1484 3332 1575 3405 altile
1591 3324 1629 3387 ab
1651 3325 1798 3404 θιιῑδῦθβῡ
1827 3337 1994 3385 θθῐὶὸθῦιὸ·

207 3403 401 3470 siruiliterab
415 3407 592 3471 auctoribus
605 3411 842 3476 recentioribus.
858 3412 931 3475 iiam
952 3421 1073 3477 veteres
1121 3412 1196 3469 lum:
1213 3410 1369 3471 meletiam
1394 3408 1657 3487 ιθιοριοιὶιιιιιιυ,
1685 3423 1764 3486 quoe
1793 3406 1916 3485 proprie
1940 3412 1992 3467 est

208 3486 738 3568 inculcantmanusimpositionem,
754 3511 834 3573 quae
859 3502 961 3558 tamen
986 3513 1069 3559 nunu
1118 3490 1211 3553 altera
1228 3508 1300 3571 pars
1314 3491 1508 3571 sacramenti,
1527 3491 1703 3555 unctionem
1725 3505 1762 3551 ex
1776 3488 1933 3567 praedicto
1957 3502 1991 3549 u·

206 3568 319 3633 abolita
335 3572 609 3647 est3itemvetetes
629 3574 913 3651 nominenicleuur,
935 3578 1071 3641 sedunt·
1118 3574 1167 3635 leo
1189 3574 1219 3635 in
1236 3575 1334 3637 ironic
1358 3575 1525 3638 adhibitam
1541 3575 1584 3635 ⁴ad
1610 3572 1751 3644 iuvenum,
1773 3586 1829 3633 ⁵0¹¹
1857 3569 1992 3647 fliilllfflss

207 3651 259 3717 lus
274 3652 540 3732 probatuseuetor
565 3656 650 3719 addit
673 3659 850 3722 mixtionem
875 3676 946 3723 eum
971 3662 1072 3725 balso-
1119 3658 1231 3719 crucis.
1249 3654 1397 3719 Haeretici
1414 3660 1472 3720 iroo
1488 3662 1583 3717 tutum
1605 3672 1666 3717 uon
1696 3656 1787 3716 modo
1815 3651 1987 3731 rejiciunt.

206 3750 269 3805 me.
285 3743 318 3798 ul
339 3736 430 3798 modu
445 3736 557 3798 iaciunt
570 3753 680 3801 omnes
709 3744 919 3807 recentiorose
951 3751 1070 3806 ueteres
1117 3740 1275 3800 sedetiam
1298 3740 1410 3815 rident,
1428 3746 1461 3802 ut
1481 3756 1519 3801 ex
1535 3739 1611 3800 locis
1633 3738 1813 3816 quaestione
1829 3735 1987 3811 superiori

205 3817 345 3881 tribuunt
358 3818 513 3897 Baptismo
528 3835 583 3883 eos
604 3819 744 3899 euectus,
771 3841 850 3902 quos
877 3826 1067 3888 recentiores
1113 3820 1253 3883 indicetis
1267 3822 1396 3901 intelligi
1412 3828 1524 3902 potest3
1539 3821 1593 3883 ubi
1607 3820 1829 3899 pinguedinem
1843 3832 1899 3895 per
1911 3832 1986 3879 eon·

207 3898 344 3964 tribuunt
356 3899 581 3965 confirmationi
595 3948 605 3976 ,
621 3912 655 3966 ut
669 3906 741 3969 dure
756 3908 896 3986 gratiam,
912 3908 984 3969 darc
999 3908 1067 3986 Spi·
1113 3904 1268 3966 tumeliam
1284 3911 1403 3978 vocent,
1425 3912 1456 3967 ει
1469 3903 1642 3967 Kemnitius
1659 3918 1729 3981 pag.
1758 3899 1830 3963 tel.
1847 3915 1909 3960 nun
1925 3916 1984 3976 pu·

208 3981 300 4044 ritum
311 3992 462 4057 sanetum,
479 3984 640 4063 perficere,
657 4003 776 4051 armare
790 3997 894 4051 eontra
911 3989 1066 4053 diobotom
1113 3991 1154 4045 tat
1170 3986 1364 4065 impium,qui
1379 3987 1500 4050 calceos
1514 3987 1544 4049 iu
1558 3986 1668 4047 itinere
1685 3980 1983 4053 increbrescens-

205 4071 267 4129 etc.
281 4065 421 4146 lienique
433 4071 553 4129 veteres
567 4066 749 4134 linctionem
762 4080 931 4134 annectunt
951 4072 1068 4151 baptis·
1112 4075 1191 4131 mete
1208 4074 1265 4130 isto
1281 4071 1418 4149 inungat:
1434 4076 1465 4132 ei
1493 4069 1593 4147 reipsa
1616 4068 1648 4129 iu
1678 4066 1771 4129 Gallia
1799 4064 1985 4129 calvinistae

204 4163 267 4222 mu,
284 4148 475 4213 recentiores
488 4154 644 4227 separent,
657 4168 694 4213 ac
707 4156 734 4214 si
749 4156 809 4215 duo
832 4163 936 4217 essent
962 4172 1064 4217 sacru·
1112 4149 1256 4213 dicuntur
1271 4168 1378 4215 ocreas
1390 4169 1461 4215 suas
1474 4151 1642 4214 Cbrismate
1658 4147 1870 4211 inuenissellt
1880 4152 1986 4209 autem

202 4238 318 4293 mento.
332 4230 434 4294 titinio
448 4230 538 4293 etium
553 4232 642 4295 vuide
656 4234 861 4300 hallucinatur
880 4238 1064 4300 liemnitius.
1111 4232 1305 4297 commodius
1319 4236 1395 4297 brec
1407 4238 1516 4298 veritas
1531 4232 1655 4313 probari
1667 4230 1775 4312 possit,
1786 4236 1915 4293 statuum
1932 4246 1983 4293 se·

205 4310 282 4374 llam
297 4315 327 4375 iu
349 4311 456 4392 primis
471 4312 580 4375 lulsum
602 4321 661 4386 est,
690 4333 759 4380 esse
788 4318 930 4381 abolitam
957 4336 1067 4383 manus
1112 4319 1494 4395 quentesproposiliuues.

203 4392 445 4472 impositionem,
461 4401 601 4472 utsupra
616 4400 820 4476 ostendimus,
842 4418 912 4481 cap.
929 4401 960 4462 2.
974 4401 1066 4463 Dein·
1151 4397 1443 4479 Primuprepusitiu:
1463 4400 1619 4469 Οιιειειηε,
1632 4398 1706 4459 'siue
1731 4394 1851 4467 ductio,
1878 4400 1983 4457 mote-

205 4477 246 4537 dc
258 4478 384 4541 belsami
398 4494 468 4540 cum
482 4478 552 4541 oleo
567 4480 650 4542 mixti
666 4495 811 4561 expresse
827 4485 967 4546 meminit
993 4485 1065 4547 (ire-
1110 4480 1164 4542 rio
1176 4488 1219 4543 est
1231 4484 1427 4546 sacrementi
1438 4478 1793 4559 Condrmotmeis.llacc
1808 4477 1984 4539 certissima

206 4560 313 4637 gorius
328 4560 353 4622 l.
371 4577 447 4639 papa
469 4559 499 4622 in
515 4577 583 4639 cap.
609 4564 638 4623 l.
665 4561 879 4636 canticorum,
907 4569 959 4644 qui
980 4576 1064 4630 certe
1110 4570 1159 4623 est
1182 4566 1394 4639 eatbvrliciser
1409 4560 1759 4628 eonciliullorenlinoin
1775 4558 1983 4622 Instructioue

205 4640 443 4717 probatissimus
457 4650 635 4723 auctorest,
657 4648 713 4708 sed
742 4648 781 4710 de
807 4651 864 4710 bac
891 4666 925 4711 re
947 4657 1064 4728 posteo.
1110 4644 1324 4720 drurenorum
1340 4654 1371 4709 et
1386 4648 1517 4711 concilio
1532 4645 1710 4717 tridentino,
1735 4643 1867 4717 sessiun.
1885 4642 1915 4703 l.
1932 4659 1983 4703 co·
2020 4649 2025 4660 ·

202 4720 363 4788 Praeterea
378 4726 488 4788 laisum
501 4735 550 4789 εει
561 4727 687 4791 eusdem
700 4727 830 4793 ellectus
851 4731 943 4794 tribui
967 4749 984 4794 u
1009 4732 1063 4795 Pa·
1110 4742 1185 4789 non.
1202 4726 1232 4789 2.
1249 4730 1288 4792 de
1303 4728 1548 4793 donlirmatmne.
1565 4726 1826 4804 Probaturprimo
1849 4738 1886 4785 ex
1900 4725 1979 4787 duu-

201 4806 302 4869 tribus
315 4808 482 4887 llaplismo,
498 4824 577 4888 quos
598 4826 656 4873 nus
681 4811 842 4875 tribuimus
856 4813 1064 4877 doulirmutio·
1109 4807 1168 4871 bus
1190 4811 1266 4874 locis
1288 4808 1478 4892 Scripturae,
1501 4810 1555 4873 ubi
1580 4812 1626 4873 rei
1640 4824 1792 4889 expresse
1814 4806 1847 4867 ιιι
1860 4810 1980 4869 mentio

201 4888 248 4963 vri3
265 4889 383 4954 etiamsi
398 4893 522 4955 uomina
551 4890 713 4955 ellectuum
734 4911 828 4972 saepe
856 4897 919 4958 siut
940 4897 1062 4959 eadem.
1109 4891 1203 4971 bujus
1217 4896 1382 4968 unctionis,
1399 4897 1447 4958 vel
1463 4901 1547 4959 certe
1560 4895 1597 4955 ad
1614 4908 1680 4954 eum
1706 4891 1863 4953 alluditur.
1894 4888 1980 4951 Prior

201 4968 276 5033 llam
291 4972 465 5052 Baptismus
481 4972 683 5053 deigratiam,
699 4978 1038 5055 etSpiritumsanclum
1054 5026 1062 5053 ,
1109 4982 1168 5047 est,
1182 4976 1213 5037 2.
1231 4976 1366 5040 Curintlr.
1398 4979 1427 5039 l.
1457 4977 1518 5054 Qui
1542 4974 1716 5053 confirmet
1736 4988 1795 5035 uos
1823 4971 1919 5044 Deus,
1948 4977 1980 5035 et

201 5055 258 5147 sed
274 5056 311 5115 ad
327 5055 404 5119 alius
426 5054 566 5122 ellectus.
593 5074 684 5135 quam
696 5057 903 5123 Confirmatio.
918 5059 1005 5124 Unde
1020 5069 1064 5125 et·
1108 5060 1288 5133 unctione,
1306 5058 1770 5141 etsipmuitmtdeditpipuos
1785 5054 1980 5133 spirituum

201 5149 264 5202 rom
279 5136 428 5201 Dominus
442 5137 529 5201 luen.
553 5137 605 5201 20.
620 5140 718 5203 dedit
742 5143 890 5220 apostolis
918 5144 1063 5222 Spiritum
1109 5140 1260 5205 cordibus
1274 5144 1402 5207 nostris.
1419 5144 1507 5205 llune
1522 5144 1624 5203 locum
1646 5144 1804 5218 exponunt
1818 5140 1856 5199 de
1872 5153 1977 5200 saeva·

202 5225 341 5283 sunctum
356 5235 413 5297 per
428 5220 678 5301 insufflationem
700 5230 731 5286 et
745 5229 847 5287 tamen
863 5226 972 5289 eodem
987 5232 1064 5288 tem·
1109 5231 1212 5285 mento
1228 5224 1480 5299 Gundomaliunis,
1497 5224 1679 5288 Ambrosius
1693 5222 1772 5283 libro
1788 5220 1828 5282 de
1850 5220 1900 5290 iis,
1917 5221 1973 5299 qui

201 5314 278 5378 porc
300 5302 442 5379 promisit
455 5303 517 5367 illis
531 5304 675 5383 Spiritum
697 5314 849 5376 sunctum.
870 5307 970 5372 lictor.
989 5313 1018 5372 t.
1035 5317 1066 5372 ot
1109 5304 1266 5369 initiantur
1281 5306 1446 5389 mysteriis,
1462 5326 1530 5387 cap.
1547 5306 1577 5369 l.
1594 5313 1625 5369 et
1637 5305 1811 5375 Anselmus,
1825 5320 1862 5365 ac
1876 5302 1979 5365 Theu-

201 5381 397 5447 deditltctor.
413 5384 444 5447 2.
460 5384 506 5448 sic
520 5389 611 5448 etiam
622 5388 796 5466 baptismus
807 5396 914 5463 armat,
927 5392 997 5467 quio
1012 5392 1065 5455 dat
1109 5387 1235 5451 duretus
1249 5390 1279 5451 iu
1296 5392 1526 5465 commentario,
1545 5395 1575 5452 til
1590 5388 1680 5451 tesbi
1693 5388 1758 5465 19⁵³
1779 5387 1855 5447 ⁵³¹ss
1868 5390 1977 5462 ³P⁸f¹⁰

199 5465 326 5543 gratiam
341 5467 422 5529 bene
437 5470 595 5547 operandi.
619 5471 679 5533 Sed
695 5470 890 5535 confirmetis
911 5474 996 5536 addit
1010 5492 1063 5553 pe·
1109 5467 1170 5531 boc
1184 5473 1444 5550 siguiilcant.Nam
1457 5476 1489 5536 iu
1503 5472 1611 5553 primis
1627 5470 1753 5533 verbum
1764 5466 1976 5549 (constrator)

198 5547 471 5613 eutiureroburad
493 5551 694 5629 profitendam
709 5552 814 5617 iidem.
837 5553 925 5619 llnde
952 5556 1063 5619 dieitur
1110 5556 1265 5632 proprium
1289 5563 1336 5619 est
1351 5554 1444 5637 buius
1455 5554 1649 5626 sacramenti,
1663 5551 1694 5614 iu
1710 5568 1772 5631 quo
1800 5550 1894 5613 robur
1918 5551 1974 5612 da·

199 5630 347 5723 apiostolis
359 5630 424 5711 ium
435 5632 593 5714 baptisatis
606 5632 680 5700 Luc.
698 5636 881 5702 desedere
901 5640 940 5703 in
952 5639 1061 5703 douo·
1109 5642 1168 5699 tur.
1186 5638 1302 5703 Deinde
1316 5638 1430 5721 (liubit
1444 5640 1516 5720 aas)
1539 5638 1586 5702 rei
1608 5636 1739 5713 retertur
1753 5633 1791 5697 ad
1806 5633 1904 5713 ipsam
1916 5648 1974 5695 uu-
