4084 6275
807 294 901 355 tlnltlt
921 294 1045 355 Fuluus
1707 293 1742 349 ii

39 436 109 484 csse
135 424 334 501 massario,
350 428 384 491 ut
397 427 496 493 medlo
516 426 667 493 cdtnsu
687 426 834 503 instituta,
849 431 906 495 sed
951 430 1092 509 haliau
1103 430 1255 509 mucci,
1279 428 1338 493 tto·
1350 443 1409 494 oco
1434 433 1658 503 :anamahta-
1673 444 1813 511 ortorum

36 507 909 591 turerexplicandurnitaorhnuruthancoecessitatem
953 515 1067 577 eadem
1081 515 1234 588 astralia,
1249 528 1324 576 cam
1344 510 1504 590 eoaapclii
1517 511 1582 573 sint
1593 513 1713 591 cipitia.
1730 512 1811 577 llaec

36 598 68 647 ut
91 606 172 653 eam
195 593 261 655 iere
283 594 401 655 tollant.
417 594 528 657 Volunt
548 593 839 658 enimsocrumenta
860 613 911 659 sc·
954 594 1019 657 illc.

35 672 101 732 lum
121 690 202 737 esse
217 676 302 738 utilia
318 677 356 741 ed
371 676 509 740 alendam
525 677 627 748 iidem,
644 679 715 755 quia
731 692 910 756 repraesen·
993 677 1112 752 Quibus
1123 677 1224 740 rerhis
1235 675 1434 755 reprehendit
1447 675 1528 737 illam
1540 682 1655 751 partem
1671 678 1810 751 canonis,

36 762 103 813 tam
128 758 238 819 oculis
252 758 296 825 id.
311 761 393 838 qaod
408 760 533 823 rerhom
557 759 646 825 oliert
671 760 807 823 curibus.
823 760 910 823 llnde
952 758 1005 821 ubi
1017 763 1184 823 concilium
1199 761 1320 821 damnat
1331 774 1397 835 eos,
1413 759 1465 839 qul
1476 760 1594 821 dicunt.
1608 762 1749 823 hominos
1761 761 1812 841 ju·

36 838 201 918 ,tpologia
232 839 454 914 Gonkssionis,
476 850 532 905 orl.
551 842 600 907 ld.
629 850 784 922 comparat
810 859 911 908 sacra·
953 841 1075 905 stilioari
1091 844 1154 905 sola
1169 842 1230 905 lide
1244 841 1313 903 sine
1327 842 1539 905 sacramentis.
1555 840 1629 903 ldeo
1642 849 1745 905 autern
1762 860 1810 906 rc·

34 926 147 981 intenta
174 924 326 1000 picturae:
342 925 421 987 sicut
440 940 514 1005 crgo
536 927 673 1006 potone
695 942 759 987 uon
782 933 911 1003 possunt
952 924 1127 1003 prehendit,
1142 927 1212 1005 quia
1238 930 1322 1003 putat
1341 940 1357 983 a
1379 922 1510 985 coneilio
1531 925 1667 987 damnari
1688 932 1812 988 senten·

35 1004 99 1061 diri
118 1007 321 1067 necessariae
342 1008 381 1069 od
397 1008 536 1084 salutem,
552 1008 611 1071 nisi
634 1007 710 1073 loric
734 1008 909 1072 horninibus
954 1009 1024 1067 tiam
1051 1009 1287 1070 lutheranorum
1315 1022 1374 1067 non
1391 1005 1587 1068 intellectam.
1603 1008 1673 1069 llam
1696 1010 1751 1070 etsi
1769 1010 1814 1071 la-

35 1085 130 1147 ralde
147 1086 301 1166 madibus:
317 1088 355 1149 ita
368 1100 428 1153 oca
442 1095 629 1155 sacramenta
644 1091 812 1153 secundom
828 1091 910 1171 ipso·
953 1094 1054 1151 untur
1068 1088 1232 1152 Lutheraui
1244 1089 1340 1151 soloni
1355 1086 1445 1148 tidem
1458 1086 1671 1167 justificare,et
1682 1091 1811 1168 proinde

38 1184 110 1227 rum
128 1172 334 1233 sententiam.
349 1170 480 1235 donatur
493 1172 664 1237 llernuitius
680 1174 747 1235 loco
762 1175 851 1235 citato
864 1188 910 1235 ro·
953 1179 1141 1235 sacramenta
1164 1188 1224 1233 non
1237 1170 1405 1250 justtlloare
1425 1170 1580 1242 eomodo,
1595 1188 1657 1249 quo
1671 1171 1749 1235 ildes
1761 1172 1811 1252 ju·

34 1252 150 1311 luttere
167 1252 250 1315 hanc
264 1254 495 1317 similitudinem
508 1258 546 1319 de
558 1256 685 1334 pictura,
702 1260 733 1319 et
747 1257 910 1317 ostendere
953 1254 1073 1321 slidcat.
1104 1264 1203 1317 tamen
1231 1256 1393 1315 admittunt
1416 1252 1506 1313 etiam
1532 1262 1718 1316 sacramenta
1750 1256 1811 1318 ulio

35 1334 152 1393 nescio
169 1350 262 1413 quam
279 1338 426 1414 majorem
447 1340 675 1401 necessitatem.
691 1337 751 1401 Sed
779 1352 839 1398 non
856 1355 909 1417 po·
954 1338 1045 1399 modo
1062 1336 1242 1415 justificare:
1257 1334 1411 1416 quomodo
1426 1350 1487 1396 nou
1511 1342 1633 1411 negant,
1651 1337 1747 1401 ileum
1760 1338 1810 1416 iu·

36 1422 101 1474 test
115 1429 237 1494 negare
251 1418 482 1482 similitudinem
505 1420 585 1483 illam
601 1434 673 1483 esse
700 1422 732 1481 in
746 1418 908 1500 Apologia,
954 1418 1098 1493 stillante,
1113 1426 1144 1482 el
1158 1419 1267 1481 Christi
1295 1418 1469 1496 passionem
1491 1416 1671 1495 justificare,
1687 1427 1718 1481 et
1738 1435 1812 1482 ooo·

36 1513 134 1573 quam
152 1515 190 1559 se
204 1498 236 1561 io
252 1502 396 1564 omnihus
415 1503 504 1581 sequi
520 1503 687 1581 protltetur.
704 1500 739 1563 nt
754 1510 910 1580 praetcrea
953 1502 1075 1565 cionem
1101 1503 1192 1564 etiam
1206 1516 1263 1563 sou
1278 1500 1408 1578 quodam
1431 1501 1522 1560 rnodo
1541 1500 1721 1577 justilloarc.
1738 1502 1810 1565 llam

36 1578 109 1640 aliis
127 1581 235 1642 serbis
250 1584 331 1644 idam
344 1584 430 1647 dicit:
453 1585 529 1648 nihil
543 1584 626 1647 enlm
647 1586 710 1647 rult
723 1591 910 1647 sacramenta
953 1584 1036 1647 licus
1047 1585 1215 1662 justillcaro
1232 1584 1353 1652 dicitur,
1368 1598 1407 1645 ax
1422 1584 1600 1645 auctoritato
1623 1593 1745 1660 peccata
1762 1600 1811 1647 re·

41 1677 118 1723 csse
133 1662 235 1739 aliud,
252 1666 313 1727 ursi
328 1666 416 1740 ritus,
431 1666 462 1728 in
477 1669 590 1747 quihus
615 1668 774 1730 visibiliter
790 1682 911 1746 reprae·
955 1666 1089 1732 miliens.
1105 1675 1136 1728 et
1149 1668 1180 1727 in
1195 1666 1320 1745 gratiam
1346 1680 1403 1727 nos
1424 1664 1589 1743 recipiens:
1612 1665 1749 1729 Christus
1762 1668 1814 1747 ju·

37 1751 187 1807 sentctur
200 1749 378 1825 promissio,
393 1750 667 1824 sicutoudlhiliter‚
684 1756 716 1811 ut
729 1750 775 1813 sic
790 1752 908 1827 loquar,
954 1749 1088 1813 stilicare
1109 1748 1220 1811 dicitur
1244 1746 1410 1817 meritorie,
1427 1748 1497 1825 quia
1511 1748 1623 1809 meruit
1642 1748 1732 1811 nohis
1747 1768 1813 1829 gra·

38 1834 296 1902 repraesentatur
315 1832 586 1913 insubditaque
608 1848 712 1897 revera
739 1848 800 1895 non
817 1848 911 1912 agno·
956 1834 1026 1893 tiam
1055 1838 1087 1893 ot
1105 1830 1317 1893 remissionem
1339 1836 1557 1908 peccatorurn3
1574 1830 1698 1892 rerlrum
1720 1839 1752 1893 et
1764 1850 1822 1895 su·¹

36 1916 130 1971 scunt
145 1914 377 1991 necessitatem,
393 1915 465 1977 licet
478 1919 661 1979 mentiantur
672 1930 707 1977 se
716 1931 897 1995 agnoscere,
955 1922 1141 1977 crumentum
1163 1911 1331 1993 justificant
1355 1912 1636 1985 instrumentaliter,
1662 1924 1813 1995 quatenus

38 1993 95 2051 scd
112 1992 220 2055 solum
235 2000 359 2059 hnuem
378 1997 530 2076 quandam
553 2000 712 2063 utilitatem
735 2013 909 2061 sacramen·
951 1996 1092 2072 exaltant,
1110 2002 1159 2059 ret
1184 1996 1320 2057 nutriunt
1344 1993 1448 2065 tidem,
1465 2010 1542 2070 quero
1561 1995 1811 2074 justificationem

43 2082 160 2135 illlum·
950 2079 1164 2158 apprehendit:
1186 2078 1262 2141 tides
1285 2084 1384 2139 aulem
1397 2076 1554 2156 justitient,
1571 2078 1641 2155 quia
1657 2079 1814 2141 immedia-

80 2156 199 2229 Quinta
228 2161 418 2238 propositio:
437 2162 520 2227 Ordo
544 2162 745 2230 acmaartaa
767 2166 823 2235 cst,
838 2177 908 2225 noo
951 2168 979 2225 tc
1006 2163 1096 2225 veluti
1119 2160 1268 2240 quaedam
1296 2160 1463 2239 spiritualis
1489 2176 1607 2235 manus,
1621 2161 1811 2237 justillcatio-

37 2240 186 2316 staturalis
198 2240 395 2319 homirtihas,
410 2248 468 2309 scd
480 2248 546 2325 ipsi
556 2246 764 2309 Ecclesiaste
777 2245 907 2308 uniuer-
951 2260 1020 2307 nem
1040 2242 1265 2323 apprehendit:
1282 2241 1435 2321 quomodo
1457 2240 1645 2321 justittcandi
1669 2242 1746 2305 tides
1761 2262 1812 2307 oo·

38 2338 126 2393 suun
143 2326 333 2389 amaseae
346 2329 448 2391 medii
460 2329 659 2409 simpliciter,
674 2328 780 2406 posita
794 2328 908 2391 dirdna
951 2330 1055 2388 mitem
1076 2328 1193 2389 trullum
1218 2326 1322 2388 habet.
1340 2324 1443 2403 ltaque
1469 2325 1573 2401 inepte
1594 2326 1759 2387 concilium
1773 2344 1813 2390 cx

42 2404 263 2470 institutione.
950 2408 1063 2471 Caluini
1079 2409 1230 2471 sententia
1241 2408 1359 2488 colligit
1374 2406 1563 2468 lutheranae
1579 2408 1745 2471 excludere
1760 2428 1812 2471 so·

80 2486 175 2549 Senta
187 2489 368 2569 propositio:
381 2492 849 2558 nammautcmcccccsmlam
861 2498 907 2557 act
949 2497 1103 2554 crementa
1118 2510 1134 2553 a
1146 2489 1451 2572 Justillcauouaquta
1463 2492 1595 2551 doceant
1608 2491 1703 2553 solam
1720 2491 1812 2555 iidem

42 2570 86 2629 ad
102 2568 189 2633 hene
199 2588 280 2647 esre,
294 2588 365 2639 nun
373 2578 511 2655 mucidis
522 2575 717 2649 hominibus,
731 2577 789 2639 sed
801 2575 907 2639 Eccie·
950 2572 1132 2657 justificare.

42 2654 112 2713 sicae
133 2653 175 2714 in
188 2656 390 2721 eumenum.
405 2658 449 2722 lle
471 2661 519 2723 his
548 2676 607 2722 non
627 2664 673 2721 cst
687 2659 903 2721 controversia.
990 2656 1128 2718 Similem
1153 2653 1334 2718 calumniam
1363 2652 1456 2714 habet
1469 2652 1653 2727 nemorum,
1669 2672 1741 2737 pag.
1757 2656 1809 2719 8⁰.

45 2732 167 2797 tides.
184 2736 333 2801 thomam
346 2740 379 2803 3.
392 2755 459 2821 par.
476 2749 595 2822 quaest.
611 2741 662 2805 65.
679 2748 734 2803 art.
749 2741 781 2801 t.
952 2736 1054 2814 Quod,
1070 2740 1181 2817 inquit,
1194 2739 1371 2817 praecipue
1382 2735 1620 2799 obseruandum
1632 2745 1688 2808 est,
1704 2754 1812 2803 necea

82 2816 242 2889 Quantum
263 2822 301 2883 cd
315 2824 449 2900 tertium,
466 2826 632 2889 refellenda
647 2830 720 2886 sunt
743 2822 903 2886 mendacia
947 2824 1075 2885 sitalem
1093 2827 1374 2884 sacramentorum
1397 2826 1567 2897 opponant
1583 2818 1813 2898 justificationi

41 2905 69 2957 ct
83 2902 262 2963 calumniae
284 2902 397 2968 calcini
420 2916 450 2969 ct
463 2907 620 2981 llemnltil,
636 2912 738 2969 contra
754 2919 903 2987 canonem
945 2920 1005 2982 per
1017 2906 1121 2967 solum
1133 2904 1241 2982 tideus,
1258 2909 1354 2981 atqrcc
1369 2916 1419 2971 ca,
1435 2917 1520 2980 ortae
1542 2902 1737 2968 adsalutem
1755 2921 1812 2969 ne·

43 2982 70 3041 l.
86 2998 172 3045 sess.
190 2983 220 3046 1.
238 2988 360 3050 concilii
383 2990 563 3066 tridentini,
583 2990 635 3053 uhi
657 2990 695 3051 de
718 2987 901 3051 necessitate
947 2990 1091 3051 cessaria
1099 2983 1423 3063 accidistinpaeuda
1434 2990 1522 3056 aaut,
1538 2992 1574 3045 ut
1586 2985 1813 3067 clcrtstaspro·

42 3073 304 3131 scorameutorum
319 3070 428 3152 agitur.
445 3073 543 3138 Verba
566 3071 687 3135 concilii
714 3072 752 3133 ita
768 3070 903 3133 habent:
946 3081 1086 3146 mereata,
1101 3071 1197 3133 Pater
1210 3070 1350 3141 donans,
1366 3082 1505 3145 arpano,
1521 3082 1580 3129 sco
1591 3068 1810 3134 lustramenta

42 3149 75 3206 δι’
89 3151 166 3226 qais
182 3150 315 3227 dimam,
331 3167 535 3220 samaraeum
548 3173 652 3220 nouae
667 3155 745 3234 lepis
757 3170 826 3220 coo
837 3171 904 3218 earo
945 3153 1034 3217 cerda·
1047 3160 1077 3217 ct
1088 3159 1379 3224 samumoutoram,
1393 3165 1453 3228 per
1473 3165 1557 3229 quac
1579 3149 1719 3229 Spiritus
1732 3168 1809 3218 aaa·

42 3232 84 3291 cd
97 3233 240 3294 ιαιιιιοιιι
250 3239 447 3308 necessaria,
462 3243 520 3304 sed
530 3239 748 3320 superducet
759 3239 829 3300 aiae
844 3236 900 3314 eis,
946 3242 1015 3298 dtas
1034 3235 1193 3314 hmteltcia
1212 3235 1273 3298 illo
1292 3235 1370 3297 aooi
1387 3234 1567 3296 testamenti
1587 3233 1689 3312 offert,
1706 3237 1811 3315 oppti-

42 3317 98 3374 out
113 3327 314 3382 commocio
332 3337 393 3399 per
405 3322 509 3388 colam
527 3321 624 3402 [idern
644 3321 789 3384 homines
803 3337 825 3382 a
837 3319 903 3383 lieo
945 3325 1008 3391 cat,
1026 3318 1183 3398 obsipnct,
1205 3324 1302 3392 ortpat
1325 3322 1356 3377 et
1369 3315 1561 3390 confirmat.
1588 3319 1627 3378 in
1650 3321 1808 3381 credone·-

42 3397 187 3471 protc'am
195 3399 439 3479 justificationis
459 3406 612 3485 adipisci,
628 3404 699 3466 lieet
712 3403 825 3466 cornia
837 3404 902 3466 ain·
945 3399 1015 3476 hoe,
1031 3407 1061 3464 et
1074 3404 1205 3466 demum
1218 3401 1402 3479 fidenatem:
1419 3399 1584 3475 ¹laertesioia
1607 3401 1668 3463 illu
1693 3417 1810 3480 apprc-

41 3478 125 3553 path
138 3485 327 3548 ooeoams'o
338 3479 413 3550 'nan
424 3487 500 3561 mot,
516 3489 692 3553 anathema
703 3488 756 3549 sil.
771 3487 837 3560 Quo
851 3501 901 3546 aa·
945 3484 1058 3547 hendit
1084 3490 1113 3548 cl
1126 3484 1255 3562 accipit.
1273 3482 1412 3560 Sinprtlu
1425 3481 1505 3542 hacc
1518 3497 1578 3542 auo
1591 3490 1704 3553 modo,
1722 3491 1752 3545 ot
1772 3486 1810 3548 iu

43 3577 123 3622 none
153 3567 319 3628 concilium
349 3569 403 3630 tria
427 3569 544 3634 delinit
560 3571 681 3634 Primo:
708 3568 901 3632 Sacramenta
943 3583 1002 3629 cuo
1016 3568 1126 3645 prodo
1138 3566 1487 3628 adsolaclemuostrom
1501 3565 1655 3626 ordinata
1668 3575 1755 3628 sunl.
1772 3568 1812 3630 h't

44 3659 103 3704 uon
119 3658 192 3708 esse
209 3651 365 3727 superllua
380 3653 417 3714 ad
433 3655 575 3728 sulutem,
591 3653 646 3716 sed
662 3649 834 3716 necessaria
847 3668 856 3726 3
871 3650 902 3712 id
944 3648 1028 3712 riom
1047 3649 1280 3727 cousecratur.
1292 3648 1556 3710 cccrcmcutaad
1574 3647 1713 3710 satutem
1732 3659 1812 3712 sant

43 3725 122 3802 quod
145 3727 307 3794 dedoitum
335 3735 501 3798 eslcoiltra
529 3736 741 3814 lnabaplistas
762 3732 902 3796 erzuu-
944 3733 1139 3804 necesaria,
1157 3747 1231 3809 erpo
1251 3729 1422 3792 cocsotm
1447 3728 1589 3791 cluullas
1619 3733 1806 3794 caouurito

44 3809 175 3884 titanos,
189 3813 242 3890 qui
257 3813 305 3894 (ιιι
319 3833 412 3896 supra
432 3819 464 3880 in
479 3818 683 3897 disputatione
698 3817 737 3878 de
751 3813 902 3878 delinitio·
943 3813 1037 3880 noha
1052 3831 1124 3876 cam
1138 3813 1323 3893 acquisivit:
1339 3813 1387 3873 c'ta
1401 3812 1500 3872 crum
1513 3814 1741 3892 consequitur
1753 3829 1806 3875 su·

45 3907 80 3950 ue
95 3891 243 3974 vidimus)
258 3897 446 3964 sacramenia
461 3903 545 3965 utilia
562 3917 632 3964 esse
647 3899 789 3962 colebant
804 3897 841 3958 ad
857 3897 901 3959 dl·
945 3902 1111 3960 momenta
1129 3897 1174 3959 ad
1187 3897 1325 3958 sulutem
1337 3901 1414 3956 aaut
1432 3896 1630 3972 accessorio,
1646 3911 1720 3974 erpo
1734 3912 1803 3960 noo

44 3977 235 4038 ueroeudos
259 3979 368 4044 fideles
393 3983 431 4045 ab
447 3983 634 4052 infidelibus,
653 3999 712 4044 nun
736 3987 836 4044 autem
861 3980 899 4040 ud
943 3980 1048 4043 solam
1066 3979 1323 4058 fidcmprola'anc
1339 3975 1587 4057 p'aaliic'oaliom's
1610 3979 1804 4057 accipimus.

44 4056 172 4118 salutem
184 4066 557 4145 consequendamttoue
572 4067 651 4128 lrano
662 4071 778 4145 partem
793 4061 901 4126 delini·
945 4061 1027 4124 llaec
1039 4062 1103 4125 ille.

48 4139 134 4226 tionis
159 4139 293 4206 libenter
315 4148 487 4225 admittunt,
504 4156 535 4212 et
549 4148 678 4228 probant
702 4146 855 4220 Calvinus,
873 4152 903 4206 et
983 4145 1071 4224 Atqui
1090 4146 1229 4206 haccest
1243 4140 1393 4205 calumnia
1422 4146 1453 4202 et
1466 4139 1659 4203 mendacium
1683 4143 1808 4206 manite-

44 4220 227 4286 homnitius.
248 4225 414 4294 Secundo:
436 4231 629 4294 Sacramenta
655 4237 803 4310 quaedam
824 4229 900 4290 adeo
945 4231 1038 4290 stum.
1054 4226 1227 4290 Concilium
1249 4223 1331 4286 enirn
1353 4229 1436 4286 recte
1452 4224 1602 4285 intellexit
1615 4238 1720 4285 corum
1736 4239 1808 4286 sen·

45 4320 112 4366 usse
127 4311 316 4384 necessaria,
333 4320 367 4374 ut
380 4317 449 4376 sine
463 4313 555 4394 ipsis,
572 4317 618 4376 rel
635 4327 739 4376 eornm
757 4318 823 4372 roto
840 4325 901 4371 non
945 4310 1085 4385 tentiam,
1097 4316 1129 4372 ot
1140 4310 1273 4387 idipsum
1289 4307 1411 4387 proprie
1422 4305 1585 4381 damnarit,
1603 4309 1685 4386 quod
1697 4305 1741 4368 illi
1754 4308 1808 4368 do·

49 4389 141 4460 possit
155 4388 244 4452 salus
258 4395 449 4475 contingere.
466 4397 530 4460 lloc
544 4404 645 4458 autern
667 4402 713 4458 est
729 4399 831 4456 eoutm
846 4393 902 4454 lu·
944 4397 1027 4456 cent.
1042 4391 1115 4454 liam
1130 4407 1192 4453 non
1207 4391 1332 4453 damnat
1346 4405 1401 4450 eos
1416 4388 1591 4454 concilium.
1608 4389 1690 4464 ouod
1705 4391 1808 4451 exclu-

44 4475 184 4532 tueranos
199 4479 232 4534 et
242 4472 487 4555 Calcinlslas,oui
503 4479 560 4542 soli
575 4478 647 4542 lidei
662 4477 798 4540 tribuunt
818 4475 900 4556 ejus·
944 4475 1017 4536 dant
1031 4481 1219 4537 sacramenta
1235 4491 1251 4534 c
1266 4471 1482 4552 iustificatione
1508 4471 1732 4549 quovismodo,
1750 4473 1807 4534 sed

46 4555 122 4614 troadi
152 4557 381 4623 arcessitorem.
395 4561 497 4624 Tertio
512 4577 572 4624 non
596 4561 695 4623 onrnia
711 4563 900 4622 sacramenta
944 4559 1025 4636 quod
1041 4557 1202 4620 excludant
1217 4554 1256 4616 ab
1271 4553 1445 4616 immediata
1462 4554 1640 4629 acceptione
1656 4559 1686 4614 ot
1700 4554 1802 4633 appli-

45 4651 110 4696 cssc
127 4636 261 4716 singulis
277 4645 463 4706 necessaria:
477 4645 506 4704 id
520 4648 600 4724 quod
616 4645 762 4708 asseritur
778 4647 902 4719 propter
944 4640 1063 4702 catione
1076 4638 1314 4719 justificationis,
1330 4651 1421 4714 qoam
1436 4636 1495 4714 ipsi
1524 4637 1582 4728 soli
1610 4635 1681 4697 hdei
1706 4637 1803 4698 tribu·

45 4719 184 4780 tudinem
200 4727 232 4782 et
245 4721 480 4791 llalrunouium.
494 4725 529 4788 ln
541 4743 599 4806 qua
617 4733 699 4802 parte
714 4724 900 4787 delinitionis
944 4721 1216 4784 unt.1·'idcsonim
1241 4720 1391 4781 catholroa
1407 4731 1467 4779 noo
1496 4717 1626 4781 samarit
1650 4719 1715 4780 sola
1741 4719 1802 4781 lida

47 4800 114 4861 illud
130 4800 232 4863 solum
254 4809 495 4886 reprehendunt,
512 4810 593 4886 orrod
615 4811 690 4872 haec
706 4810 785 4870 inter
799 4821 898 4868 sacra·
945 4806 1120 4866 immediato
1133 4801 1370 4881 apprehendet
1381 4802 1526 4880 applicari
1541 4800 1719 4862 homiuibus
1735 4809 1801 4872 pcrt-

47 4889 140 4944 ruenta
163 4900 374 4951 numeremus:
401 4893 456 4954 sod
472 4892 510 4952 de
526 4892 584 4952 hoc
599 4891 670 4954 alibi
686 4890 851 4954 dicendum
867 4903 898 4948 e·
945 4887 1013 4948 liam
1027 4886 1269 4965 justificationis,
1284 4884 1340 4947 sed
1353 4883 1415 4944 rull
1440 4883 1476 4942 acl
1503 4882 1532 4942 id
1561 4885 1739 4946 necessario
1754 4899 1801 4944 re·

45 4972 87 5025 nl.
103 4965 269 5032 tentamus
285 4988 366 5034 rrunc
382 4976 418 5035 ad
433 4975 603 5036 mendacia.
943 4970 1023 5046 orriri
1039 4970 1128 5030 eliam
1144 4974 1343 5034 sacramenta,
1359 4966 1436 5026 adeo
1451 4969 1484 5025 ut
1496 4964 1523 5024 si
1536 4962 1613 5023 fides
1636 4965 1668 5024 in
1697 4965 1801 5040 aliquo

81 5047 166 5110 iluna
181 5067 331 5116 canonem
348 5055 387 5118 ita
400 5057 540 5120 Calvinus
555 5057 756 5120 calumniatur
771 5055 801 5119 in
817 5051 898 5114 hnti·
944 5055 1063 5125 existat,
1080 5053 1217 5132 quumvis
1232 5048 1435 5111 rnanirnonun
1452 5054 1552 5107 minen
1564 5045 1723 5125 justificet,
1740 5047 1801 5109 nisi

47 5129 121 5192 dcto:
136 5131 194 5195 llic
210 5135 287 5198 loct
302 5137 411 5202 Patres
425 5157 484 5218 pro
498 5157 561 5202 sun
575 5140 729 5202 crassitie.
744 5153 813 5200 raon
827 5135 899 5196 aui·
943 5135 1023 5194 allsit
1036 5136 1126 5196 etiam
1142 5138 1364 5194 suammentum
1381 5133 1409 5189 tn
1426 5145 1470 5200 re,
1487 5129 1534 5188 rel
1550 5129 1580 5188 iu
1596 5133 1682 5202 voto3
1705 5129 1802 5190 immo

47 5215 253 5291 nodocrlanl,
270 5221 432 5300 quidquid
454 5223 548 5286 aomo
567 5223 693 5300 proriae
717 5233 897 5299 plltrdel'tl·
943 5221 1041 5294 uragls
1051 5217 1217 5296 requiritur
1230 5219 1464 5280 sacruroentum,
1491 5227 1580 5290 qraarn
1606 5209 1696 5273 tides.
1725 5211 1797 5273 Nam

49 5304 151 5358 nmio
174 5302 361 5377 confertur,
388 5305 604 5368 nihilominus
629 5303 705 5382 fidei
731 5305 895 5382 imputau-
942 5301 1010 5362 siue
1024 5305 1215 5361 sacramento
1230 5300 1260 5356 tu
1276 5310 1320 5368 re,
1338 5296 1385 5355 col
1401 5297 1430 5354 ln
1447 5299 1526 5362 colo,
1549 5308 1641 5352 nemo
1653 5292 1801 5371 justitien-

49 5379 129 5442 ‹larn-
147 5379 209 5456 Qut
232 5386 320 5447 enirn
348 5401 370 5448 a
388 5391 601 5452 sacramentis
623 5387 720 5466 iidem
739 5390 869 5465 separat
887 5427 895 5448 .
942 5390 1108 5460 laeuoque
1119 5383 1378 5456 parrulos,neque
1392 5377 1527 5449 adultus:
1542 5374 1610 5435 sine
1625 5372 1685 5436 lide
1697 5384 1798 5471 auteur

50 5463 173 5535 1161111116
192 5467 283 5544 [aeth
300 5483 339 5530 aa
356 5470 546 5533 sichimam
572 5487 593 5532 o
613 5485 746 5549 corpore
766 5469 898 5532 tolleret.
944 5466 1038 5540 artioni
1050 5463 1267 5543 justificantur,
1278 5465 1311 5522 ut
1324 5459 1452 5538 porculi,
1469 5459 1522 5538 qui
1538 5458 1629 5518 lidern
1644 5473 1798 5537 propriant

51 5545 122 5622 5¹9⁰
148 5553 426 5627 omnmocaaam
449 5554 611 5633 monaehi
636 5554 820 5618 dacianum
831 5563 900 5615 nort
946 5549 1063 5611 nullam
1078 5547 1203 5614 hahent,
1233 5559 1291 5621 ouo
1317 5542 1467 5636 recipiant
1479 5539 1750 5636 justificationem,
1766 5545 1799 5601 ot

53 5629 256 5709 earlrulirntts,
274 5649 350 5698 cum
374 5636 598 5714 diadumenos
617 5635 688 5700 sola
707 5633 770 5714 fide
787 5635 901 5698 Christi
946 5637 1046 5694 tomen
1060 5645 1117 5709 per
1131 5633 1352 5691 sacramentum
1366 5623 1435 5686 lide:
1450 5623 1664 5703 Justrlicculur.
