4084 6275
820 407 917 468 tinen
937 409 1058 471 namus
1693 407 1739 466 nr
1806 475 1810 486 ,

48 547 221 616 eslilhelur.
238 543 381 623 Quamuis
395 541 478 607 eninr
491 545 644 624 Scriptura
659 559 721 608 non
736 547 910 610 meminerit
951 556 1065 613 torum:
1082 545 1181 608 dicam
1197 543 1293 621 enim,
1309 559 1418 624 aquom
1434 559 1494 606 non
1521 557 1592 606 esse
1617 543 1656 604 de
1682 543 1817 605 essentia

49 635 226 705 verborum3
242 638 344 691 lamen
372 640 480 707 aperte
505 629 646 692 scribunt
671 628 762 692 rerba
791 629 906 709 requiri
951 629 983 693 in
999 629 1338 709 Baptismosenundum
1362 625 1547 706 Scripturas,
1575 641 1634 688 nec
1659 625 1760 688 vinum
1783 624 1815 686 4η

45 713 248 792 antiquissimi
264 713 380 786 Patres,
397 717 430 772 ut
443 710 621 774 Ambrosius
643 712 675 772 in
690 728 759 790 cap.
772 713 803 775 4.
820 712 850 775 4.
866 713 903 775 ad
952 713 1154 778 docharislla.
1172 725 1230 774 nec
1245 710 1346 773 oleum
1369 711 1399 772 in
1423 716 1559 772 extrema
1583 707 1732 771 Unctione
1754 715 1814 770 etc.
1851 787 1854 794 ι

45 794 383 875 limatullierouymus
397 794 429 854 4η
444 811 513 872 cop.
529 792 580 858 58.
595 794 705 868 Isaiae,
721 801 751 856 et
765 796 906 875 Augusti·
954 796 1112 858 maceres
1130 793 1296 874 Scriptura,
1314 808 1376 854 ηηη
1393 794 1472 855 solet
1487 793 1517 854 4η
1533 792 1602 854 aliis
1616 793 1816 855 sacramentis

47 897 105 948 nus
120 884 149 938 in
162 895 256 940 serm.
272 880 312 940 de
326 878 423 955 gestis
437 894 507 938 cum
522 877 668 954 Emeritm
684 887 715 942 et
727 878 809 939 idem
826 881 908 956 potat
952 879 1072 940 tradere
1088 879 1146 938 nisi
1162 875 1346 940 essentiales
1361 876 1584 945 caeremonias,
1600 883 1630 938 et
1649 877 1696 936 aix
1722 873 1812 936 etiam

50 983 86 1029 ex
100 962 227 1038 antiquo
242 961 352 1022 ordine
368 975 504 1032 rumano,
521 965 552 1022 el
568 977 605 1022 ea
618 959 773 1036 omnibus,
799 960 852 1039 qul
867 960 906 1024 de
952 961 1085 1039 integre:
1102 959 1171 1037 quis
1187 974 1260 1037 ergo
1274 957 1332 1020 sibi
1354 959 1547 1035 persuadeat,
1575 959 1605 1019 in
1632 958 1690 1018 boc
1715 973 1814 1018 sacra·

46 1052 104 1112 boc
118 1049 311 1106 sacramento
325 1047 464 1104 tractant.
952 1052 1056 1106 mento
1071 1057 1195 1121 semper
1216 1041 1365 1103 nominari
1392 1041 1481 1103 ritum
1508 1039 1758 1112 accidentariuni,
1782 1056 1813 1099 η·

85 1129 145 1190 Sed
161 1127 231 1204 quia
247 1126 278 1188 in
296 1124 494 1186 Ordinatione
513 1122 685 1203 presbyteri
701 1131 733 1186 et
755 1123 877 1187 diaconi
895 1170 903 1199 ,
953 1126 1049 1188 misso
1064 1123 1239 1186 essentiali?
1252 1121 1393 1198 Denique
1407 1123 1519 1185 Paulos
1534 1125 1619 1196 dicit,
1635 1139 1690 1200 per
1705 1139 1813 1184 luanus

44 1211 178 1290 duplicia
194 1209 283 1288 signa
297 1207 493 1284 exhibentur3
510 1208 653 1268 nimirum
675 1207 830 1285 impositio
844 1224 903 1268 rna·
952 1206 1183 1288 impositionem
1198 1207 1260 1268 dori
1276 1207 1415 1283 gratiam,
1435 1207 1463 1268 l.
1480 1205 1609 1267 Timolb.
1626 1205 1656 1266 4.
1673 1209 1705 1266 el
1718 1206 1749 1265 2.
1765 1204 1812 1266 ’44-

42 1309 137 1358 ouum
152 1299 183 1354 el
196 1293 349 1370 porrectio
363 1290 557 1351 instrumenti
574 1335 583 1360 ,
613 1296 645 1350 ut
659 1290 767 1352 culicis
783 1298 814 1352 et
829 1293 903 1369 pali·
951 1289 1167 1368 moththrgo
1183 1303 1291 1350 manus
1307 1287 1460 1365 impositio
1475 1295 1523 1351 est
1539 1305 1608 1366 pars
1630 1288 1813 1350 sacramenti

45 1394 103 1440 nae
118 1377 148 1438 in
161 1373 384 1452 presbyterium
401 1377 432 1434 el
458 1372 527 1433 iibri
543 1373 770 1450 evangeliorum
786 1374 817 1434 in
842 1374 905 1434 dia·
949 1373 1138 1436 essentialis:
1154 1387 1214 1433 non
1231 1371 1312 1434 enim
1338 1372 1452 1450 gratiae
1478 1371 1641 1450 promissio
1666 1369 1742 1432 lacta
1766 1377 1813 1432 est

45 1467 169 1532 eonatu3
185 1457 256 1518 ldec
281 1455 423 1532 quaestio
450 1453 581 1526 existit,
611 1461 710 1516 ulrum
740 1456 848 1516 horum
864 1456 905 1517 si·
953 1453 1396 1524 caeremoniisaccldeularlls,
1413 1454 1470 1516 sed
1485 1453 1716 1516 essentialibus.

43 1555 173 1621 gnarum
188 1537 415 1600 sitessentialls
442 1537 568 1617 materia
596 1537 791 1600 sacramenti.
819 1538 905 1600 huae
988 1539 1094 1616 licque
1108 1536 1199 1610 ualet,
1216 1535 1298 1615 quod
1321 1535 1471 1614 objiciunt
1496 1536 1536 1598 de
1561 1534 1809 1610 confirmatione3

44 1631 118 1688 sunt
131 1626 230 1682 nutem
245 1620 456 1698 theologorum
470 1619 658 1681 sententiae.
950 1637 1030 1700 quoe
1047 1622 1150 1682 ictor.
1166 1617 1198 1680 8.
1214 1618 1325 1681 dieitur
1340 1619 1402 1681 dari
1429 1635 1486 1698 per
1510 1636 1619 1682 manus
1644 1617 1812 1698 impositio·

85 1705 142 1768 dlii
158 1702 240 1764 enim
255 1703 440 1777 existimant,
457 1717 565 1764 manus
588 1701 816 1781 impositionem
831 1717 903 1766 esso
947 1720 1032 1777 nem,
1049 1709 1079 1766 el
1094 1708 1195 1764 umen
1210 1715 1271 1764 non
1287 1707 1333 1764 est
1346 1701 1397 1762 illa
1413 1701 1536 1765 materia
1554 1702 1730 1764 essentialis
1742 1701 1811 1777 eius

43 1786 278 1852 accidentariam
293 1786 434 1846 ciselam
449 1783 721 1847 instrumentorum
735 1787 902 1866 porrectio·
946 1785 1142 1858 sacramenti,
1159 1784 1214 1846 sed
1231 1781 1381 1846 chrisma.
1396 1781 1461 1846 iem
1476 1787 1558 1846 enlm
1586 1785 1645 1846 hoc
1670 1786 1810 1846 dissolvi·

45 1887 114 1935 nem
129 1883 200 1930 esse
214 1866 423 1929 essentialem:
440 1867 479 1929 ita
504 1864 682 1930 hominihus
702 1885 719 1930 u
748 1868 831 1942 soto,
858 1869 903 1931 di·
945 1885 1015 1932 mus
1030 1869 1061 1930 in
1077 1868 1284 1945 disputatione
1296 1865 1335 1928 da
1348 1861 1595 1938 donllrmatione,
1610 1867 1661 1927 ubi
1675 1866 1815 1927 ostendi·

44 1957 147 2018 stiunt.
163 1948 216 2012 24.
231 1956 351 2029 quaest.
369 1950 399 2011 4.
415 1957 472 2011 art.
488 1949 519 2011 4.
532 1958 563 2012 et
577 1948 629 2012 olii
646 1950 784 2030 quidum.
946 1967 1139 2024 mus,manus
1154 1949 1381 2026 impositionem
1397 1949 1428 2011 in
1441 1949 1677 2013 confirmatione
1690 1963 1760 2010 esse
1773 1948 1811 2007 de

83 2033 291 2096 Fundamenta
307 2046 413 2094 eorum
426 2039 498 2094 sunt
512 2033 580 2095 tria.
607 2033 740 2097 Primum
757 2078 765 2095 .
782 2033 854 2111 quia
870 2034 900 2096 in
947 2035 1098 2100 essentia.
1115 2033 1183 2112 quia
1200 2048 1255 2112 per
1268 2032 1352 2094 illam
1367 2031 1528 2113 signantur
1543 2030 1712 2095 chrismate
1730 2030 1812 2092 iron-

37 2116 174 2182 ooneilin
188 2113 354 2185 florentino
366 2131 428 2177 noa
445 2115 504 2178 alio
519 2117 694 2196 assignatur
707 2119 844 2191 materia,
857 2121 903 2178 oi·
946 2125 994 2180 les
1005 2116 1154 2180 lldclium.
1520 2143 1525 2154 »
1651 2193 1653 2199 k

43 2206 68 2266 si
83 2201 360 2262 instrumentorum
375 2200 541 2276 porrectio.
989 2195 1235 2262 secundmldem
1253 2195 1348 2276 probo
1365 2213 1402 2259 ex
1417 2198 1577 2260 traditione
1590 2196 1767 2276 pontillcurn
1781 2203 1812 2258 el

78 2281 268 2345 Secundum:
285 2280 360 2354 Quia
376 2279 576 2343 Innocentius
589 2279 645 2342 lll.
661 2297 730 2359 cap.
753 2280 902 2344 Pastoru-
946 2282 1160 2345 conciliorum.
1177 2280 1319 2342 clemens
1334 2279 1388 2342 lib.
1405 2278 1436 2341 8.
1453 2280 1610 2342 constitut.
1634 2297 1702 2356 cap.
1726 2279 1757 2340 2.
1781 2286 1811 2339 et

42 2368 90 2440 lis,
107 2364 363 2427 desacramentis
378 2363 614 2457 adulterandis,
630 2369 660 2424 et
672 2364 837 2444 Gregorius
848 2364 901 2426 tx.
947 2365 1123 2443 sequentib.
1141 2363 1290 2425 Damasus
1305 2364 1397 2442 epist.
1414 2361 1444 2424 4.
1460 2362 1662 2426 Innocentius
1678 2363 1701 2426 l.
1718 2362 1810 2438 epist.

40 2466 108 2527 cap.
124 2444 303 2526 Presbyter,
319 2446 429 2506 eodem
455 2447 553 2516 titulo,
570 2446 676 2508 dicunt
700 2462 761 2508 non
783 2447 902 2510 debere
946 2448 999 2509 22.
1015 2449 1054 2510 ad
1069 2449 1235 2524 episcopos
1250 2444 1460 2518 Macedoniae,
1474 2445 1535 2508 Leo
1549 2445 1575 2508 Ι.
1593 2447 1685 2526 epist.
1705 2443 1756 2506 S'l.
1774 2445 1811 2506 od

41 2531 141 2595 iterari
155 2529 379 2590 ordinationem
394 2527 502 2589 iachm
517 2527 586 2590 sine
601 2544 710 2592 manus
730 2529 902 2608 impositio·
946 2532 1113 2610 episcopos
1127 2529 1257 2601 hiriane,
1274 2533 1305 2590 et
1326 2543 1362 2590 ex
1389 2529 1613 2591 recentioribus
1639 2527 1811 2590 Alexander
1870 2527 1874 2542 '

42 2631 91 2685 no,
109 2613 165 2675 sed
181 2609 390 2690 supplendum
405 2625 488 2680 esse.
504 2612 586 2688 quod
602 2611 751 2672 omissum
766 2620 826 2673 est.
841 2610 902 2673 lbi·
946 2630 1023 2691 papa
1039 2611 1079 2674 Il.
1096 2628 1207 2674 canon.
1223 2609 1265 2672 444(
1282 2612 1398 2682 multis,
1416 2611 1445 2671 4.
1463 2618 1583 2689 quaesi.
1601 2612 1632 2672 3.
1660 2619 1690 2671 et
1716 2609 1808 2670 Urba·

42 2700 112 2760 dem
128 2695 219 2756 etiam
244 2692 329 2754 uddil
348 2691 514 2770 Gregorius
539 2708 649 2756 manus
673 2695 913 2772 impositionem·
947 2712 1007 2757 nus
1029 2695 1070 2758 lt.
1087 2711 1200 2758 canon.
1227 2692 1416 2770 llaibertum,
1444 2694 1474 2758 4.
1501 2701 1622 2774 quaest.
1649 2693 1679 2757 l.
1707 2693 1811 2755 etalii

42 2794 113 2841 esse
128 2777 219 2839 ritum
234 2775 272 2836 ab
287 2776 435 2854 apostolis
451 2776 671 2837 introductum.
948 2779 1077 2858 passim.
1616 2792 1620 2802 ²

79 2859 214 2926 Tertium
228 2859 410 2920 Sacerdotes
423 2855 510 2934 hunt,
526 2874 595 2919 cum
612 2860 658 2921 eis
673 2857 795 2920 dicitur:
810 2857 900 2923 Aeci·
986 2860 1064 2922 ltem
1079 2875 1116 2920 er
1131 2857 1284 2922 conciliis.
1297 2856 1473 2930 dleaannm,
1499 2876 1569 2921 can.
1595 2858 1627 2919 44.
1653 2858 1811 2920 antioche·

32 2961 78 3022 pe
91 2945 280 3019 potestatem
293 2937 663 3019 offerendisucriiieium.
679 2939 740 3003 Sed
752 2947 825 3004 tunc
838 2957 900 3003 non
946 2959 1033 3016 num,
1051 2959 1121 3006 can.
1141 2941 1191 3003 lll.
1207 2943 1237 3003 et
1254 2941 1304 3003 44.
1320 2941 1567 3020 carthaginiense
1583 2941 1632 3003 ll.
1651 2957 1718 3003 can.
1736 2942 1767 3001 2.
1780 2939 1812 3001 3.

40 3029 242 3102 imponuntur
265 3038 387 3098 manus,
412 3023 468 3084 sed
494 3031 609 3083 ωηωω
631 3023 797 3102 porrigitur
822 3025 902 3086 calix
948 3033 979 3088 el
997 3026 1028 3088 4.
1046 3033 1076 3087 et
1092 3025 1192 3086 omnia
1210 3024 1267 3086 alia
1291 3023 1413 3101 antiqua
1440 3023 1570 3086 eoncilia
1597 3025 1710 3102 passim
1735 3021 1813 3084 affir-

35 3125 108 3169 eum
125 3107 195 3167 uino
209 3112 240 3166 el
254 3105 354 3183 patina
370 3121 439 3167 cum
455 3121 546 3184 pane,
575 3112 609 3167 ul
623 3111 706 3184 patet
731 3120 768 3167 ex
791 3108 901 3169 urdine
946 3115 1042 3179 mant,
1059 3123 1168 3169 munus
1183 3104 1381 3186 impositione
1397 3105 1527 3169 conlerri
1543 3105 1687 3169 Ordines.

38 3206 164 3252 rcrurmo
180 3188 317 3265 antiquo,
336 3195 418 3250 etex
432 3186 677 3267 pontificalique
692 3197 774 3249 nunc
796 3190 901 3251 liccle·
986 3192 1092 3269 lpsum
1115 3192 1205 3252 etiam
1228 3189 1428 3251 tridentinum
1456 3190 1620 3252 coricilinm
1646 3190 1741 3268 (quod
1766 3195 1814 3251 est

40 3290 84 3335 sia
101 3272 207 3346 ulitur3
224 3287 298 3351 ergo
313 3284 422 3332 manus
437 3271 603 3350 impositio,
619 3286 701 3349 quae
725 3277 830 3348 postea
852 3290 901 3334 ae·
946 3274 1168 3335 obseruandum
1185 3279 1309 3351 propter
1323 3288 1389 3348 eos,
1406 3272 1456 3348 qui
1474 3279 1542 3349 post
1553 3274 1717 3335 concilium
1731 3272 1811 3333 cele·

43 3356 134 3422 cedit.
150 3353 188 3415 ad
206 3354 372 3415 essentiam
388 3354 570 3416 sacramenti
594 3370 656 3417 ηηη
677 3353 820 3433 pertinet.
842 3354 902 3416 lla·
948 3357 1081 3428 braium,
1098 3356 1186 3416 aliter
1202 3354 1350 3433 sentiunt)
1365 3370 1445 3416 sess.
1463 3355 1514 3417 44.
1531 3372 1598 3432 rap.
1616 3359 1646 3417 3.
1663 3356 1700 3415 dc
1717 3363 1814 3415 extre·

40 3438 87 3513 ior
102 3437 272 3513 propositio
287 3436 441 3514 probatur,
457 3438 528 3514 quie
542 3436 656 3514 alioqui
671 3442 756 3498 esset
767 3436 854 3499 lollax
867 3439 902 3498 44·
949 3436 1160 3500 ma'llnclione
1176 3436 1260 3505 dicit,
1278 3436 1449 3496 ministrum
1473 3446 1627 3499 extremae
1654 3435 1811 3498 brictionis

42 3523 67 3579 la
82 3520 245 3580 concessio
260 3521 433 3597 potestatis,
450 3520 475 3581 sl
492 3525 566 3581 luno
580 3534 615 3581 ea
631 3535 735 3581 revera
752 3533 813 3583 nun
824 3522 903 3581 acci·
950 3536 1020 3583 esse
1037 3522 1231 3599 episcopum,
1248 3524 1299 3579 aul
1313 3517 1527 3597 presbyterum
1543 3520 1600 3581 rite
1614 3520 1786 3581 ordinatum
1805 3566 1812 3593 ,

40 3609 175 3679 peretur.
191 3600 229 3662 Et
244 3601 402 3663 Praeterea
418 3602 548 3678 apostoli
563 3601 594 3663 in
608 3601 712 3663 ultima
724 3616 821 3664 coena
833 3603 904 3665 iacti
949 3618 1007 3682 per
1018 3618 1127 3665 manus
1141 3602 1383 3680 impositionem.
1399 3598 1437 3661 El
1451 3616 1532 3662 sess.
1548 3600 1600 3663 23.
1614 3616 1724 3673 canon.
1740 3601 1815 3663 lde

42 3692 112 3745 sunt
126 3685 318 3758 sacerdotes,
335 3690 368 3745 ut
389 3684 482 3745 hobel
502 3682 669 3745 concilium
693 3684 903 3760 tridentinum,
948 3690 1141 3749 sacramento
1157 3683 1281 3746 Ordinis
1295 3682 1389 3743 habet
1404 3684 1479 3743 liaeo
1495 3685 1598 3744 verba:
1622 3685 1656 3745 Si
1677 3686 1749 3765 quis
1764 3684 1812 3747 di·
1887 3718 1900 3739 .

42 3782 119 3827 sess.
133 3766 186 3827 22.
203 3784 272 3845 cap.
290 3768 398 3845 tergo
412 3772 443 3827 et
457 3782 539 3829 nunc
550 3769 730 3829 secerdotes
740 3765 901 3838 donicum
948 3771 1036 3832 merit
1047 3780 1247 3849 persecrum
1263 3763 1507 3829 ordinationem
1518 3780 1586 3828 ηηη
1608 3767 1686 3828 dori
1714 3766 1815 3845 Spiri-

41 3850 126 3909 dalur
140 3853 189 3910 eis
204 3856 342 3927 potestas
357 3849 559 3911 consecrandi
576 3858 607 3911 et
621 3848 771 3911 oilereudi
787 3850 903 3913 Sueba·
949 3857 1019 3915 tum
1031 3856 1191 3915 sonetum.
1209 3864 1248 3910 uc
1259 3847 1400 3927 proinde
1425 3846 1550 3925 frustra
1565 3849 1753 3926 episcopum
1765 3850 1813 3910 di·

40 3932 166 3991 ristiam.
181 3931 269 3993 ldom
284 3933 367 3993 enim
381 3940 441 3994 est:
456 3932 521 3995 Huc
533 3931 630 4009 sedite
642 3932 681 3995 iu
700 3941 808 3995 meum
820 3949 904 3995 com·
949 3951 1032 3997 cere:
1048 3935 1159 4012 Accipe
1175 3931 1333 4009 Spiritum
1343 3936 1503 3999 sonetum.
1517 3930 1693 3993 uuutbemo
1703 3930 1813 3993 stilibi

40 4016 316 4090 memorationem,
331 4015 413 4090 quod
428 4015 591 4077 audierunt
604 4017 735 4090 apostoli
750 4013 782 4075 iu
797 4017 901 4078 ultima
947 4018 1114 4080 concilium
1129 4016 1275 4083 declarat,
1293 4019 1365 4074 tunc
1381 4014 1513 4087 ordinari
1544 4016 1756 4094 presbyteros,
1781 4020 1812 4077 et

40 4110 147 4171 coenan
162 4103 205 4171 el,
221 4096 338 4174 decipe
361 4104 549 4176 poleslulem
574 4095 731 4178 offerendi
744 4105 802 4161 etc.
818 4101 901 4177 quud
947 4106 1020 4162 lunc
1035 4099 1098 4160 dari
1115 4096 1177 4159 iliis
1192 4097 1318 4177 gratiam
1335 4094 1466 4175 Spiritus
1481 4097 1593 4169 sancti,
1619 4096 1753 4158 cumeis
1768 4096 1813 4157 di·

43 4192 97 4239 nos
111 4178 268 4253 audimus,
285 4194 355 4242 cum
370 4172 546 4241 ordinamur
559 4182 749 4243 sacerdotes.
946 4183 1037 4244 citur:
1052 4180 1192 4259 Accipite
1204 4178 1363 4258 Spiritum
1375 4182 1536 4241 sanctum.
1553 4180 1589 4241 44
1605 4195 1674 4242 cum
1693 4180 1751 4241 hnc
1768 4180 1812 4241 di·

81 4261 178 4322 litera
194 4262 351 4325 sententia
367 4267 415 4324 est
428 4264 519 4342 longe
534 4263 722 4341 probabilior
746 4268 778 4325 el
791 4262 901 4336 aerior,
948 4267 1040 4337 citur,
1057 4279 1165 4325 monus
1181 4264 1402 4341 imponuntur,
1419 4268 1452 4323 ul
1467 4267 1550 4340 patet
1576 4278 1613 4323 ex
1646 4260 1815 4337 pontilleoll

41 4340 368 4417 uidelicetnunsclum
382 4346 651 4408 instrumentorum
664 4336 902 4425 porrectionem,
950 4354 982 4410 et
995 4345 1155 4411 Ecclesiae
1169 4344 1407 4419 consuetudine3
1430 4358 1505 4423 ergo
1533 4344 1686 4407 sentiebat
1711 4344 1815 4407 conci·

41 4425 94 4483 sed
110 4432 201 4487 ettam
218 4443 330 4489 manus
345 4428 572 4506 impositionem
587 4444 659 4491 esse
681 4427 836 4491 materiam
855 4445 903 4491 es·
952 4430 1042 4504 lium,
1057 4429 1141 4491 illam
1156 4426 1385 4507 impositionem
1402 4442 1511 4487 manus
1525 4442 1596 4489 esse
1612 4427 1651 4489 de
1667 4426 1814 4489 essentia.

42 4508 215 4572 scotialem.
230 4510 268 4573 ld
283 4512 365 4588 quud
381 4510 509 4573 alllrmat
529 4526 568 4573 ex
590 4510 829 4584 recentioribus3
850 4510 906 4573 Pe·
992 4512 1133 4590 lienique
1145 4512 1226 4573 idern
1242 4510 1334 4571 etiam
1349 4524 1386 4571 er
1401 4508 1541 4572 Patribus
1556 4509 1677 4587 probari
1701 4516 1814 4587 potest.

44 4592 105 4649 trus
119 4606 135 4647 a
151 4590 237 4666 Solo,
254 4594 330 4655 lect.
346 4591 378 4655 5.
393 4594 432 4655 de
446 4599 637 4657 sacramento
655 4593 790 4671 Ordluls3
805 4592 906 4655 llarti·
951 4593 1139 4658 llameecl
1155 4592 1378 4655 ordinationem
1394 4598 1504 4653 vocant
1517 4589 1815 4673 geqoreulmridest.

44 4684 100 4761 bus
114 4670 301 4738 hedesmios
316 4677 347 4737 in
363 4675 395 4737 4.
411 4682 520 4753 quaest
533 4675 586 4739 36.
601 4683 659 4739 art.
674 4677 706 4739 4.
727 4676 766 4739 nd
789 4676 818 4737 l.
841 4693 905 4739 car·
950 4692 1064 4741 monus
1079 4675 1319 4756 impositionem
1336 4680 1367 4737 el
1382 4673 1491 4737 scribit
1506 4673 1629 4736 Simeon
1645 4674 1814 4752 hletapbra-

42 4752 151 4815 dinalis
167 4756 286 4821 llosius
301 4759 332 4821 in
347 4757 544 4821 contessione
558 4759 714 4837 polonien,
730 4776 799 4837 cap.
811 4758 863 4821 ih.
949 4766 1016 4823 stes
1028 4761 1058 4822 in
1074 4759 1131 4821 tila
1146 4775 1174 4821 s.
1189 4758 1317 4821 lunonis
1332 4757 1547 4837 chrysostomi,
1578 4774 1647 4819 eum
1664 4758 1691 4819 ei
1708 4774 1816 4818 manns

81 4833 229 4901 Probatur
243 4842 324 4905 baec
338 4841 503 4903 sententia.
519 4841 706 4920 Primo,qola
717 4840 903 4921 Scripturae,
952 4845 1128 4922 imponeret
1143 4842 1309 4919 episeopus
1325 4839 1542 4910 antiochenus,
1565 4846 1596 4901 ul
1613 4856 1682 4901 cum
1699 4846 1818 4901 crearet

44 4916 158 4987 passim
173 4924 299 4985 tradunt
314 4940 369 5002 pro
383 4925 525 5003 symbolo
547 4934 674 4987 externo
694 4924 908 4997 ordinationis,
953 4925 1181 5005 presbyterum,
1198 4921 1345 4986 continuo
1360 4922 1563 4984 descendisse
1578 4923 1608 4984 iu
1626 4938 1695 4983 eum
1712 4920 1817 4985 risibi-

45 5010 151 5064 manns
173 5002 418 5083 impositionem,
440 5014 473 5069 ul
495 5012 578 5085 pulei
597 5025 636 5071 ex
655 5009 735 5071 lucis
754 5008 907 5081 adductis,
953 5010 1024 5071 liter
1040 5008 1186 5089 Spiritum
1206 5011 1344 5068 sanctum
1358 5005 1389 5065 in
1405 5004 1501 5067 lorma
1517 5004 1690 5066 colombae.

46 5075 142 5145 letor.
157 5084 190 5146 b.
207 5088 259 5151 43.
278 5094 311 5151 el
326 5088 376 5151 44.
394 5091 423 5151 4.
440 5088 572 5153 Timolh.
594 5091 625 5154 4.
648 5098 680 5152 et
699 5090 729 5153 5.
754 5094 785 5153 et
803 5090 835 5152 2.
857 5089 905 5152 'ii-
993 5090 1174 5153 Ambrosius
1189 5087 1244 5149 lib.
1261 5087 1299 5149 de
1314 5086 1462 5165 dignitate
1477 5087 1679 5149 sacerdolali.
1697 5102 1766 5163 cap.
1784 5086 1815 5147 η’.
1837 5138 1840 5147 ,

43 5164 136 5223 ³¹⁰¹h·
153 5168 182 5229 Ι.
951 5174 1010 5236 ηηη
1025 5171 1217 5237 caeremonia
1234 5170 1308 5231 dicii
1321 5166 1426 5247 perlici
1444 5168 1686 5231 ordinationem:
1702 5170 1814 5240 Homo,

19 5286 26 5335 ,
84 5242 296 5326 llespcndenb
311 5254 544 5334 impositionem
558 5270 703 5318 manuum
720 5254 904 5335 requiri,sed
949 5256 1202 5335 inquit‚monrrm
1215 5252 1397 5331 impunitae
1411 5250 1494 5313 Deua
1507 5252 1647 5331 largitur·
1659 5254 1814 5331 prolium.

45 5336 103 5385 noa
119 5344 190 5394 esse
203 5335 244 5396 de
259 5341 410 5400 essentia.
428 5338 549 5411 Contra,
566 5340 593 5401 si
608 5340 649 5399 ita
664 5344 723 5407 est,
749 5354 811 5401 ηηη
834 5353 904 5416 pos·
949 5338 1155 5416 Hieronymus
1171 5338 1201 5396 in
1216 5352 1285 5415 cap.
1301 5333 1352 5396 58.
1369 5332 1478 5395 lsalne:
1494 5333 1674 5411 Ordinatio,
1690 5336 1789 5411 inquit
1805 5382 1813 5397 .

47 5418 148 5471 sumus
163 5419 349 5482 convincere
374 5421 560 5494 haereticos,
585 5421 811 5483 ordinationem
832 5436 905 5483 esse
949 5436 1019 5484 nort
1032 5420 1137 5483 solum
1151 5417 1644 5497 adimpreeuliouemuocis‚sed
1657 5419 1756 5479 etium
1770 5418 1816 5478 od

46 5500 265 5575 sacramentum
282 5503 405 5583 proprie
419 5505 547 5575 dietum,
562 5503 634 5582 quin
649 5520 711 5565 non
737 5518 904 5583 possumus
948 5502 1187 5583 impositionem
1202 5500 1357 5580 impletur
1367 5514 1540 5562 munuum.
1555 5501 1746 5578 Augustinus
1760 5499 1814 5561 lib.

19 5559 27 5654 f,
47 5578 77 5655 lu
91 5568 244 5653 Scriptura
259 5586 470 5649 demonstrare
486 5585 658 5665 symbolum
673 5592 831 5649 externum
847 5587 904 5648 hu·
950 5587 989 5649 de
1003 5589 1101 5666 gestis
1117 5600 1186 5646 cum
1210 5584 1354 5659 limerito,
1380 5588 1410 5644 el
1439 5582 1523 5654 alibi,
1553 5596 1662 5644 manus
1691 5582 1818 5661 imposi-

21 5705 27 5752 Ι
44 5658 92 5738 tus
104 5667 299 5731 sacramenti.
314 5666 447 5744 Deinde,
464 5668 489 5730 si
506 5675 545 5729 ita
559 5668 633 5731 licet
648 5675 904 5747 exponerepote·
949 5670 1035 5731 lione
1050 5667 1184 5731 ordinari
1200 5665 1274 5729 dicit
1287 5667 1465 5729 sacerdotes
1480 5681 1488 5726 ι
1506 5664 1587 5745 quod
1602 5665 1684 5729 idern
1701 5682 1811 5729 omnes

21 5793 28 5841 Ι
47 5740 138 5797 rimus
152 5757 266 5823 negare
281 5752 424 5817 materias
439 5752 575 5815 omnium
590 5752 718 5815 oliorum
730 5767 904 5817 sacramen·
948 5758 1071 5817 sereres
1084 5752 1198 5833 passim
1210 5748 1334 5814 ducent.
