4084 6275
280 286 334 345 5³2
595 274 603 291 ’
1004 285 1048 345 DE
1070 284 1172 346 lllSSd

189 436 277 508 ,quae
291 432 417 499 semper
430 416 640 489 esleadem‚et
653 433 713 479 neo
725 416 898 494 minuiuee
911 434 1056 483 eraseere
1102 422 1209 500 oblati,
1225 420 1384 505 quaelibet
1397 439 1414 485 a
1428 420 1507 497 Deo,
1523 426 1553 487 et
1569 438 1625 503 pro
1640 420 1896 507 mirarenturque
1910 418 1976 482 irn-

198 510 311 584 polesl.
328 501 364 565 ιιι
377 506 477 564 autem
493 497 619 563 otierlur
632 501 670 563 ab
692 501 830 578 bomine,
856 505 915 568 rim
941 503 1058 565 babere
1103 515 1236 586 petram,
1254 514 1357 570 tamen
1372 507 1470 569 noluit
1485 512 1602 587 petere,
1625 522 1684 569 nea
1705 505 1885 585 inpetrare,
1910 502 1977 565 uisi

200 602 347 665 erupere
362 589 499 663 operato:
515 584 587 662 quia
602 584 793 662 praestitae,
809 586 929 649 etiamsi
951 587 1055 659 bunio,
1103 596 1136 652 ut
1162 608 1217 669 pro
1245 589 1379 669 singulis
1407 590 1619 653 oblationibus
1648 589 1857 667 applicaretur
1886 593 1976 649 certa

199 667 368 747 troiadem,
384 667 449 729 Deo
465 667 670 742 nouptaeeat.
687 666 791 745 ltaque
805 671 887 749 quod
904 676 953 731 est
977 684 1056 747 opus
1102 690 1247 737 rneusura
1265 674 1382 736 fruetus
1397 672 1552 752 passionis
1572 684 1649 735 snae
1672 673 1738 733 sire
1762 670 1800 734 ad
1826 677 1975 749 peceato·

198 751 355 831 operantis
369 755 513 827 respectu
529 746 653 812 curisti:
680 756 727 812 est
738 766 818 828 opus
840 758 998 831 operatum
1011 767 1058 814 re·
1102 771 1169 817 rura
1188 758 1416 831 remissionem,
1432 760 1497 819 stra
1513 756 1550 819 ed
1566 755 1624 817 aliu
1640 751 1926 833 muessoia,quibus
1942 751 1976 812 iu

198 841 308 913 speetu
322 830 465 895 ministri.
481 830 628 895 Absolute
643 838 744 896 tamen
756 849 828 895 eum
839 834 951 897 dieitur
962 834 1057 897 missa
1105 838 1163 901 bae
1179 840 1239 905 alta
1255 838 1442 918 indigemus.
1460 837 1521 902 cur
1536 838 1682 900 autemid
1699 836 1911 911 uoluerit‚non
1926 840 1978 895 est

197 916 258 979 rim
271 915 406 993 aliquam
421 912 537 976 babere
558 930 596 977 ex
617 930 712 1000 opere
735 917 905 994 operantis,
932 932 1058 995 semper
1107 927 1245 987 nostrum
1263 920 1416 985 curiosius
1431 920 1600 1001 inquirere.
1619 918 1743 983 Videtur
1755 924 1857 981 tamea
1872 915 1908 979 id
1923 932 1978 977 ro·

197 999 378 1076 intelligitur
393 996 431 1058 de
446 996 668 1075 ratare‚uaem
685 996 777 1058 babel
793 1013 831 1059 ex
845 998 981 1061 bonitate
1002 998 1058 1081 mi·
1106 1004 1216 1079 luisse,
1234 1012 1296 1067 lum
1313 1011 1345 1065 ut
1360 1005 1419 1067 boe
1433 1004 1526 1067 modo
1547 1002 1792 1081 trequentaretur
1813 1000 1875 1063 boe
1901 1014 1976 1061 sau·

198 1080 373 1159 uislri‚quia
389 1080 532 1158 ipserum,
547 1080 600 1158 qui
617 1078 740 1159 proprie
759 1080 1059 1159 operamndbrislus
1104 1093 1186 1150 eturn
1204 1086 1400 1164 puerilia-tutu:
1417 1086 1486 1149 sine
1501 1102 1562 1165 qua
1576 1084 1687 1179 religio
1706 1082 1886 1149 consistere
1909 1098 1976 1143 noo

198 1165 282 1225 θιιῑῐῐι
298 1179 360 1225 ῑιθῐι
375 1168 529 1241 operatur,
540 1162 607 1223 ‘⁰58¹
623 1180 680 1240 per
694 1163 879 1227 ministrum.
1104 1178 1218 1249 potest:
1235 1177 1299 1235 tam
1316 1171 1419 1246 aliam,
1437 1169 1508 1249 quia
1524 1169 1554 1229 id
1569 1166 1747 1248 requirebat
1761 1166 1837 1229 ordo
1847 1164 1977 1227 diuinae

239 1245 348 1319 Qutrll
365 1244 546 1324 propositio:
565 1242 660 1309 Valur
671 1243 827 1323 mutant
840 1249 958 1309 musae
981 1244 1056 1324 fiet·
1105 1253 1330 1332 providentiae.
1347 1251 1431 1326 Quae
1447 1257 1495 1315 est
1510 1253 1601 1314 ettam
1617 1264 1809 1323 eaussnpeur
1827 1246 1975 1310 cbristus

197 1335 249 1391 lus
263 1326 407 1392 esiliam
422 1334 469 1389 est
480 1329 655 1391 eommunis
666 1329 817 1390 sententia
831 1330 1055 1403 theologorum,
1104 1338 1230 1401 assidue
1246 1336 1424 1415 interpollet
1437 1351 1494 1415 pro
1510 1334 1600 1396 nobis
1613 1334 1644 1395 in
1661 1332 1759 1405 eaelo,
1774 1346 1845 1393 oum
1864 1336 1974 1401 'tamen

200 1419 232 1473 el
247 1411 394 1489 probatur
407 1409 602 1490 apertissime
618 1426 656 1472 ex
670 1427 727 1473 usu
744 1410 914 1474 Eeulesiae.
931 1411 1004 1474 dam
1031 1411 1056 1473 si
1103 1420 1252 1491 videratur,
1271 1420 1361 1481 unta
1377 1416 1625 1498 interpellatione
1636 1415 1776 1495 poluisse
1790 1415 1895 1477 ornata
1911 1420 1975 1473 sta-

197 1496 313 1557 missae
327 1494 410 1555 rator
422 1491 560 1554 infinitus
575 1500 670 1567 esset,
683 1493 793 1555 frustra
805 1495 917 1557 multae
931 1494 1056 1568 missae,
1104 1503 1156 1564 tim
1175 1502 1354 1581 impurare:
1369 1508 1401 1563 ει
1416 1500 1559 1563 similiter
1573 1516 1628 1560 our
1644 1498 1775 1578 pretium
1800 1496 1974 1565 inlinitum,

196 1574 428 1657 praesertinrad
444 1577 653 1637 remeandum
676 1575 897 1653 impetrandam
922 1575 1058 1639 offeren-
1102 1587 1184 1666 quod
1202 1587 1232 1646 jn
1249 1582 1703 1661 orunpapqutstprt,quotorus
1720 1582 1853 1643 munaus
1868 1581 1968 1641 portu.
2027 1596 2028 1627 t

196 1667 258 1723 tur.
276 1660 307 1721 st
324 1658 407 1721 euim
421 1675 480 1719 una
497 1656 613 1719 infinita
628 1659 742 1720 valoris
763 1667 821 1730 εει,
847 1665 933 1722 uerte
958 1661 995 1720 ad
1021 1675 1055 1720 u·
1102 1686 1164 1731 uuo
1178 1670 1286 1730 satrart
1301 1666 1464 1747 potuisset,
1481 1681 1544 1731 noa
1569 1664 1627 1725 nisi
1652 1663 1850 1743 quibusdam,
1877 1667 1914 1722 et
1935 1662 1970 1719 tn
2027 1692 2028 1709 t

197 1743 278 1805 rania
295 1740 483 1818 impetranda
498 1739 642 1816 suilioiel3
658 1757 807 1819 quorsum
832 1742 924 1822 igilur
949 1741 1058 1803 aliaei
1102 1759 1183 1815 pena
1199 1766 1341 1814 mongum
1355 1748 1502 1828 apprimo
1524 1747 1665 1809 potuerit:
1690 1748 1797 1808 popum
1823 1745 1911 1806 mm
1933 1760 1971 1803 0.

197 1824 234 1887 Et
250 1824 446 1887 confirmatur
460 1839 496 1883 ex
511 1822 661 1885 saeriiieio
676 1821 789 1896 erneis,
806 1825 887 1905 quod
911 1840 972 1885 aon
997 1824 1058 1886 alia
1104 1835 1220 1896 mnium
1237 1848 1348 1896 mussa
1367 1838 1426 1903 nst,
1442 1832 1513 1911 quta
1530 1830 1625 1891 votuit
1640 1826 1906 1892 cbristus-omnio
1923 1824 1977 1887 tie·

197 1912 238 1971 da
252 1924 359 1969 lium
377 1922 473 1967 ⁰⁰⁰¹ss
490 1906 688 1979 raptantur,
704 1922 807 1984 neque
822 1922 955 1985 un‘illim
969 1922 1056 1985 repa·
1104 1918 1129 1980 ri
1145 1916 1319 1980 seeundum
1334 1915 1474 1977 ordinem
1491 1913 1612 1975 diuinae
1625 1910 1848 1992 prouidentiae.

199 1993 282 2058 titur.
300 1989 371 2065 nisi,
388 1988 459 2066 quia
477 1987 553 2049 illud
568 2005 663 2050 uuum
680 1987 788 2049 inliniti
805 1990 916 2052 valaris
931 1989 1000 2061 luit,
1028 1995 1060 2051 ει

203 2072 336 2153 pretium
352 2070 514 2151 aequisivit
527 2087 583 2149 pro
597 2071 743 2134 omnibus
758 2072 894 2152 peeeatis
916 2072 1061 2152 praeteri·

202 2160 242 2219 tis
256 2163 288 2217 et
301 2154 411 2217 iuluris
426 2153 631 2216 remittendis.
1405 2203 1407 2212 .
1514 2194 1517 2201 .

240 2238 301 2301 Sed
316 2232 633 2320 lioelres'ipsaeerla
655 2235 706 2310 sil,
733 2253 842 2299 eaussa
869 2243 970 2299 lamen
997 2252 1059 2299 uon
1372 2287 1374 2295 .
1458 2204 1576 2273 CAPUT
1592 2206 1626 2270 v·

200 2330 249 2385 est
264 2321 342 2383 adeo
358 2325 452 2382 eerla:
467 2318 579 2381 mirum
594 2321 678 2380 enim
694 2319 823 2394 uidetur,
841 2336 897 2382 eur
910 2320 995 2382 rator
1009 2336 1057 2381 sa·
1114 2334 1116 2337 ·
1209 2362 1211 2367 ,
1669 2344 1672 2350 ·
1811 2362 1814 2369 ·

199 2402 311 2467 eriitoii
326 2403 421 2482 bujus
436 2400 477 2463 sil
490 2400 608 2473 linitus,
623 2418 695 2463 eum
710 2402 794 2464 idem
808 2403 855 2465 sie
870 2405 930 2465 bae
944 2400 1061 2465 saerili·
1209 2428 1389 2492 pommus
1402 2422 1595 2509 omum
1611 2419 1889 2493 mmmmm,

198 2480 664 2560 oiumoumsaerilleioerueis3
680 2490 796 2547 eleum
812 2486 877 2562 ipsa
893 2486 1004 2558 bestia,
1028 2490 1059 2545 et
1475 2510 1480 2527 ι
1516 2525 1541 2553 ,ι

198 2568 338 2631 atterens
353 2566 505 2639 cbristus,
522 2565 642 2639 latialia
667 2567 760 2629 modo
784 2569 848 2629 sint
874 2567 937 2629 lieo
961 2572 1059 2647 grele.
1345 2598 1346 2603 κ
1648 2612 1650 2625 .

200 2652 351 2715 Videntur
372 2650 460 2725 mibi,
482 2648 567 2712 sa'lro
592 2649 720 2711 meliore
741 2650 872 2727 iudieia.
899 2657 962 2713 tres
988 2664 1061 2713 esso
1146 2646 1232 2713 Nune
1247 2645 1442 2725 objectiones
1457 2640 1726 2736 diluendaesunt,
1752 2650 1842 2730 uuae·
1857 2634 1897 2697 ab
1916 2633 1973 2727 2⁶·

201 2749 332 2797 euussae
347 2732 441 2812 baius
454 2732 614 2795 rei.Prima
629 2733 761 2795 sumitur
773 2748 813 2795 ea
828 2737 913 2811 parle
927 2731 1060 2808 bastire,
1104 2730 1231 2794 rersarii
1247 2736 1353 2793 eontra
1367 2726 1542 2791 effloruitm
1558 2720 1702 2817 saerttiou
1731 2723 1936 2801 propinatura
1947 2722 1977 2779 ει

200 2833 281 2894 quae
295 2812 433 2879 oilertur.
448 2814 520 2877 llam
535 2812 733 2878 insueridelo
755 2815 858 2877 erneis
882 2812 1062 2878 destrueba-
1104 2812 1308 2893 impetratorii
1331 2808 1397 2873 lieri
1421 2810 1536 2873 solent.
1560 2808 1605 2893 bo
1628 2818 1761 2884 primum
1786 2805 1972 2896 argumenta
2027 2890 2028 2897 ἵ

202 2907 252 2962 tur
265 2898 302 2960 ad
318 2899 466 2960 bonorem
482 2897 655 2977 bei,ipsum
668 2911 741 2959 esse
755 2898 892 2960 naturale
906 2895 1017 2960 cbrisli
1028 2896 1060 2959 ia
1107 2894 1334 2958 baereticorum
1350 2892 1529 2973 praecipua,
1544 2889 1608 2969 jaro
1623 2886 1721 2951 soluta
1737 2889 1811 2947 suot
1832 2898 1866 2945 ra
1892 2882 1974 2945 bbro

200 2983 295 3043 torma
310 2981 457 3054 bumana:
471 2978 503 3040 iu
518 2977 669 3041 saeribeio
684 2978 795 3043 missae
809 2980 976 3042 destruitur
997 2986 1061 3043 teu·
1108 2978 1280 3059 superiore:
1298 2974 1441 3041 illienior
1457 2973 1560 3037 omnia
1576 2969 1781 3035 eonluudunl.
1878 3047 1885 3059 .

200 3072 265 3125 turu
280 3078 351 3125 esse
365 3062 596 3124 sacramentale:
613 3060 750 3124 nobilius
764 3067 865 3124 auteur
880 3068 940 3139 est:
955 3066 986 3125 el
1000 3078 1063 3124 ma·-
1119 3114 1133 3146 .*
1152 3058 1251 3123 Unum
1268 3063 1412 3140 superesi
1425 3055 1548 3121 Lutberi
1564 3056 1778 3133 argumentum
1804 3064 1843 3111 ex
1865 3047 1924 3109 bb.
1939 3046 1977 3109 de

199 3150 250 3225 gis
265 3147 445 3226 pretiosum,
460 3159 534 3208 esse
548 3143 660 3208 CbrIsti
682 3146 830 3218 naturale,
846 3162 937 3225 quam
962 3161 1063 3208 saera·
1110 3144 1225 3222 eaptir.
1241 3143 1347 3222 Babyl.
1362 3141 1548 3222 dammum
1561 3136 1662 3203 unios
1675 3130 1977 3232 mproduslolle·

201 3229 346 3291 mentale.
361 3225 522 3290 Caeterum
546 3228 625 3290 baee
648 3227 724 3288 ratio
748 3227 848 3292 solum
874 3229 1064 3292 demonstrat
1109 3227 1153 3300 ri,
1168 3229 1519 3306 neapoleslunuspru
1533 3220 1601 3288 olio
1617 3219 1794 3298 bapltaorr:
1820 3231 1898 3310 erpo
1917 3229 1976 3276 uer

203 3311 332 3392 rnajoris
345 3310 457 3372 satoris
472 3311 570 3372 luisse
584 3307 768 3373 saeriileium
781 3309 895 3381 erueis,
910 3327 1002 3390 quam
1015 3327 1064 3373 sa·
1109 3309 1250 3389 sumptio
1266 3307 1606 3382 umuarnrmepolest
1619 3301 1660 3364 ob
1673 3315 1742 3366 uno
1754 3313 1816 3379 pro
1838 3297 1976 3395 airolis

201 3394 352 3458 eritieiam
367 3393 493 3462 missae,
508 3395 564 3456 sed
579 3409 641 3455 oon
657 3393 759 3456 reddit
770 3409 926 3470 caussam,
940 3410 996 3456 eur
1006 3394 1066 3458 boe
1109 3393 1152 3456 ri.
1168 3391 1239 3456 liora
1251 3392 1353 3471 ιριιιιν
1365 3389 1464 3454 missu
1479 3392 1525 3455 eal
1537 3382 1736 3460 semidictum
1747 3385 1973 3478 propitiatori·

208 3478 249 3539 sit
263 3473 395 3561 linitum.
412 3481 442 3538 ει
458 3475 533 3538 illud
548 3474 640 3538 tuerit
653 3473 819 3539 inlinitum.
834 3475 899 3538 iton
924 3476 1007 3538 eninr
1021 3483 1070 3540 est
1110 3491 1180 3547 um,
1195 3474 1279 3555 quie
1291 3473 1321 3536 ai
1332 3473 1382 3536 ito
1395 3476 1484 3547 esset,
1499 3470 1600 3534 uadoso
1613 3473 1644 3532 el
1663 3479 1847 3530 :ammoneo
1859 3478 1974 3536 unaue

206 3557 329 3622 induite
342 3559 487 3621 distantia
502 3559 581 3619 inter
595 3573 666 3620 asae
680 3557 792 3622 cbristi
818 3559 954 3624 naturale
975 3564 1007 3620 ει
1020 3575 1069 3622 sa·
1110 3557 1390 3636 mammaeam.
1528 3583 1529 3590 ι
1685 3631 1692 3644 ,
1965 3627 1971 3638 ,

202 3641 401 3707 erameruate:
418 3655 521 3718 aeque
535 3639 645 3704 inlinitt
667 3641 778 3704 valaris
802 3641 858 3703 luat
882 3640 1065 3705 saerilloiura
1151 3639 1353 3719 ttespouoeo:
1379 3636 1506 3700 idulium
1532 3633 1765 3726 inlarestutuler
1787 3633 1972 3722 saeramenlt

204 3724 320 3796 erucis,
336 3724 407 3802 quia
420 3724 451 3786 ia
466 3739 506 3786 ao
519 3721 735 3787 destruebatur
758 3739 829 3787 esse
854 3725 991 3786 naturale
1006 3725 1062 3785 bu·
1111 3723 1342 3800 suseeptiouem
1371 3715 1563 3784 elsaertlleii
1583 3716 1782 3781 ablationem.
1808 3711 1971 3806 buseepuo

203 3805 547 3880 manilntiscbristi3sed
560 3806 631 3883 quia
643 3820 711 3867 eam
721 3807 962 3869 destructionem
972 3821 1066 3884 spon·
1111 3805 1196 3866 enim
1220 3804 1403 3874 santamenti
1425 3801 1462 3864 ad
1487 3797 1741 3890 senelilleaadum
1764 3801 1970 3888 supplentem

204 3887 468 3968 te.patiebatur‚el
482 3889 514 3950 in
529 3887 714 3950 saoriileiuru
729 3887 878 3952 offerebat
890 3887 988 3950 Filius
999 3889 1064 3963 bei,
1110 3888 1278 3958 ordinatur.
1294 3892 1325 3948 et
1339 3885 1410 3948 ideo
1424 3899 1486 3946 nou
1507 3877 1687 3955 aanolilieal,
1713 3880 1773 3976 orsi
1797 3891 1972 3954 suserpren·

204 3974 256 4051 qui
273 3987 345 4033 vere
359 3977 408 4034 εει
421 3969 540 4034 inbuite
565 3970 630 4033 ileo
655 3977 771 4050 graius,
797 3988 867 4034 euru
888 3977 921 4034 et
944 3972 1013 4050 ipse
1027 3972 1068 4034 sit
1109 3974 1216 4032 temzal
1231 3969 1344 4032 oblatio
1358 3965 1501 4032 seorilioil
1514 3964 1672 4028 ordinalur
1684 3962 1722 4026 ad
1746 3961 1972 4040 impetrandum

207 4070 299 4119 verus
319 4053 413 4117 oeus.
1110 4051 1262 4116 banebria
1276 4051 1315 4114 iis
1329 4049 1485 4122 omnibus,
1503 4064 1558 4126 pro
1573 4046 1687 4126 quibus
1706 4041 1844 4108 otiertur.
1874 4040 1972 4136 Quare

245 4136 387 4200 secanda
402 4134 496 4216 igitur
509 4134 587 4198 ratio
601 4133 756 4199 effleaotor
767 4142 828 4207 εει,
843 4152 923 4215 quae
936 4135 1068 4198 sumitur
1110 4135 1308 4207 sacrificium,
1325 4139 1358 4196 ut
1371 4148 1464 4205 suoru
1479 4131 1626 4204 diximus,
1642 4127 1743 4222 simile
1755 4132 1804 4221 est
1828 4132 1970 4195 orabant,

203 4235 241 4282 er
257 4225 343 4299 perte
357 4215 527 4281 offerentis.
542 4216 616 4280 iiam
632 4220 664 4280 in
684 4218 838 4283 saertueia
862 4219 976 4291 erucis,
991 4217 1068 4282 oile-
1109 4219 1193 4294 uuud
1207 4219 1315 4280 altiael
1328 4217 1365 4280 ad
1380 4212 1588 4280 affioientiam:
1603 4219 1699 4274 uralto
1724 4224 1807 4272 emm
1822 4223 1899 4302 ¹oon
1925 4221 1973 4268 so·

203 4318 277 4364 reas
291 4307 340 4364 εει
353 4300 420 4380 lpsa
436 4315 567 4378 persona
581 4301 650 4364 uitii
665 4299 719 4364 liei
734 4317 791 4381 per
804 4318 853 4379 se:
868 4307 904 4367 nt¹
918 4301 950 4362 in
973 4306 1066 4364 saert·
1111 4301 1175 4364 lum
1191 4299 1316 4378 prodest
1329 4299 1441 4370 amnti,
1457 4297 1513 4362 sed
1525 4295 1619 4360 etiam¹
1630 4291 1681 4365 iis,
1695 4307 1753 4388 pru
1776 4288 1894 4372 qulbus
1908 4305 1972 4381 ura·

205 4383 276 4448 liele
290 4383 405 4447 missae
418 4381 553 4446 otiereus
567 4388 615 4446 εει
629 4383 726 4448 Filius
739 4384 796 4447 Dei
811 4400 868 4464 per
880 4382 1066 4448 ministrum.
1108 4389 1168 4446 lur.
1184 4381 1230 4446 Er
1245 4383 1295 4444 bis
1317 4379 1504 4460 eolligimus,
1528 4376 1798 4442 maaduoaltonem
1824 4372 1972 4466 lineban-

205 4467 332 4532 liulluru
347 4471 449 4529 aulem
464 4465 594 4528 interest
608 4467 687 4545 iuter
700 4471 852 4530 astionem
863 4466 933 4528 Filii
944 4465 1000 4530 liei
1011 4483 1068 4546 per
1109 4465 1199 4540 stiae,
1216 4479 1296 4545 quae
1311 4463 1345 4526 ttt
1358 4480 1375 4528 a
1390 4463 1564 4534 mustuole,
1590 4465 1624 4524 ul
1647 4463 1695 4522 est
1719 4461 1906 4520 saoramenu
1923 4471 1973 4548 su·

114 4564 121 4574 ·
204 4566 243 4613 se
256 4556 290 4612 ει
302 4565 358 4628 per
372 4546 559 4612 ministrarit:
575 4549 627 4611 illa
641 4549 724 4612 enim
739 4559 788 4612 est
799 4550 880 4612 aetio
892 4548 1067 4613 immediate
1111 4547 1241 4628 seeplio‚
1257 4546 1316 4610 sali
1331 4544 1465 4610 sumenti
1480 4543 1641 4625 prodesse:
1658 4546 1691 4604 ut
1704 4545 1807 4634 autera
1819 4543 1869 4600 est
1880 4553 1972 4630 saon·

204 4633 353 4711 produeta
367 4651 383 4692 a
398 4631 504 4695 diriau
515 4633 689 4712 supposito,
704 4633 761 4695 ista
776 4634 815 4696 ab
831 4631 1065 4708 bumanollue·
1112 4629 1173 4694 beli
1187 4631 1422 4704 consummatio,
1438 4627 1588 4707 prodesse
1602 4623 1664 4688 illis
1678 4621 1897 4700 omuibus,pro
1908 4635 1974 4699 qur·

204 4732 240 4780 re
254 4716 327 4778 lieet
340 4716 437 4778 mutto
450 4714 492 4776 sit
511 4717 627 4792 gratior
652 4716 732 4778 aetio
756 4715 887 4778 ministri
914 4720 1067 4795 quatenus
1110 4713 1171 4778 bus
1185 4713 1321 4776 oblatum
1336 4717 1385 4776 εει
1398 4708 1595 4782 saerilieium.
1662 4787 1669 4802 .
1954 4785 1961 4795 Ι

208 4797 243 4861 ιιι
258 4801 289 4860 ιιι
304 4812 437 4877 persona
452 4794 577 4871 Christi,
593 4814 686 4876 quem
708 4798 734 4860 si
760 4797 849 4860 flerat
873 4798 905 4860 iu
931 4813 1064 4876 persona
1152 4796 1294 4872 seeundo
1310 4793 1461 4874 objiciunt
1475 4793 1538 4858 atii.
1554 4797 1646 4870 atque
1661 4793 1742 4854 rnler
1765 4801 1822 4850 eos
1847 4783 1976 4882 Kourna·

206 4887 343 4962 propria:
360 4883 463 4942 umen
478 4881 547 4944 siue
560 4881 789 4959 eomparatioua
804 4887 854 4944 εει
866 4882 981 4960 gratior
999 4881 1063 4952 ilia,
1110 4881 1171 4942 tius
1186 4878 1217 4942 in
1232 4878 1264 4940 2.
1281 4894 1346 4956 par.
1362 4875 1524 4946 examinis,
1542 4889 1611 4952 pap.
1627 4870 1700 4934 405.
1718 4876 1749 4936 ει
1762 4866 1885 4932 sousa
1898 4883 1975 4930 mrs-

206 4980 289 5045 quaa
303 4961 336 5026 tu
350 4962 526 5025 immediate
545 4963 585 5025 ab
610 4963 680 5042 ipso
705 4963 839 5027 cbristo.
866 4961 1068 5037 Quemadmo·
1113 4956 1659 5038 ruesoorilieituopropitlolara'urlr
1671 4957 1763 5024 esset,
1778 4968 1817 5016 oe
1839 4957 1980 5030 peceato

206 5050 280 5116 dum
295 5045 545 5118 interponeres,
560 5047 657 5109 mullo
672 5047 743 5126 ptus
756 5048 836 5110 ualet
850 5048 930 5126 apud
956 5045 1069 5125 prinei·
1113 5041 1380 5108 remitteretutile
1393 5047 1473 5106 meet
1484 5055 1554 5104 nor:
1568 5037 1721 5108 assedere
1733 5035 1979 5133 ειιεαεεαειειε

207 5145 280 5207 pern
294 5129 429 5207 aliquem
444 5129 609 5208 postulatio
623 5131 727 5209 legali,
745 5130 870 5193 nomine
884 5128 932 5192 sui
954 5127 1070 5209 prinei·
1115 5134 1150 5190 lo
1162 5143 1222 5206 pro
1233 5126 1422 5190 remissione
1435 5129 1641 5203 peecatorum
1654 5115 1882 5215 permpsanda.
1899 5115 1981 5211 Nous

205 5210 266 5290 pis.
283 5227 377 5288 quam
392 5213 516 5274 nomiae
531 5213 773 5291 praprtoztamen
788 5213 885 5275 multu
895 5211 996 5274 adbue
1008 5227 1069 5272 me·
1115 5209 1262 5274 εειιιιεειο
1277 5213 1485 5287 peecatorum
1495 5221 1555 5285 per
1568 5219 1673 5268 onan:
1685 5217 1820 5264 musmo:
1844 5198 1888 5261 ab
1912 5198 1980 5260 also

205 5294 255 5371 gis
269 5293 384 5356 valeret
396 5296 562 5372 postulatio
575 5295 676 5374 ipsius
697 5294 858 5375 principis,
885 5296 911 5357 si
938 5296 1071 5374 ipsemet
1118 5294 1240 5356 dietam
1252 5292 1325 5354 suae
1338 5291 1406 5353 mla
1435 5289 1544 5352 labare
1568 5293 1599 5352 ει
1621 5285 1766 5366 periculo
1792 5281 1981 5346 baberetur:

208 5390 262 5437 ore
277 5391 334 5437 sua
349 5375 465 5455 aliquid
482 5385 611 5455 peteret.
1114 5391 1176 5455 per
1186 5379 1396 5438 samoomolo
1409 5379 1519 5436 auten:
1540 5387 1610 5436 non
1633 5369 1701 5434 niel
1725 5383 1800 5432 rum
1824 5363 1940 5429 labore
1953 5367 1983 5424 el

248 5453 347 5518 Tertia
362 5459 439 5520 ratio
453 5461 584 5522 sumitur
607 5475 645 5522 ex
671 5460 739 5540 ipsa
764 5459 884 5523 cbristi·
902 5460 1070 5522 voluntale.
1115 5458 1261 5538 perieulo
1275 5455 1390 5520 baberi
1400 5460 1514 5536 puteat.
1949 5529 1954 5540 Ι

105 5617 108 5620 q
207 5536 279 5598 itam
293 5540 411 5602 etiamsi
427 5548 535 5618 posset
549 5541 689 5609 Cbrislus
704 5558 760 5622 per
773 5559 866 5605 auara
878 5541 1069 5604 oblationem
1156 5540 1354 5621 Respondeo:
1370 5539 1401 5602 St
1418 5538 1510 5602 missa
1526 5535 1701 5600 immediate
1726 5537 1851 5613 peceato
1876 5535 1982 5593 remu·

157 5633 168 5640 ·
206 5619 350 5684 saerilieii
366 5624 530 5698 tucruenli‚
546 5625 611 5687 siue
625 5641 681 5703 per
694 5624 812 5700 se,sire
826 5640 883 5704 per
893 5623 1069 5688 ministrum
1118 5630 1206 5700 leret,
1225 5619 1437 5702 argumentum
1454 5619 1569 5700 aliquid
1584 5615 1832 5682 conroderetdt
1845 5629 1909 5677 nou
1923 5613 1982 5676 boc
