4084 6275
319 393 396 450 ibt).
637 438 640 444 ,
872 387 913 443 hii
934 389 1154 446 sttcltlltltdtd
1174 388 1416 451 ohedthtsitte

243 528 357 605 ubique
374 529 522 606 vulgatam
539 522 705 586 editionem
721 529 929 598 comtemuat,
958 523 1017 587 bne
1032 524 1101 592 loco
1147 531 1230 590 euim
1246 533 1435 606 cotempore
1449 543 1503 604 pro
1524 527 1613 604 signo
1642 525 1872 589 llauichaeisuri
1899 525 2008 586 haberi

242 625 307 672 eam
323 611 487 688 diligenter
499 605 647 669 defendit.
664 606 775 668 Scribit
787 607 868 670 euim
885 609 915 668 io
928 621 982 668 soa
996 607 1100 688 dispe·
1145 613 1254 688 potuit.
1270 609 1382 681 Tertio,
1398 627 1437 674 er
1452 610 1542 671 variis
1557 610 1667 672 ritibus
1683 657 1691 676 .
1709 609 1873 686 exquibus
1897 617 2006 687 aperte

243 695 355 756 tatione
372 710 441 772 paq.
457 689 530 752 odd.
547 692 577 751 in
593 689 712 768 vulgato
729 689 969 770 editione,quaur
987 691 1098 755 triden·
1144 692 1299 770 colligitur
1312 709 1388 757 usus
1419 693 1511 754 unius
1522 693 1653 769 speciei:
1670 708 1732 753 uon
1747 693 1830 752 cuim
1845 698 1934 754 selus
1955 691 2010 752 Ec·

240 777 338 838 tinum
354 776 519 840 concilium
536 773 619 834 uullo
643 778 796 850 praetextu
813 771 899 852 rejici
931 786 1023 848 posse
1045 776 1097 838 de·
1145 773 1251 848 clesiu,
1264 792 1343 854 quac
1355 775 1603 836 adversariorum
1617 775 1793 838 testimonio
1807 791 1878 836 vera
1903 773 2011 836 Eccle-

240 861 347 926 crcrit.
365 858 470 919 haberi
487 857 517 918 l.
540 854 610 918 Cor.
639 852 687 916 id.
718 853 803 918 dous
817 859 914 934 portis
937 861 966 915 el
993 873 1099 921 doum
1143 860 1188 919 sia
1201 865 1275 927 erat,
1288 865 1391 919 contro
1408 859 1462 919 liei
1475 852 1650 919 innodatum
1667 865 1726 920 tam
1753 862 1861 934 aperte
1876 870 2010 934 pugnas·

240 957 355 1020 eorpus
366 956 490 1013 stamus,
522 940 579 1018 qui
594 938 635 1002 de
647 953 714 1000 uuo
729 955 817 1015 pone
832 944 861 1000 et
876 940 915 1002 de
936 952 1003 1000 uuo
1020 942 1097 1003 coti·
1143 947 1201 1002 set.
1219 938 1412 1002 Suntautam
1437 941 1468 1001 bi
1485 942 1573 1015 ritus,
1594 940 1761 1002 asservatio
1795 939 2010 1010 sacramenti,

239 1024 534 1102 ceporticipomus.
550 1021 610 1084 Sed
628 1021 792 1082 coriciliom
823 1019 1018 1083 tridentinum
1037 1041 1097 1088 uon
1145 1025 1381 1084 communicatio
1396 1022 1818 1086 domesticacnmmuniemtu
1834 1022 2010 1091 inlautium,

236 1107 341 1168 statuit
356 1105 561 1184 recipiendum
575 1121 645 1166 esse
661 1104 830 1183 quamlibet
854 1103 1018 1164 lectionem
1035 1107 1097 1167 rul-
1145 1105 1384 1168 communicutio
1405 1112 1611 1184 aegrotorum,
1627 1105 1804 1169 communio
1818 1106 1908 1176 laica,
1925 1121 2010 1166 cum·

235 1197 323 1268 gatae
345 1188 499 1254 editionis.
516 1189 570 1248 sed
588 1200 665 1256 eam,
697 1203 786 1266 qoam
815 1191 933 1248 constet
962 1179 1032 1247 e'sse
1056 1190 1098 1250 le·
1146 1190 1252 1248 munio
1267 1187 1596 1265 expraesunctihcatis.

236 1273 369 1334 ctionem
384 1273 521 1348 vulgatae
537 1269 705 1340 editionis,
736 1269 850 1346 alioqui
877 1286 937 1331 ιιοιι
950 1267 1098 1346 jussisset
1165 1259 1169 1282 ¹
1185 1273 1227 1330 hc
1243 1271 1374 1332 Primum
1396 1271 1542 1332 asservari
1569 1271 1691 1332 solitum
1704 1268 1930 1330 sacramentum
1947 1269 2007 1327 Eu·

235 1353 318 1416 idem
334 1354 497 1416 concilium
511 1354 659 1432 volgatam
672 1352 838 1414 editionem
851 1368 939 1431 quam
952 1353 1096 1414 emenda·
1144 1352 1307 1414 charistiae
1330 1354 1437 1426 luisse,
1447 1370 1538 1430 supra
1553 1353 1750 1427 probavimus
1766 1353 1870 1412 moltis
1885 1352 2008 1412 Patrona

236 1437 355 1498 tissime
371 1435 516 1512 imprimi.
533 1436 624 1498 Porro
653 1434 728 1496 illud
745 1434 788 1512 (et
809 1451 852 1498 erc
879 1449 946 1496 uuo
975 1433 1098 1515 colice)
1146 1442 1179 1516 et
1190 1435 1390 1498 conciliorum
1406 1435 1601 1498 testimoniis.
1618 1435 1704 1512 Quod
1720 1440 1822 1495 autem
1835 1434 1936 1494 solum
1950 1443 2009 1494 suo

237 1535 298 1589 non
315 1520 442 1581 babetur
453 1519 483 1580 in
501 1518 604 1580 bibliis
619 1517 854 1579 correctioribus
876 1517 1014 1596 vulgatae
1035 1517 1098 1579 edi·
1147 1535 1205 1578 uua
1218 1519 1322 1595 specio
1338 1526 1540 1587 asservarent,
1557 1525 1587 1578 ct
1602 1519 1732 1595 proinde
1747 1518 1806 1578 sub
1822 1534 1881 1577 una
1902 1517 2010 1592 specie

236 1601 506 1674 tionis,sedsolum
520 1601 550 1662 in
563 1602 669 1678 paucis
681 1600 864 1678 quibusdum
878 1600 979 1660 miuus
991 1614 1096 1662 emen·
1146 1608 1314 1670 sumerent,
1331 1607 1424 1680 patet,
1441 1602 1511 1679 quia
1534 1601 1699 1678 aliquando
1727 1599 1764 1660 ad
1789 1597 2007 1674 longissimum

236 1686 327 1761 datis;
345 1686 375 1745 in
392 1683 517 1746 Graecis
532 1690 632 1745 autem
650 1683 744 1747 nullis
757 1682 897 1744 habetur.
1143 1687 1264 1761 tempus
1279 1686 1486 1746 asservabant.
1503 1683 1640 1743 llemiuit
1666 1683 1748 1744 enim
1764 1684 1961 1758 sophronius
1980 1684 2010 1742 in

275 1765 385 1840 Quarta
401 1767 476 1827 ratio
490 1765 621 1828 sumitur
635 1783 673 1828 cx
684 1764 977 1826 testimouioteteris
990 1763 1096 1827 Eccle·
1143 1764 1228 1826 Prato
1244 1766 1406 1843 spirituali,
1424 1783 1492 1843 cap.
1510 1763 1559 1835 td,
1571 1765 1736 1842 aliquando
1752 1781 1808 1840 per
1829 1779 1945 1824 anuum
1965 1765 2010 1822 iu·

234 1850 312 1922 siae,
336 1864 414 1927 quaa
430 1865 499 1911 eum
514 1864 583 1910 rera
601 1848 737 1910 Ecclesia
767 1849 874 1920 luerit,
902 1847 971 1908 siue
999 1847 1094 1910 dubio
1142 1852 1261 1926 tegrum
1276 1855 1429 1910 servatum
1445 1847 1764 1922 luisse3immoGraeci
1776 1846 1814 1906 ad
1828 1849 1913 1907 ltuoc
1928 1848 2009 1907 diem

236 1939 339 1993 contro
356 1947 537 2010 expressum
552 1930 661 1993 Christi
688 1930 864 1992 mandatnm
879 1929 954 1990 nihil
968 1930 1094 2010 egisset.
1145 1937 1269 1992 serrant
1281 1947 1336 2009 per
1359 1932 1509 2009 integrum
1532 1947 1660 1992 annum.
1684 1931 1747 1991 dou
1776 1934 1880 1990 autem
1901 1940 2009 2006 posset

235 2013 344 2076 Tribus
360 2020 460 2076 autem
478 2015 577 2076 modis
599 2019 685 2076 retus
706 2010 844 2076 Ecclesia
870 2017 997 2074 testatur
1011 2010 1098 2074 Com·
1146 2013 1248 2073 riuum
1260 2011 1293 2074 io
1307 2030 1397 2092 parra
1410 2015 1578 2092 quantitate
1595 2013 1707 2073 taiodiu
1727 2012 1917 2080 conservari,
1935 2015 2010 2090 quin

235 2096 412 2158 munionem
425 2096 484 2159 sub
497 2113 555 2157 una
571 2097 676 2173 specie
690 2111 760 2158 esse
776 2096 899 2156 licitam.
913 2093 1098 2174 Primo,qoia
1145 2101 1304 2157 acesceret
1333 2103 1363 2156 et
1376 2101 1637 2174 corrumperetur.
1655 2095 1812 2154 l'ractcrca
1834 2095 1888 2172 qui
1906 2096 2012 2154 minui·

235 2195 401 2257 uuruquam
418 2194 485 2240 enm
508 2177 727 2257 reprehendit,
757 2183 808 2238 aut
829 2177 1005 2250 damnarit,
1029 2195 1099 2239 eum
1145 2178 1496 2252 ueruntasserratiouis‚
1510 2175 1724 2256 utCypriauus
1746 2176 1776 2236 in
1798 2187 1892 2237 serm.
1910 2181 1951 2238 de
1969 2179 2009 2236 la·

234 2267 335 2323 tamen
354 2278 414 2322 uon
432 2261 588 2340 ignoraret
603 2277 669 2326 eam
692 2261 798 2322 saltem
828 2259 909 2337 apud
933 2259 1054 2337 aliquos
1068 2261 1100 2322 iu
1144 2261 1220 2337 psis,
1238 2262 1500 2325 othmbrosiusio
1517 2267 1593 2321 orat.
1616 2260 1654 2322 de
1670 2260 1755 2320 obito
1781 2260 1877 2336 Satyri
1908 2267 1941 2320 ct
1956 2261 2009 2320 So·

233 2359 291 2405 usu
308 2341 490 2408 tuisscdlam
503 2345 550 2421 (ut
561 2344 618 2404 aliu
632 2344 752 2414 iuterim
766 2341 913 2419 omittam)
930 2340 1098 2407 Manichaei
1144 2343 1294 2420 phronius
1305 2344 1369 2423 jam
1385 2345 1507 2416 citatus,
1523 2344 1620 2404 solius
1644 2343 1759 2420 speciei
1791 2342 1881 2419 pauis
1904 2347 2012 2404 merni-

234 2442 399 2504 numquum
416 2426 694 2500 communicabant,
723 2426 782 2487 nisi
798 2423 855 2487 sub
872 2425 977 2502 specie
994 2428 1094 2504 pariis,
1143 2433 1267 2502 nerunt,
1295 2445 1386 2505 quam
1412 2427 1578 2488 involutam
1607 2427 1732 2496 orario,
1763 2425 1812 2485 vel
1838 2425 1938 2485 linteo
1969 2427 2013 2486 di·

230 2513 265 2584 pt
279 2508 339 2570 Leo
356 2508 382 2569 l.
398 2515 523 2571 testatur
538 2526 632 2570 serm.
655 2508 686 2570 i.
703 2508 742 2570 de
758 2505 1001 2586 quadragesima:
1018 2507 1096 2570 arbi·
1143 2516 1228 2571 cunt.
1624 2567 1629 2577 ,

231 2592 389 2658 trahantur
404 2593 487 2654 enirn
516 2591 560 2652 illi
583 2592 685 2654 vinum
716 2607 786 2652 esse
816 2591 854 2652 lel
883 2589 1038 2652 draconis.
1061 2590 1098 2654 Et
1182 2591 1354 2653 llemnitios
1376 2588 1479 2652 eontra
1494 2590 1579 2652 huuc
1595 2590 1685 2652 ritum
1701 2587 1823 2669 objicit,
1838 2588 1922 2666 quod
1939 2589 2013 2649 Gre-

201 2711 205 2720 ·
231 2680 390 2750 practerea
407 2673 560 2754 negabant
575 2673 684 2738 Christi
700 2690 802 2736 reram
825 2679 963 2752 mortem:
981 2678 1012 2733 et
1025 2671 1096 2736 ideo
1141 2675 1248 2752 gorius
1265 2675 1468 2736 nazianzenus
1484 2673 1589 2744 dicat,
1620 2672 1802 2750 Gorgoniam
1829 2687 2011 2733 reservas-so

229 2771 290 2818 uec
303 2757 420 2833 vinoru3
437 2772 495 2819 uec
510 2756 567 2818 sub
583 2750 689 2834 specie
705 2756 764 2816 riui
794 2755 976 2834 sauguinem
994 2756 1094 2819 domi·
1142 2757 1280 2834 symbola
1296 2757 1434 2836 corporis
1450 2763 1480 2817 et
1495 2755 1671 2834 sauguinis3
1685 2762 1716 2816 et
1727 2756 1810 2830 quod
1826 2753 2009 2816 Ambrosius

234 2840 264 2898 ni
283 2856 417 2914 uuquam
433 2840 607 2902 sumebant.
625 2839 660 2900 Et
675 2845 775 2900 tamen
791 2854 850 2899 occ
876 2835 1093 2916 Epiphanius,
1141 2839 1213 2901 dum
1226 2840 1265 2901 de
1280 2841 1384 2919 Satyro
1395 2839 1531 2918 loquitur
1550 2885 1559 2912 ‚
1575 2836 1751 2901 meminerit
1777 2837 1954 2900 baustionis
1983 2845 2012 2898 ct

233 2937 292 2984 uec
307 2922 509 3000 Augustinus,
532 2938 589 2984 nec
604 2922 669 2992 alii,
685 2921 735 3000 qui
763 2921 801 2981 de
817 2917 973 2982 erroribus
999 2921 1094 2984 illuni·
1140 2920 1271 2984 lusionis
1287 2923 1462 2996 inviscera,
1479 2937 1557 3001 quae
1577 2922 1614 2983 ad
1637 2928 1742 2999 potum
1769 2919 1873 2998 potius
1890 2965 1900 2993 ,
1917 2937 2010 2996 quam

233 3003 398 3065 chaeorum
412 3003 614 3080 seripserunt,
646 3008 789 3068 uotarnot
815 3009 950 3063 errorem
981 3001 1093 3080 illum,
1139 3004 1176 3065 ad
1192 3004 1475 3083 cibumpertioeut.

234 3087 314 3164 quud
338 3093 442 3149 contra
464 3085 771 3149 bominimaudntum
801 3083 858 3148 sub
888 3101 947 3147 uua
979 3091 1093 3151 tautum
1180 3087 1239 3149 Sed
1256 3087 1347 3149 hrcilc
1373 3086 1482 3149 estilla
1498 3085 1654 3149 relellcre.
1678 3085 1749 3147 llam
1765 3084 1935 3161 Gregorius
1950 3085 2010 3147 sub

230 3170 337 3246 specie
353 3168 575 3232 Eucharistiam
597 3175 765 3232 sumerent.
1139 3168 1350 3249 disiunctione
1366 3171 1512 3248 loquitur,
1529 3186 1567 3231 ac
1581 3169 1666 3241 dicit,
1692 3166 1876 3248 Gergouiam
1899 3184 2010 3229 recuu-

270 3250 611 3324 Deiude,teslimouiom
627 3252 783 3315 Ecclesiae
794 3252 905 3313 veteris
917 3250 1023 3313 baberi
1039 3270 1091 3332 po·
1138 3251 1256 3314 didisse
1272 3252 1427 3330 quidpiam
1444 3251 1603 3330 signorum
1619 3253 2006 3330 corporis,autsuuguiuis

228 3338 289 3394 test
303 3349 340 3395 ex
359 3334 481 3399 dnobus
497 3336 669 3399 illustribus
693 3334 855 3412 exemplis*
869 3334 1091 3399 haereticarum
1138 3332 1271 3411 Domini3
1285 3343 1315 3396 et
1329 3336 1413 3414 loqui
1430 3349 1501 3396 eum
1516 3336 1555 3395 de
1569 3332 1677 3410 specie
1692 3332 1781 3411 punis
1798 3378 1807 3405 ,
1831 3349 1893 3395 noo
1912 3335 1975 3394 riui
1994 3382 2003 3405 ,

227 3414 381 3479 fraudum.
398 3417 510 3481 Scribit
525 3418 713 3481 sozomenus
729 3416 783 3479 lib.
799 3414 830 3479 8.
854 3415 961 3479 histor.
977 3434 1047 3497 cap.
1059 3420 1090 3483 5.
1138 3419 1214 3479 satis
1229 3418 1384 3497 colligitur
1412 3434 1449 3480 ex
1463 3416 1618 3478 communi
1649 3434 1706 3479 usu
1735 3415 1818 3477 illius
1843 3420 2008 3491 temporis.

227 3504 257 3559 et
272 3498 461 3577 llieaphorns
477 3500 531 3562 lib.
549 3502 598 3563 ld.
613 3518 680 3579 cap.
698 3500 727 3562 i.
744 3498 922 3561 Eueminam
938 3502 1089 3577 quandam
1138 3498 1225 3577 Quod
1240 3508 1341 3562 autem
1365 3501 1405 3562 de
1421 3500 1582 3563 hmhrosio
1597 3499 1771 3561 llemuitius
1796 3499 1883 3566 dicit,
1902 3509 1952 3560 cst
1974 3518 2005 3559 o·

227 3579 413 3644 haereticam
429 3584 766 3658 macedonianam,cum
782 3582 874 3644 rcllet
887 3590 989 3660 tegere
1004 3602 1090 3647 soum
1137 3582 1243 3644 mnino
1259 3582 1436 3657 ridiculum.
1453 3582 1524 3644 dam
1540 3582 1719 3644 Ambrosios
1731 3580 1867 3659 loquitur
1881 3584 2008 3643 dehau-

226 3661 392 3735 haeresim,
417 3672 493 3729 etse
505 3666 686 3729 catholicam
708 3664 869 3739 simulare,
883 3666 1042 3743 accepisse
1057 3669 1089 3729 iu
1137 3671 1186 3725 stu
1198 3672 1229 3729 et
1241 3664 1447 3729 transfusione
1463 3666 1499 3726 ad
1521 3668 1638 3727 viscera
1654 3665 1740 3727 iltius
1754 3663 1887 3742 speciei,
1911 3682 2005 3743 quarn

225 3746 373 3809 manibus
388 3746 606 3827 elapsosromo
620 3748 716 3811 saeris
731 3752 890 3826 operante,
908 3764 1016 3824 panem
1031 3749 1089 3812 Eu·
1136 3746 1300 3811 involutam
1317 3752 1348 3809 io
1360 3748 1460 3809 orario
1475 3747 1599 3826 Satyros
1622 3747 1765 3810 habehat.
1796 3744 1873 3820 Quis
1901 3755 2004 3809 cirtem

229 3826 403 3901 charistiae,
421 3836 574 3907 tamquam
589 3832 680 3911 paulo
695 3836 764 3910 post
789 3828 876 3891 illum
892 3832 1088 3893 manducatu-
1135 3829 1279 3909 ambigat,
1297 3831 1370 3907 quid
1386 3830 1463 3891 illud
1487 3830 1595 3891 luerit?
1623 3829 1729 3908 Neque
1757 3844 1816 3889 vox
1838 3828 2006 3891 hauriendi

224 3912 364 3988 ram3sed
377 3913 455 3975 clam
471 3913 597 3976 dedisse
612 3914 699 3975 illum
714 3911 891 3986 ancillae,ct
906 3912 943 3972 ab
956 3928 990 3973 ea
1006 3929 1088 3975 sum·
1135 3914 1180 3973 rel
1198 3912 1442 3984 transfundendi,
1465 3912 1504 3973 ita
1520 3912 1556 3974 ad
1570 3918 1675 3991 polum
1694 3910 1852 3991 pertinet,
1880 3918 1915 3973 ut
1941 3930 2004 3973 uon

225 3994 327 4067 psisse
342 4010 453 4073 paoem
469 3996 674 4074 prophanum,
690 4012 781 4072 quem
805 4012 842 4056 cx
864 3995 955 4056 domo
977 3996 1087 4059 adlerri
1133 3996 1276 4057 etiamad
1292 3996 1395 4057 cibum
1410 3995 1515 4056 relcrri
1531 3995 1641 4074 possit,
1658 3993 1910 4074 quandoaliqoid
1923 3998 2002 4055 inte·

222 4076 369 4154 jusserat,
385 4078 520 4145 utillum
536 4078 638 4157 palam
659 4078 837 4140 comederet
857 4078 926 4139 loco
942 4078 1085 4141 Euchari-
1131 4076 1219 4155 grum
1236 4078 1379 4139 sumitur.
1394 4078 1574 4140 Ambrosius
1590 4083 1693 4139 antem
1706 4092 1746 4139 co
1761 4077 1852 4137 modo
1870 4078 2004 4154 toquen-

223 4158 313 4219 stiue:
332 4160 388 4221 sed
404 4176 475 4221 eum
491 4176 602 4238 panem
619 4160 763 4223 continuo
792 4161 823 4221 in
854 4160 986 4237 lapidem
1014 4178 1085 4226 csse
1131 4159 1161 4220 di
1175 4157 1281 4232 utitur,
1298 4162 1367 4239 quia
1384 4162 1570 4239 loquebatur
1597 4161 1637 4221 dc
1664 4175 1699 4223 re
1723 4158 1869 4238 signata,
1896 4160 2003 4235 potius

222 4256 418 4304 conversum.
434 4241 478 4305 Ex
494 4242 553 4305 hoo
565 4243 644 4305 laeto
660 4244 997 4323 intelligendarum-em
1013 4244 1086 4307 luis·
1131 4259 1222 4319 quam
1239 4244 1278 4305 de
1308 4245 1420 4324 signo:
1445 4248 1622 4305 ressuutem
1648 4243 1766 4321 signata
1789 4245 1908 4321 integra
1926 4244 2003 4303 bau·

222 4337 270 4395 se,
285 4329 317 4385 ut
332 4324 521 4403 acciperent,
546 4324 599 4405 qui
629 4325 753 4400 vellent,
768 4326 999 4389 'Eucharistiuru
1026 4328 1085 4389 sub
1132 4325 1218 4387 ritur.
1755 4382 1758 4385 ,

224 4420 283 4465 una
297 4412 411 4469 tantum
428 4409 547 4485 speeie.
563 4406 638 4470 Nam
653 4408 679 4470 si
695 4424 805 4473 omues
827 4410 923 4471 eoacti
954 4409 1084 4471 luissent
1172 4406 1334 4471 Secundus
1351 4408 1428 4469 ritus
1443 4414 1508 4469 crat
1522 4406 1681 4471 Ecclesiae
1704 4404 1863 4482 autiquae.
1881 4413 1914 4465 ot
1939 4406 2001 4468 En-

221 4486 330 4549 bihcra
346 4488 385 4551 dc
399 4490 495 4553 calice
510 4490 645 4564 Domini,
658 4494 767 4555 mulier
779 4492 830 4554 illa
842 4491 927 4554 uullo
939 4490 1030 4551 modo
1045 4493 1085 4553 si·
1131 4487 1305 4553 charistium
1321 4494 1446 4552 domum
1462 4489 1663 4563 deferrent,et
1675 4489 1718 4551 ibi
1734 4494 1873 4566 tempore
1887 4507 2004 4567 oppor-

221 4570 339 4633 mularc
362 4572 524 4650 potuissct;
544 4578 605 4636 nou
632 4573 715 4638 euim
731 4592 786 4654 pro
809 4572 1039 4637 culieeiluurioi
1054 4593 1085 4633 a·
1131 4579 1205 4634 tuno
1221 4582 1392 4643 sumerent,
1422 4574 1503 4649 quod
1534 4572 1742 4635 certissimum
1758 4578 1807 4633 est
1827 4587 1866 4631 ex
1880 4571 2003 4633 Tertul-

220 4652 318 4730 liqoid
331 4654 414 4717 aliud
430 4672 553 4719 sumere
570 4657 722 4736 potuisset
738 4676 747 4737 3
763 4658 916 4735 siquidem
932 4655 1008 4717 calix
1022 4672 1083 4719 noo
1132 4653 1214 4716 liano
1229 4656 1286 4717 lib.
1301 4656 1333 4716 2.
1350 4657 1386 4715 ad
1401 4671 1539 4727 uxorem,
1557 4653 1718 4716 Clemente
1729 4652 1932 4715 alexandrino
1943 4655 2002 4717 lib.

219 4736 348 4798 dabatur
364 4737 396 4801 io
413 4755 533 4811 manus,
552 4740 608 4802 sed
621 4738 716 4805 manu
729 4740 848 4803 diaconi
871 4736 1088 4801 admovebatur
1134 4737 1164 4799 l.
1180 4744 1360 4800 stromatum
1375 4754 1435 4799 nou
1450 4738 1613 4814 proculab
1630 4734 1885 4815 initin,Cppriauo
1901 4753 2002 4799 serm.

219 4818 263 4883 ori
277 4820 581 4883 communicantium.
1133 4820 1172 4882 de
1187 4820 1294 4900 lapsis,
1313 4820 1422 4880 hasilio
1436 4818 1468 4879 in
1481 4819 1574 4897 epist.
1589 4819 1627 4880 ad
1641 4818 1813 4882 caesariam
1828 4818 2001 4895 Familiam,

259 4902 395 4964 Alterum
412 4904 587 4982 exemplum
605 4911 652 4968 est
666 4905 747 4985 apud
776 4906 909 4967 Leonem
941 4916 1036 4965 serm.
1052 4905 1084 4966 l.
1131 4902 1318 4982 Hieronymo
1334 4903 1365 4962 iu
1380 4902 1520 4981 apologia
1548 4901 1708 4981 praitoria
1726 4903 1758 4962 in
1772 4900 1969 4963 lucinianum
1992 4948 2002 4977 ,

218 4984 258 5045 de
274 4984 519 5065 quadragesima,
537 4988 587 5049 ubi
605 5005 631 5050 s.
648 4987 710 5051 Leo
725 4988 810 5053 dicit.
827 4983 1035 5056 llauirhaeos,
1053 4998 1085 5047 ut
1131 4990 1162 5047 ct
1176 5002 1213 5047 cr
1228 4986 1308 5047 aliis.
1325 4984 1413 5047 Domi
1442 4991 1545 5046 autem
1568 4985 1628 5047 sub
1652 5002 1711 5045 uun
1742 4988 1858 5045 tantum
1887 4988 2005 5060 specie

220 5066 376 5137 haeresim
393 5085 482 5131 suam
497 5074 646 5148 legerent,
661 5086 772 5149 panem
801 5065 1010 5130 Eucharistiae
1032 5086 1083 5133 su·
1130 5067 1318 5130 Christianos
1329 5066 1560 5130 communicare
1580 5067 1689 5128 solitos
1705 5070 1906 5145 perspicuum
1923 5076 1999 5138 est,

219 5164 304 5211 ruere
317 5148 424 5212 solitos
437 5166 592 5217 essecum
606 5151 778 5225 catholicis,
801 5166 862 5210 noo
893 5155 991 5211 tameu
1009 5154 1083 5213 cati·
1129 5156 1192 5213 tom
1207 5166 1246 5212 ex
1260 5167 1309 5223 eo,
1326 5148 1407 5227 quod
1420 5150 1485 5213 sola
1501 5150 1625 5229 species
1640 5152 1729 5227 panis
1743 5150 1873 5211 dabatur
1888 5152 1920 5209 in
1937 5168 2006 5213 rriu-

221 5248 288 5291 oem
305 5232 426 5295 bibere.
445 5232 475 5295 Si
492 5241 593 5297 autem
624 5236 736 5297 hornae
763 5248 823 5293 nou
851 5232 958 5295 luisset
985 5228 1081 5297 libera
1130 5250 1189 5296 irus
1205 5231 1354 5303 bdelium,
1369 5232 1499 5311 sanguis
1513 5238 1615 5293 notem
1631 5232 1761 5294 dabatur
1786 5248 1824 5295 ex
1838 5232 1937 5293 calice
1954 5235 2004 5293 bi·

219 5312 399 5377 Communia
411 5316 468 5377 soh
484 5322 613 5397 utraque
626 5318 743 5395 specie,
761 5318 815 5377 sed
830 5329 937 5377 omues
959 5334 1084 5396 semper
1130 5313 1263 5389 bandus,
1280 5320 1312 5377 ul
1335 5314 1466 5394 cirillus
1479 5317 1669 5377 demonstrat
1689 5314 1808 5377 catech.
1835 5314 1867 5374 a.
1883 5325 2003 5392 mysta-

220 5410 344 5458 sumere
362 5397 546 5461 debuissent
560 5400 619 5462 sub
638 5406 765 5476 utraque
783 5444 790 5471 ,
820 5412 880 5459 noo
910 5402 1084 5477 potuissent
1129 5414 1200 5479 gog.
1217 5403 1280 5458 tum
1296 5398 1386 5460 etiam
1402 5398 1472 5475 quia
1488 5414 1550 5459 uon
1563 5404 1651 5459 crant
1674 5396 1705 5461 io
1734 5394 1880 5460 domibus
1903 5399 2002 5459 laico-

221 5476 284 5538 ullo
306 5482 397 5543 modo
412 5480 579 5544 Manichaei
595 5480 703 5553 latere,
715 5480 767 5558 qni
784 5482 964 5559 sariguiucm
981 5483 1082 5545 lierni·
1129 5497 1196 5544 rum
1213 5480 1267 5541 ulli
1283 5481 1396 5542 calices
1408 5480 1500 5553 sacri,
1518 5496 1574 5542 seu
1590 5496 1674 5550 rasa,
1704 5480 1818 5559 quibus
1840 5482 2000 5542 contineri

221 5560 250 5617 ui
282 5578 446 5641 numquam
470 5564 646 5627 sumebant.
669 5562 755 5627 Unde
783 5572 908 5625 sanetus
933 5564 994 5627 Leo
1018 5582 1079 5627 uon
1128 5567 1237 5644 posset
1251 5564 1379 5644 sanguis
1393 5562 1565 5636 hominist
1580 5562 1754 5625 clarissime
1769 5569 1852 5640 patet
1866 5580 1906 5625 cs
1922 5582 2000 5642 apo·

216 5641 306 5719 jubet
321 5645 476 5709 observari
493 5663 559 5720 eos,
574 5649 625 5725 qui
639 5645 803 5723 aliquando
824 5646 999 5719 surocham,
1023 5648 1080 5709 scd
1125 5647 1206 5727 logia
1222 5648 1358 5710 secunda
1375 5646 1534 5708 Athanasii
1548 5651 1653 5709 contra
1667 5646 1807 5707 hriauos.

219 5723 272 5803 uui
288 5742 454 5809 numquam
470 5730 596 5793 omnino
612 5730 775 5793 sumebant
790 5728 984 5808 sanguinem:
1003 5730 1079 5793 illud
1166 5728 1231 5791 lloc
1247 5729 1316 5795 loco
1337 5729 1446 5793 latetur
1460 5728 1633 5793 liemnitius
1659 5728 1690 5790 in
1707 5729 1852 5793 domibus
1865 5729 1999 5807 primus
