4084 6275
834 353 932 416 tlttbtt
950 349 1077 412 Phltttls
1712 344 1763 400 llll

45 487 149 554 dibus
172 491 261 570 loges
276 489 460 570 posuerunt,
476 483 625 563 ttorsem,
642 501 804 552 romanum
825 486 927 565 ponti·
970 499 1034 547 nou
1049 481 1168 546 iaciunt
1181 478 1330 560 legitima,
1346 477 1396 543 rel
1407 471 1567 568 illegitima
1578 471 1782 552 Matrimonia,
1797 492 1837 570 ac

45 569 149 634 licum
165 578 196 636 ot
210 571 389 644 Caesarem,
404 568 460 630 sod
477 567 721 632 nultum'borum
744 568 927 646 simpliciter
971 567 1153 642 praesertim
1167 561 1199 624 in
1214 564 1280 626 loro
1292 566 1432 626 externo.
1448 558 1592 620 brennus
1617 561 1720 620 autem
1735 559 1775 619 de
1796 573 1836 620 us

46 652 134 715 mitti
151 669 259 733 posse.
275 653 401 732 blopses
426 649 509 712 enlm
535 649 575 713 ad
601 667 660 714 nos
691 668 753 715 nnn
780 650 924 728 pertinet,
971 647 1096 726 legibus
1105 647 1256 724 loquitur,
1272 659 1352 723 quae
1367 641 1484 705 iaciunt
1504 638 1654 718 legitima,
1671 640 1720 702 tel
1736 640 1835 718 illegi-

44 749 124 796 cum
142 739 212 810 ejus
228 733 334 815 politia
353 749 409 812 per
423 730 577 795 constan
590 733 734 813 abrogata
749 732 801 796 sit.
818 733 926 795 Romu·
971 729 1043 792 lima
1058 725 1261 792 Matrimonia:
1277 725 1387 789 scribit
1399 720 1484 786 onim
1499 720 1643 800 politicas
1659 721 1746 800 leges
1773 722 1833 784 llo·

45 832 116 880 nus
130 818 268 898 pontifex
281 831 343 878 nou
356 814 450 876 babet
466 814 677 878 auctoritatem
692 815 772 895 legis
793 814 925 878 terendi.
971 826 1133 873 manorum
1144 807 1313 872 servandas
1327 821 1412 878 esse,
1430 819 1492 866 nou
1504 803 1606 865 solum
1617 808 1749 896 propter
1764 819 1838 866 con·

44 897 169 962 Caesar
184 905 233 962 est
247 898 373 975 quidem
385 909 476 957 verus
490 894 721 974 legislator‚sed
736 896 806 974 quia
825 895 856 958 in
866 895 927 958 hnc
971 893 1148 965 scientiam,
1164 891 1221 952 sed
1236 890 1332 950 etiarn
1345 892 1706 978 proptersuccessrones
1721 890 1752 948 et
1765 886 1839 948 hae·

42 975 420 1060 negotlodellatrimonio
428 975 564 1054 subjecit
577 977 664 1055 legas
672 994 745 1040 suas
753 977 926 1041 canontbus
970 973 1213 1055 reditatos,qneo
1227 970 1431 1048 adlegltimos
1442 966 1524 1028 lilros
1534 970 1653 1028 mnium
1669 968 1838 1045 pertinent;

43 1063 238 1139 pontillctts,
265 1062 337 1124 ideo
365 1059 434 1138 ipse
448 1072 574 1136 quoque
589 1059 800 1123 auctoritatem
812 1058 925 1122 amisit.
971 1062 1003 1120 et
1016 1055 1038 1116 tt
1053 1061 1126 1118 sunt
1141 1052 1195 1116 lilii
1209 1051 1353 1131 legitimi,
1369 1050 1423 1128 qui
1439 1064 1476 1110 er
1491 1047 1630 1127 legitimo
1645 1048 1839 1113 llatrimonto

97 1143 212 1218 Quarto
229 1141 394 1206 diethduur
406 1139 490 1202 nulla
502 1139 542 1202 sil
553 1140 672 1218 reliqua
685 1141 735 1204 lex
745 1141 785 1204 de
796 1141 925 1220 nuptiis,
969 1141 1186 1217 procreantur.
1200 1132 1325 1212 Cogitur
1339 1147 1415 1210 ergo
1436 1129 1581 1192 Brentius
1606 1130 1669 1192 duo
1697 1130 1754 1193 ista
1783 1149 1839 1210 pu·

44 1227 237 1289 sectandam
252 1239 325 1288 esse
339 1225 442 1301 legem
461 1225 598 1294 naturae,
622 1229 654 1284 et
673 1223 711 1286 ad
734 1237 923 1303 cognoscen·
970 1219 1096 1298 gnantia
1111 1217 1286 1288 admittere,
1303 1215 1392 1293 leges
1406 1227 1551 1274 romanas
1566 1211 1606 1274 de
1619 1212 1767 1290 gradibus
1783 1231 1836 1276 co·

44 1305 196 1387 dumqut
211 1305 326 1384 padus
353 1305 417 1366 sint
444 1301 591 1379 prohibiti
609 1303 681 1382 iure
712 1311 849 1380 naturae,
872 1305 926 1368 ob·
971 1299 1128 1382 gnationis
1141 1297 1319 1378 perdidisse
1332 1295 1558 1367 auctoritatem,
1576 1298 1607 1355 et
1633 1301 1735 1358 umen
1761 1295 1840 1358 obli·

44 1388 284 1468 sententiatim,
309 1387 342 1448 tn
369 1383 483 1464 quibus
508 1383 657 1462 gradibus
682 1387 848 1450 mureniat
875 1387 926 1451 lex
971 1397 1059 1464 gare,
1075 1399 1112 1445 aa
1129 1378 1309 1445 benemoria
1328 1383 1363 1441 ut
1380 1376 1559 1440 verissimas
1574 1375 1663 1454 leges
1687 1392 1760 1442 esse
1774 1394 1839 1442 ser·

42 1469 172 1549 Moysis
201 1476 231 1532 et
244 1470 295 1531 lex
310 1465 505 1545 imperatoris
517 1467 726 1530 romenellum
738 1469 791 1545 qul
808 1469 927 1547 gradus
971 1465 1100 1528 tendas.
1115 1461 1178 1526 Sed
1189 1463 1230 1525 dc
1241 1460 1365 1524 Brenlio
1376 1458 1465 1522 satis.

45 1549 311 1626 probibenturab
324 1555 452 1625 utraque
470 1548 552 1628 lege,
565 1547 587 1610 ii
602 1548 672 1612 sina
686 1550 784 1613 dubio
798 1550 925 1613 censori
1011 1544 1150 1608 loannes
1164 1542 1309 1607 dalrtnus
1325 1557 1387 1604 nnn
1403 1540 1479 1603 satis
1494 1538 1628 1618 explicat
1648 1540 1838 1604 sententiam

45 1633 176 1696 debent
191 1631 338 1711 prohibiti
351 1638 420 1710 jure
436 1634 576 1706 naturae;
591 1633 637 1692 'et
658 1631 691 1694 in
707 1632 746 1697 iis
761 1633 844 1694 nulle
861 1630 924 1694 dis·
971 1643 1074 1690 suam.
1089 1628 1196 1690 Solum
1211 1625 1295 1687 enirn
1311 1625 1366 1686 lib.
1383 1624 1414 1685 l.
1431 1620 1566 1685 lustitub
1583 1637 1654 1700 cnp.
1672 1622 1722 1685 tlt.
1736 1621 1754 1702 l
1770 1624 1840 1686 ulti·

45 1716 201 1790 pensatio
212 1713 402 1777 admittenda
415 1714 481 1773 est:
495 1712 548 1789 qui
563 1717 666 1775 autem
683 1713 889 1791 probibentur
909 1729 927 1776 a
971 1725 1024 1770 run
1044 1706 1246 1787 reprehendit
1261 1706 1435 1768 Ecclesiam
1453 1747 1462 1776 ‚
1493 1703 1576 1783 qnod
1591 1704 1707 1782 gradus
1720 1721 1835 1786 cogna-

45 1795 130 1877 lege
145 1796 258 1876 lloysis
273 1801 403 1868 tuntum,
421 1799 473 1855 aul
484 1809 501 1854 e
513 1792 584 1872 lego
596 1794 717 1856 romani
731 1795 927 1874 imperatoris
971 1791 1066 1854 lionis
1076 1788 1271 1853 constituerit
1282 1785 1842 1866 praeteraliarumgentium,etipsius

47 1883 191 1951 tantum,
208 1879 230 1940 ii
244 1875 380 1940 habendi
395 1880 468 1938 sunt
480 1873 627 1954 prohibiti
639 1876 710 1956 lege
722 1877 926 1955 politica,non
971 1872 1065 1936 etiam
1079 1871 1194 1952 llogsts
1211 1871 1362 1949 politiam:
1376 1875 1407 1932 et
1421 1868 1504 1947 quod
1519 1867 1713 1945 spiritualem
1727 1882 1841 1947 cogna-

47 1959 132 2038 Jure
148 1965 287 2023 naturae.
971 1955 1089 2018 tionem
1100 1952 1357 2033 impedimentum
1386 1949 1571 2012 Matrimonii
1598 1964 1670 2022 esso
1695 1950 1841 2014 voluerit.

101 2041 215 2116 Quinto
226 2040 362 2119 denique
373 2037 534 2106 additnon
548 2037 649 2102 solum
660 2040 841 2103 servandam
855 2053 927 2104 esse
972 2036 1035 2100 Sed
1050 2053 1090 2099 ex
1115 2034 1270 2098 sententia
1285 2031 1441 2096 Theodori
1454 2032 1552 2095 Bonae
1568 2030 1704 2110 primarii
1721 2032 1837 2095 Caluini

49 2123 165 2202 legem
179 2129 305 2186 naturae
321 2123 352 2184 in
368 2120 516 2200 gradihus
531 2123 737 2201 regnationis,
760 2123 844 2202 quod
860 2123 927 2185 elti-
971 2117 1131 2197 discipuli.
1146 2116 1336 2180 sententium
1357 2113 1473 2178 calvini
1503 2128 1697 2191 cognoscere
1719 2114 1840 2178 licebit.

47 2213 113 2266 net
128 2204 165 2267 nd
182 2203 384 2277 llatrimonia,
400 2202 456 2264 sed
472 2202 564 2264 eliam
581 2204 681 2282 legem
697 2205 815 2266 romani
831 2205 928 2284 tmpe-
1012 2200 1068 2262 list
1082 2198 1176 2280 igitur
1189 2199 1294 2276 quinta
1307 2196 1461 2260 sententia
1474 2193 1628 2258 Theodori
1643 2195 1741 2260 betae
1756 2196 1788 2259 in
1804 2197 1844 2260 li·

48 2287 173 2350 ratorls
188 2292 219 2348 el
233 2283 493 2348 consuetudinem
510 2283 582 2354 loci,
599 2289 631 2346 ei
652 2285 812 2348 arbitrium
833 2287 926 2349 etiam
971 2281 1029 2344 bru
1043 2281 1084 2346 de
1098 2281 1240 2360 repudiis
1254 2286 1285 2342 cl
1307 2277 1459 2351 diuortiis,
1476 2277 1529 2355 qui
1545 2277 1645 2355 primo
1671 2279 1843 2356 repreben-

46 2369 260 2445 prudentium
273 2367 419 2429 virorum.
434 2364 522 2427 Licet
534 2364 618 2428 enim
633 2366 683 2428 lex
699 2368 816 2430 romani
830 2367 927 2448 impe·
970 2365 1016 2426 dit
1028 2365 1153 2427 modum
1169 2360 1358 2440 supputandi
1373 2359 1502 2441 gradus,
1526 2374 1588 2437 quo
1605 2363 1731 2420 utuntur
1748 2376 1842 2426 cano·

47 2451 171 2511 tatoris
193 2449 403 2510 auctoritatem
420 2445 602 2525 perdiderit,
619 2463 690 2512 cum
705 2465 741 2512 se
753 2451 928 2514 canonibus
971 2446 1034 2508 uici
1049 2447 1206 2520 doctores,
1222 2452 1377 2522 umquam
1398 2440 1582 2515 absurdum;
1613 2445 1644 2502 al
1674 2442 1777 2503 solum
1792 2457 1847 2505 so·.

46 2531 228 2606 pontillctis
243 2528 379 2612 subjecit
394 2547 404 2602 ς
430 2535 533 2590 tamon
555 2528 671 2607 alloqui
694 2531 776 2605 justa
802 2537 878 2594 erat:
896 2538 927 2595 et
971 2527 1131 2607 quondum
1147 2541 1222 2589 esse
1235 2525 1395 2588 contendit
1416 2524 1542 2586 modum
1557 2523 1760 2602 supputandi,
1777 2540 1841 2603 quo

49 2611 320 2690 quemadmodum
333 2611 459 2690 quidum
474 2610 641 2687 appellarit
660 2629 676 2673 a
706 2627 781 2692 rege
802 2629 927 2676 somnn-
972 2615 1099 2672 utuntur
1111 2607 1318 2688 jureconsulti
1335 2607 1458 2668 civiles.
1820 2652 1822 2661 .

48 2694 146 2756 lento
161 2694 199 2756 ad
215 2693 406 2772 uigilantem,
423 2699 454 2754 et
467 2692 548 2753 elius
563 2692 603 2755 ab
619 2692 706 2754 ebrio
721 2694 924 2773 adsumtum,
1012 2691 1135 2754 lletnda
1149 2689 1279 2752 ulllrmat
1292 2688 1418 2767 gradus,
1435 2685 1489 2767 qui
1515 2690 1718 2750 numerantur
1739 2686 1771 2750 in
1786 2688 1841 2752 he·

47 2777 97 2837 tta
110 2775 405 2854 nosappellabtmus
416 2790 433 2834 a
444 2773 745 2853 deceptisireudead
761 2777 926 2840 reeteedo·
970 2772 1075 2848 altien,
1089 2770 1159 2844 iure
1174 2771 1280 2834 divino
1294 2770 1466 2832 servandos
1481 2784 1566 2842 esse,
1584 2773 1615 2831 et
1639 2767 1835 2833 Matrimonia

48 2864 224 2932 ctos‚auta
242 2858 345 2936 legum
361 2853 660 2918 administratoribus
673 2856 712 2919 ad
727 2856 813 2936 ipsas
825 2859 925 2938 leges.
971 2853 1003 2915 in
1020 2853 1084 2916 iltis
1098 2851 1249 2933 gradibus
1269 2856 1439 2925 contracta,
1453 2865 1526 2913 esse
1539 2850 1667 2912 omnino
1683 2852 1780 2914 nulla.

99 2941 207 3016 lnqua
224 2937 377 3001 sententia
393 2935 520 3006 Brentit,
536 2938 669 3014 primurn
696 2945 728 3001 ct
752 2943 926 3002 secundum
1010 2934 1115 3016 'l'ertto
1140 2934 1243 2998 docet:
1260 2933 1327 2994 llnn
1349 2933 1454 2994 solnm
1479 2931 1595 3010 gradus
1619 2931 1703 3008 illos,
1720 2935 1774 3012 qui
1789 2949 1841 2996 cx·

49 3021 298 3096 pronunciatum
315 3019 474 3081 rarissime
488 3024 574 3094 sunl;
586 3020 709 3083 tertium
725 3028 756 3082 et
770 3028 924 3101 quartum,
970 3033 1081 3096 presse
1096 3017 1251 3080 hahentur
1262 3016 1293 3076 in
1309 3013 1458 3088 Levitico,
1471 3013 1543 3092 jore
1558 3013 1663 3076 alirino
1671 3015 1843 3080 serrandus

48 3103 136 3165 falsa
153 3108 182 3166 el
195 3102 225 3165 in
241 3100 384 3180 sequenti
401 3101 502 3179 capite
517 3101 690 3177 relntanda3
716 3101 857 3181 quintum
872 3104 926 3167 ab·
970 3114 1043 3165 esse
1060 3146 1070 3172 ,
1085 3100 1142 3163 scd
1158 3098 1252 3161 etiarn
1268 3111 1336 3170 eos,
1353 3095 1406 3175 oni
1422 3112 1438 3157 a
1453 3095 1548 3159 simili
1570 3095 1770 3176 colliguntur.
1792 3095 1843 3171 llt,

48 3186 278 3247 surdissimum
295 3188 393 3256 est‚et
406 3198 477 3245 cum
490 3183 579 3245 tertio
596 3184 758 3246 manifeste
770 3201 924 3265 pugnans.
970 3182 1042 3260 quta
1058 3182 1090 3243 in
1106 3179 1241 3243 beritico
1250 3177 1433 3259 prohibetur
1443 3176 1624 3256 eonjugium
1636 3179 1760 3255 nopotis
1771 3196 1844 3243 cum

48 3268 131 3328 llam
148 3265 175 3328 si
190 3266 277 3345 leges
287 3265 395 3327 civiles
410 3278 556 3327 romanae
578 3266 749 3328 emiserunt
763 3268 926 3331 auctorita·
970 3265 1075 3336 amita,
1090 3263 1141 3325 rel
1156 3268 1334 3332 matertera,
1350 3260 1463 3323 asserit
1483 3259 1573 3332 beza,
1589 3260 1780 3340 prohibitum
1795 3267 1842 3323 et·

49 3354 134 3421 tem,
151 3351 185 3409 ut
198 3346 393 3425 apertissime
409 3346 439 3407 in
457 3346 546 3408 terlio
562 3349 766 3423 pronunciata
781 3348 926 3414 lironlius
970 3346 1031 3407 iam
1060 3343 1194 3422 intelligi
1223 3344 1340 3405 debere
1354 3342 1534 3421 conjugium
1551 3342 1663 3419 patrui,
1679 3344 1728 3405 rel
1743 3360 1838 3405 atun-

47 3430 110 3501 ait,
129 3428 247 3492 nnllam
262 3428 324 3506 jum
340 3428 478 3506 obligare
491 3434 634 3507 possunt,
651 3446 687 3490 ac
699 3430 825 3508 perhoa
840 3432 924 3494 nulla
970 3428 1032 3489 cult
1063 3442 1134 3489 cum
1150 3430 1245 3501 nepte
1269 3439 1309 3486 ex
1336 3423 1429 3485 tratre
1445 3423 1492 3485 rel
1518 3437 1639 3485 sorore:
1670 3426 1788 3502 clonia
1809 3426 1842 3487 in

46 3515 152 3573 erunt
165 3510 324 3591 illegitima
340 3509 540 3584 detrimenta,
556 3509 616 3571 nisi
629 3525 708 3587 onae
720 3512 925 3590 probibentur
969 3508 1105 3571 beritico
1142 3505 1325 3585 prohibetur
1360 3504 1542 3583 coniugium
1578 3505 1674 3583 patris
1703 3523 1773 3568 enm
1807 3505 1846 3567 ll⁴

45 3594 129 3671 lege
144 3590 582 3672 naturaltzoujuscuulrarium
593 3590 840 3672 habetquintum
855 3611 925 3675 pro·
967 3588 1020 3661 lia.
1036 3595 1069 3652 at
1081 3589 1129 3653 ari
1143 3603 1217 3651 curn
1245 3592 1350 3665 nepte,
1373 3586 1492 3662 colligit
1519 3586 1600 3663 ipse,
1617 3587 1770 3663 prohibita
1786 3587 1837 3649 in·

47 3674 253 3736 nunciatum.
969 3672 1066 3752 telligt
1082 3669 1186 3734 omnia
1201 3667 1346 3749 coniugia
1362 3666 1393 3729 in
1409 3667 1492 3728 linea
1508 3674 1603 3740 reeta,
1625 3669 1697 3746 quia
1711 3684 1838 3747 semper

95 3754 205 3834 Neque
221 3755 323 3818 obstat
337 3754 389 3816 illa
405 3754 571 3834 appellatio
587 3754 713 3832 Bromii,
741 3773 758 3817 u
783 3756 925 3839 deceptis
970 3756 1070 3835 major
1083 3754 1114 3815 tn
1131 3753 1212 3814 linea
1239 3756 1322 3813 recta
1339 3749 1432 3812 habat
1445 3751 1548 3811 locum
1576 3749 1672 3828 patris
1695 3756 1841 3829 respectu

44 3836 178 3907 fraude,
194 3836 231 3897 ad
253 3838 366 3899 melius
381 3836 522 3899 edoctos.
546 3836 619 3899 llam
649 3838 853 3916 imperatores
874 3856 923 3903 rn-
970 3835 1119 3916 junioris
1135 3840 1167 3897 et
1181 3833 1290 3895 endcrn
1315 3830 1435 3894 ratione
1465 3832 1528 3892 rult
1549 3845 1621 3894 esse
1649 3832 1843 3911 prohibitum

42 3918 139 3980 mani
155 3918 257 3981 adbuc
272 3924 358 3989 sunl,
375 3918 487 3997 quales
508 3918 583 3981 olim
604 3918 749 3996 inerunt,
776 3921 923 3985 nimirum
969 3917 1151 3997 conjugium
1165 3913 1267 3993 patrui
1283 3928 1346 3975 non
1361 3912 1463 3975 solum
1479 3927 1550 3973 cum
1567 3918 1680 3993 nepte,
1697 3916 1754 3977 sed
1771 3932 1844 3979 cum

44 3999 212 4073 catholici,
230 4005 260 4063 et
274 4000 376 4063 adbuc
391 3998 564 4079 subjiciunt
586 4002 674 4081 leges
696 4018 770 4065 suas
796 4006 922 4067 canoni·
971 4005 1123 4077 pronepte
1137 4000 1243 4069 ettam,
1259 4002 1291 4056 et
1304 4011 1381 4057 cum·
1398 3994 1544 4072 abnepte,
1563 4002 1594 4057 et
1608 4012 1680 4057 curn
1695 3996 1843 4059 omnibus

43 4082 235 4159 bus;nanuo
250 4081 332 4145 enim
348 4080 432 4144 ullus
448 4082 551 4145 adhuc
566 4082 623 4145 luit
634 4084 801 4162 imperator
811 4085 924 4150 Lnlhe·
968 4076 1843 4157 interioribus.ltaquemultosgradnst'uredivinoserrari

44 4180 164 4225 renus:
181 4163 216 4225 ad
233 4178 326 4242 quarn
342 4163 435 4243 igitur
464 4162 685 4243 imperatorem
709 4165 854 4231 Breutius
870 4184 925 4249 ap·
966 4162 1213 4244 labetactans
1228 4174 1376 4237 expresse
1389 4158 1563 4222 interittcu
1578 4176 1643 4222 non
1659 4160 1844 4225 habeantur.

44 4244 201 4325 pettabttt
1009 4243 1339 4324 Quartodocotrbeges
1352 4243 1444 4304 etiarn
1456 4240 1563 4302 civiles
1575 4242 1615 4303 de
1625 4242 1774 4320 gradihus
1789 4256 1842 4305 co·

97 4325 162 4388 Sed
177 4324 248 4388 ideo
261 4324 392 4389 tortasse
407 4326 582 4401 addidit,se
597 4329 757 4409 appellare
771 4329 810 4393 ab
825 4330 924 4395 admi·
968 4325 1126 4408 guntionis
1140 4324 1309 4387 serrandus
1323 4338 1407 4393 esse,
1423 4322 1470 4384 sic
1485 4328 1586 4386 buren
1604 4330 1637 4385 ut
1651 4323 1843 4386 llatrtmonta

46 4406 276 4471 nistralnrlbus
286 4408 391 4486 legum
403 4409 440 4470 ad
456 4408 542 4486 ipsas
557 4410 656 4489 lagae.
673 4410 716 4474 ld
732 4412 792 4475 boc
803 4412 924 4475 inaudi-
967 4410 1000 4472 iu
1017 4412 1067 4471 bis
1081 4406 1231 4489 gradibus
1244 4422 1308 4468 non
1322 4404 1553 4481 contrahantur,
1570 4404 1628 4468 sed
1643 4406 1670 4467 si
1686 4412 1843 4472 eontracta

46 4496 122 4551 tum
148 4495 179 4551 el
193 4489 451 4552 absurdissimum
479 4496 575 4566 est‚ut
590 4492 689 4572 quise
703 4492 811 4572 jndice
825 4495 863 4557 ad
879 4496 924 4557 le·
967 4491 1092 4562 luerint,
1109 4503 1173 4552 nnn
1189 4488 1386 4551 dirimantur.
1413 4486 1500 4561 Quod
1518 4494 1619 4549 tauron
1643 4502 1747 4551 rercra
1778 4502 1843 4553 non

43 4586 126 4651 gem
143 4571 325 4648 appellabat
339 4574 479 4650 quamvls
490 4580 658 4651 utcumque
670 4575 793 4637 tolerari
806 4582 923 4651 posset,
969 4580 1017 4637 cst
1032 4575 1134 4652 legem
1147 4570 1271 4648 altilem
1286 4584 1424 4631 serrare:
1440 4568 1491 4631 lex
1513 4568 1597 4632 enirn
1620 4568 1722 4632 uirilis
1744 4570 1844 4631 irritat

43 4659 86 4715 ut
101 4653 313 4729 appellaretur
326 4670 342 4715 a
357 4653 463 4733 judice
478 4655 582 4733 aliquo
596 4654 742 4719 iniartnre
757 4657 795 4719 ad
808 4657 923 4738 legem:
968 4653 1161 4718 lletrimonle
1175 4653 1252 4714 intra
1264 4652 1380 4731 gradus
1395 4649 1569 4729 prohibitos
1593 4658 1761 4715 contrecta.
1778 4651 1841 4717 Sed

43 4742 158 4797 tamen
174 4739 206 4795 nt
221 4752 236 4795 a
253 4734 408 4813 principe,
426 4735 478 4813 qui
495 4736 596 4815 tegern
623 4737 763 4801 condidit
776 4739 876 4817 (bunc
891 4756 924 4802 e·
969 4738 1010 4802 tle
1027 4736 1078 4799 bis
1093 4739 1200 4813 postea
1216 4734 1422 4797 disseremus.

40 4818 117 4878 nim
141 4821 227 4878 vocat
241 4815 385 4878 llronlius
402 4816 483 4895 legis
498 4818 792 4900 admintslmtorcm)
817 4822 924 4901 appel·
1011 4820 1091 4881 lllud
1107 4815 1159 4879 lric
1172 4816 1273 4879 obiter
1284 4820 1333 4877 est
1347 4814 1751 4890 observandumlieaammt
1765 4816 1841 4878 hea-

39 4901 136 4961 lelur
147 4896 184 4958 ad
196 4899 310 4976 tegern,
327 4898 455 4959 omnino
470 4898 668 4962 intolerabile
683 4909 733 4963 est
748 4947 756 4976 ,
782 4919 855 4965 curn
870 4905 921 4967 lex
970 4904 1101 4965 relicum
1116 4897 1294 4971 decebat,tn
1307 4912 1345 4959 eo
1356 4896 1438 4959 libro
1449 4897 1613 4959 calumniis
1625 4905 1656 4960 et
1667 4898 1839 4962 mendaciis

39 5000 57 5041 a
80 4979 238 5057 principe,
257 4996 318 5041 non
335 4979 515 5057 princepsa
532 4983 603 5061 lego
628 4984 842 5047 auctoritatem
860 4986 912 5047 ha·
969 4984 1046 5048 salis
1060 4984 1243 5044 instructum
1259 4978 1419 5041 incedere:
1437 4994 1456 5041 e
1471 4979 1587 5056 quibus
1608 4978 1670 5044 duo
1685 4985 1833 5045 annotare

39 5066 135 5136 beat,
152 5076 210 5122 neo
225 5061 325 5138 possit
339 5061 488 5141 princeps
503 5062 683 5126 auctoritate
698 5064 822 5142 pritari,
839 5067 916 5147 quin
969 5065 1097 5147 placuit.
1112 5062 1185 5142 Peg.
1198 5058 1252 5124 tt.
1264 5059 1408 5142 depingit
1421 5060 1503 5125 hanc
1516 5060 1659 5142 liguram,

40 5152 79 5206 et
93 5141 198 5221 ipsius
213 5143 302 5222 leges
317 5142 465 5206 continuo
481 5142 627 5207 desinant
641 5160 712 5209 esse
728 5146 829 5225 leges.

91 5223 155 5286 Sed
172 5223 303 5286 tortasse
315 5223 456 5286 Brenttus
482 5225 570 5305 leges
595 5242 739 5289 romanas
754 5242 827 5293 esse
842 5244 919 5293 een·
1337 5223 1475 5289 ioannes

41 5311 111 5383 sel,
131 5319 193 5366 nou
210 5309 243 5366 nl
257 5305 346 5385 leges
361 5306 525 5379 coactivas,
542 5308 598 5371 sed
625 5314 658 5370 ut
682 5309 853 5387 prudentes
867 5312 921 5374 ad·
1167 5306 1635 5353 sm

40 5385 296 5457 monitiones‚ad
311 5402 404 5461 ouem
420 5387 546 5451 modum
561 5389 654 5451 etiarn
672 5390 759 5469 leges
771 5390 920 5464 Platonis,
1132 5387 1243 5454 Petrus
1563 5392 1678 5455 Paulus

42 5470 98 5531 vel
118 5468 293 5530 Aristotelis
314 5468 354 5531 de
369 5469 543 5547 republica,
569 5471 618 5534 rel
648 5470 739 5534 ldarci
770 5472 861 5535 Tullii
877 5474 919 5535 do
1132 5466 1269 5537 lacobus
1567 5472 1684 5536 llachol

43 5550 164 5612 ciliciis
180 5550 297 5643 serrari
313 5558 454 5628 possent.
471 5553 505 5613 ll
521 5568 624 5633 neque
641 5553 700 5615 hoc
728 5554 789 5617 dici
806 5560 921 5634 potest.
1134 5553 1272 5622 Andreas
1566 5555 1711 5619 Susanna

43 5632 129 5695 Nam
142 5632 232 5711 leges
246 5636 334 5709 istac,
351 5640 551 5713 quaererent
566 5635 717 5715 principis
729 5638 920 5713 auctoritate,
1567 5638 1708 5703 tobanno
