4084 6275
804 409 900 470 tinen
915 406 1090 473 SECUNDUS
1704 407 1753 465 tit

65 537 244 604 3133331333
258 552 297 603 33
310 538 361 617 311,
377 542 433 607 333
444 538 517 623 3313
529 543 675 611 31113333
689 544 801 609 3331331
815 562 924 612 33333
967 551 1068 610 33313
1082 540 1261 625 133313331
1281 542 1499 615 31333313333,
1520 538 1693 626 Baptismus
1710 586 1719 615 ‚
1749 540 1827 605 con·

62 620 200 685 latentur
209 624 417 689 coemeterem
431 642 503 690 esse
516 629 630 706 3113313
644 629 727 693 reale
748 628 924 695 distinctum
968 628 1109 706 1333113,
1120 628 1217 692 Ordo.
1230 627 1392 692 character
1415 625 1607 703 Baptismus
1634 635 1681 689 331
1706 626 1827 704 3333133

64 704 102 765 31
117 704 234 768 33133.
249 706 361 769 833133
376 708 493 771 3311131
506 710 545 775 33
559 714 676 775 rationo
690 712 839 791 probandi
854 712 926 775 cha·
969 718 1116 791 potestas:
1130 713 1200 774 iacit
1214 712 1297 773 enim
1321 708 1476 770 hominem
1491 712 1593 785 aptum
1606 710 1643 770 ad
1656 709 1830 789 suscipien·

62 793 229 859 33313333,
241 804 277 850 33
291 788 367 853 31311
379 806 440 853 333
457 807 549 871 posse
561 794 680 873 probari
702 811 740 857 er
750 796 852 874 311333
864 811 927 859 ma·
970 795 1120 857 3333313
1134 796 1192 857 alia
1208 790 1528 864 3333333313,313133
1544 790 1611 869 1333
1628 792 1709 853 33113
1725 806 1826 854 33333-

64 870 569 952 3313313833131333313311333313,
586 880 633 940 ael
655 875 745 939 etiam
773 894 811 943 er
836 878 927 940 Patri·
972 884 1143 940 mentorum
1158 877 1286 940 aliorum
1307 873 1463 952 susceptio
1492 878 1540 935 est
1568 882 1641 935 rata.
1669 873 1832 936 character

64 951 137 1014 bus:
155 960 257 1014 tamen
272 954 313 1015 nh
324 954 480 1019 Ecclesiae
500 960 708 1024 auctoritatem
733 976 794 1022 non
809 958 929 1023 dubitat
971 957 1095 1023 Ordinis
1110 966 1158 1023 est
1173 960 1266 1022 331133
1279 960 1413 1037 33133133
1427 957 1464 1017 33
1480 957 1675 1017 ministrantia
1688 956 1828 1017 3111333·

65 1046 139 1097 esse
153 1036 360 1099 certissimum
381 1038 444 1100 dari
459 1040 676 1106 characterem.
706 1041 825 1106 Gabriel
840 1042 929 1106 duhi·
972 1049 1136 1105 crementa.
1153 1041 1313 1105 character
1328 1036 1570 1101 confirmationis
1599 1040 1691 1107 hahet
1717 1046 1832 1101 utrum·

66 1118 225 1189 tatetiam,
241 1135 280 1180 33
301 1119 440 1183 Ecclesia
464 1122 495 1185 id
519 1122 683 1199 definierit,
713 1132 814 1188 tamen
829 1126 926 1201 dicit,
972 1141 1045 1204 que:
1062 1126 1132 1189 itam
1148 1130 1179 1186 et
1192 1123 1262 1185 iacit
1276 1128 1380 1199 33133
1400 1120 1437 1184 33
1454 1121 1511 1181 3113
1528 1128 1716 1183 3333333313
1733 1121 1831 1184 33331·

68 1215 140 1262 3333
157 1209 447 1281 praesumptuosum
469 1221 581 1286 333333
596 1208 816 1272 characterem:
834 1208 884 1271 his
899 1225 931 1272 e·
974 1208 1132 1283 pienda,et
1146 1207 1217 1269 iacit
1231 1205 1321 1270 etiam
1336 1210 1439 1283 aptum
1454 1204 1490 1265 33
1506 1202 1706 1281 penitenciam
1723 1202 1828 1266 iidem.

69 1284 136 1343 nina
158 1284 372 1346 rerhisutitur
386 1284 417 1345 13
438 1285 500 1350 iane
521 1289 609 1367 primi
633 1290 731 1353 dubii.
757 1290 875 1355 caeteri
898 1306 931 1353 o·
973 1289 1098 1353 Videtur
1122 1296 1223 1359 tamen
1245 1284 1342 1367 magis
1367 1281 1581 1366 principaliter,
1605 1302 1675 1349 esse
1703 1286 1831 1359 3311333,

69 1380 162 1427 3333
179 1368 357 1429 33333133
373 1366 530 1433 Ecclesiae
555 1373 743 1450 auctoritate,
765 1374 822 1437 sed
841 1375 932 1438 etiam
974 1389 1065 1453 3333
1080 1373 1231 1451 33331333,
1246 1374 1402 1434 character
1416 1369 1475 1445 1313
1488 1365 1744 1432 Condrmatinnie.
1759 1368 1833 1431 iiam

70 1447 243 1527 scripturis
256 1456 287 1510 et
299 1449 451 1526 Patribus,
463 1453 576 1515 docent
590 1455 796 1518 characterem
809 1456 931 1536 probari
975 1456 1043 1518 3133
1058 1455 1117 1518 1313
1132 1457 1309 1518 charactere
1338 1457 1442 1515 tenent
1470 1450 1587 1529 3311333
1617 1458 1805 1519 3333333313
1823 1496 1832 1527 ,

70 1546 179 1609 33333.
194 1529 282 1593 linita
297 1547 372 1613 erpo
385 1531 441 1595 luit
455 1534 535 1597 inter
549 1536 756 1601 Scholasticos
767 1539 907 1619 quaestio
921 1583 930 1616 ,
976 1539 1058 1619 3333
1073 1554 1132 1600 333
1148 1538 1272 1608 3333131
1286 1536 1345 1599 1313
1360 1534 1517 1597 character
1531 1540 1615 1597 esset
1627 1533 1837 1615 principaliter

72 1613 132 1675 nisi
148 1614 190 1674 de
204 1614 295 1678 modo
310 1614 462 1695 probandi
477 1618 695 1683 characterem.
735 1652 738 1656 f
976 1620 1128 1699 33331333,
1145 1622 1224 1683 31331
1238 1620 1395 1683 character
1421 1614 1579 1695 Baptismi.
1605 1615 1662 1676 1131
1675 1621 1773 1680 13333
1787 1618 1839 1681 113

113 1694 231 1759 113333
246 1704 347 1760 33133
362 1697 546 1762 characteris
561 1706 747 1781 acceperunt
768 1700 933 1766 schotastt·
977 1703 1156 1769 notandum.
1172 1704 1262 1765 istam
1276 1698 1442 1780 potentiam
1457 1714 1519 1762 333
1542 1696 1636 1759 313331
1651 1700 1809 1777 physicam
1827 1744 1836 1771 ‚

71 1778 101 1841 ei
117 1777 157 1840 ab
172 1780 358 1859 Augustino,
381 1782 432 1858 331
448 1782 508 1845 133
524 1786 650 1847 333133
673 1785 790 1866 333313
818 1783 933 1847 utitur:
975 1785 1033 1849 sed
1048 1784 1275 1848 moralemiion
1288 1784 1369 1845 enim
1381 1783 1539 1845 character
1550 1779 1670 1859 attingit
1682 1780 1838 1858 ellectum,

71 1860 125 1923 aiii
142 1860 229 1923 enim
239 1870 361 1926 ueteres
377 1868 446 1927 ante
461 1863 812 1945 1333311333313333,
826 1876 878 1929 331
891 1867 933 1929 31·
977 1868 1033 1932 333
1050 1874 1166 1931 133133
1180 1866 1299 1947 3333331
1316 1863 1514 1943 dictiuncula
1529 1863 1718 1942 ubicumque
1734 1873 1782 1927 est
1797 1872 1839 1925 ta·

72 1944 245 2023 33333133
258 1950 380 2021 uocant,
395 1962 456 2009 nnn
472 1948 691 2034 characterem:
706 1964 757 2011 ros
772 1956 873 2013 tamen
885 1964 936 2012 ea·
977 1952 1017 2013 lis
1029 1951 1197 2025 character,
1214 1950 1297 2013 11333
1318 1964 1356 2013 er
1376 1953 1465 2026 pacto
1494 1946 1603 2017 adest,
1631 1953 1661 2007 et
1682 1952 1837 2011 concurrit

71 2028 144 2087 dem
159 2031 221 2089 est.
237 2024 400 2092 character
414 2031 496 2091 3313
512 2045 619 2109 graeca
648 2042 704 2094 333
731 2038 780 2095 331
796 2080 806 2105 ,
830 2038 862 2095 31
875 2033 935 2095 tor·
977 2039 1015 2095 ad
1028 2030 1169 2096 ellectum
1183 2027 1698 2113 supernaturalem.producendum
1714 2074 1723 2105 ‚
1753 2030 1836 2109 3333

73 2124 156 2171 333
171 2108 561 2191 31331113313331133333,
590 2119 623 2177 et
633 2112 765 2176 habetur
783 2115 815 2177 13
829 2114 937 2179 codiee
979 2115 1139 2189 33313311,
1162 2116 1215 2179 uhi
1233 2111 1438 2177 33333113113
1453 2111 1621 2174 character.

72 2192 262 2270 gramatice
276 2208 390 2257 33333
405 2194 614 2273 1383331333
637 2195 730 2259 liebr.
748 2196 777 2258 l.
793 2198 869 2260 3113
885 2213 936 2276 co·
1019 2199 1196 2262 Secundum
1208 2197 1342 2261 cilicium
1357 2196 1501 2257 oriturer
1523 2194 1632 2272 primo.
1655 2191 1731 2266 Quia
1760 2194 1843 2257 enirn

72 2276 145 2337 dice
160 2273 256 2337 latino
270 2276 436 2357 13333133.
454 2277 505 2339 ti.
521 2279 594 2341 licet
606 2295 668 2341 333
684 2280 723 2342 33
737 2280 937 2343 33333333113
979 2280 1036 2344 1313
1049 2281 1183 2359 33133113
1200 2280 1352 2345 333133133
1374 2274 1548 2347 achatem,
1571 2282 1602 2337 et
1628 2280 1676 2337 est
1691 2277 1841 2353 quaedam

71 2356 130 2420 sed
145 2356 187 2417 de
201 2356 270 2421 aliis
283 2357 420 2421 3313313
438 2358 485 2421 113
501 2360 578 2422 13313
594 2370 710 2440 agatur.
979 2364 1066 2443 33331
1082 2362 1274 2443 participatio
1287 2358 1443 2439 potestatis
1459 2354 1582 2427 christi,
1611 2358 1675 2435 331,
1700 2364 1733 2420 31
1760 2374 1844 2421 sum·

113 2438 261 2503 Secunda
276 2441 457 2521 propositio:
480 2440 653 2506 character
666 2460 737 2509 333
751 2448 797 2508 cst
806 2444 934 2519 3313113,
979 2462 1050 2509 mus
1064 2446 1220 2522 sacerdos,
1237 2442 1330 2507 habet
1343 2456 1466 2505 omnem
1482 2446 1663 2519 potestatem
1693 2440 1723 2501 13
1746 2457 1847 2504 sacra·

68 2522 132 2586 aed
142 2520 295 2585 31331313
305 2524 462 2603 33311133.
484 2522 628 2588 iiaecest
643 2527 828 2602 33333313,
845 2527 940 2595 Sento
981 2528 1106 2602 mentis,
1129 2527 1199 2591 ideo
1215 2529 1373 2591 character
1393 2522 1564 2602 3331333331
1591 2537 1649 2584 333
1664 2521 1794 2599 christo,
1812 2533 1844 2588 et

71 2604 267 2667 3111333333
287 2606 438 2685 exceptis.
454 2606 615 2671 herrandus
631 2610 698 2672 ioco
712 2610 804 2693 citato
822 2657 831 2682 ,
847 2610 938 2673 docet
982 2611 1149 2674 similiores
1164 2608 1300 2685 illilacit,
1317 2623 1408 2689 3333
1423 2604 1485 2669 3131
1499 2604 1563 2681 3111,
1577 2603 1630 2687 331
1645 2620 1709 2667 333
1731 2606 1847 2669 haheat

74 2687 287 2750 characterem
302 2704 375 2752 esse
387 2704 444 2751 eos
458 2689 937 2769 331133131333133333313333·
981 2694 1201 2759 characterem.
1668 2768 1673 2776 ,

75 2770 256 2832 venientem
269 2786 309 2833 ex
321 2770 568 2848 depotationoad
584 2780 701 2836 certum
716 2773 938 2854 3113133333·
1006 2798 1010 2805 ·
1025 2774 1159 2853 ’1331133
1175 2772 1307 2838 31113133
1320 2772 1415 2835 331133
1426 2785 1464 2833 ex
1478 2771 1627 2833 seeundo.
1659 2769 1734 2844 11313
1763 2770 1847 2833 eninr

78 2851 119 2914 lis
133 2857 183 2915 est
195 2853 305 2916 relatio
318 2853 349 2916 in
361 2853 550 2929 doctoribus,
572 2856 765 2936 praetoribus
778 2864 839 2919 etc.
855 2856 939 2931 Quae
984 2875 1040 2942 per
1051 2858 1258 2921 characterem
1270 2852 1622 2931 christoconcguramur
1633 2854 1760 2933 speciali
1774 2870 1848 2933 qua·

76 2936 233 2997 sententia
246 2933 295 2998 air
308 2936 505 3016 distinguitur
515 2938 554 2999 ah
569 2938 689 3002 haeresi
705 2940 798 3019 hujus
822 2947 939 3019 tempo·
985 2942 1055 3003 dam
1068 2942 1198 3009 ratione.
1215 2938 1288 3000 indo
1304 2937 1338 3000 lit
1350 2942 1383 3000 ut
1405 2936 1692 3015 31311333331331311
1708 2936 1842 3009 3131113,

76 3017 132 3089 ris,
149 3018 313 3081 313133133
325 3034 472 3099 expresse
486 3019 624 3084 damnata
649 3020 844 3098 13333311113,
860 3037 939 3102 3333
983 3029 1016 3086 31
1028 3024 1232 3087 sacerdotes:
1248 3020 1346 3094 laicis,
1359 3024 1390 3082 et
1403 3017 1472 3081 laici
1484 3016 1681 3081 coollrmatia
1698 3034 1759 3080 333
1775 3034 1849 3081 cona

75 3101 106 3164 31
127 3100 293 3164 113333333
307 3100 412 3166 313333
434 3103 611 3183 331313331,
639 3104 708 3168 3133
729 3104 825 3168 33113
852 3104 941 3168 311133
982 3106 1124 3178 1333113,
1140 3102 1325 3184 31133113311
1351 3117 1445 3166 3333
1461 3100 1633 3184 baptizatis.
1661 3101 1849 3181 1113331133

77 3183 251 3248 docuisse:
266 3183 513 3247 11333311313313
528 3201 591 3249 333
606 3192 718 3268 negant
733 3235 742 3260 ,
769 3203 871 3268 33333
886 3203 940 3250 ne·
983 3189 1166 3266 intelligitur
1179 3204 1234 3251 cur
1245 3185 1382 3264 theologi
1402 3185 1517 3256 dicant,
1540 3183 1747 3246 characterem
1777 3200 1849 3247 3333

79 3283 153 3345 pare
168 3267 559 3346 33333313313311311333
574 3270 681 3333 relatio
695 3270 824 3334 rationis
839 3270 941 3333 1331·
983 3279 1220 3343 sacramentum.
1236 3276 1346 3332 31333
1361 3265 1555 3342 sacramenti,
1573 3267 1781 3346 cumetgnum
1794 3285 1849 3328 er·

76 3349 199 3423 cistris,
215 3364 372 3429 3333333
387 3350 573 3423 3311331113,
590 3353 642 3431 331
670 3369 732 3416 333
748 3359 820 3415 3331
843 3353 939 3430 3333·
983 3362 1103 3418 133333
1118 3353 1159 3416 311
1169 3357 1390 3416 sacramentnm
1407 3354 1544 3423 hatum,
1572 3347 1667 3425 gratia
1696 3350 1796 3412 autem
1809 3350 1850 3412 311

77 3431 131 3494 1311
145 3432 186 3495 33
201 3431 449 3496 ministrandum.
462 3431 594 3497 Pruiode
614 3435 779 3497 concilium
805 3435 941 3499 tridenti·
985 3452 1036 3502 res
1051 3441 1177 3499 tanturn.
1200 3435 1272 3510 iiam
1287 3433 1445 3497 character
1464 3437 1511 3496 cst
1527 3428 1654 3495 31133133
1667 3431 1850 3494 3333333311

77 3531 153 3577 333
164 3529 237 3576 333
251 3513 327 3578 31311
340 3515 500 3577 33311333
522 3517 705 3596 negantibus
719 3519 939 3592 characterem,
986 3519 1156 3592 sensibilis,
1173 3524 1203 3581 et
1218 3521 1264 3581 sic
1279 3517 1391 3579 dicitur
1405 3531 1467 3578 res:
1497 3519 1528 3576 et
1543 3514 1633 3575 simol
1650 3517 1849 3594 3313133333,

78 3596 257 3660 3113133311
271 3613 408 3660 errorem
422 3597 555 3676 3113333
569 3601 726 3674 3333333,
756 3602 824 3663 3133
842 3600 942 3663 33113
985 3601 1172 3681 33331333
1187 3595 1531 3668 siteonsecratusDeo,
1561 3603 1592 3656 et
1619 3595 1729 3658 christi
1758 3599 1847 3661 31133

77 3679 610 3758 3333331333331333331333133.
628 3684 848 3744 characterem.
865 3682 940 3746 Sco·
985 3692 1047 3748 etc.
1062 3684 1156 3746 immo
1170 3684 1260 3744 etiam
1276 3680 1400 3760 gratiae,
1416 3695 1495 3760 3333
1510 3678 1670 3751 33133331,
1687 3681 1736 3743 331
1760 3682 1849 3744 3333·

77 3763 210 3824 1333311
223 3777 295 3824 esse
309 3761 424 3824 realem
438 3763 630 3826 relationem:
645 3765 708 3826 sed
730 3771 814 3829 certe
842 3766 889 3827 313
909 3765 940 3828 13
987 3767 1118 3832 3313131
1136 3770 1302 3844 poneretur
1322 3761 1412 3826 cher.
1460 3762 1463 3770 ’
1496 3814 1498 3820 .
1559 3789 1563 3797 ’

76 3843 205 3907 3313331
218 3850 331 3924 potest.
346 3845 419 3905 liam
433 3846 589 3908 character
616 3846 755 3909 omnium
777 3851 941 3910 ’33333333
1029 3848 1136 3923 Quarta
1154 3846 1333 3928 propositio:
1349 3845 1521 3909 character
1540 3845 1788 3908 annumerantes
1808 3846 1848 3910 13

81 3925 265 4004 producitur
278 3927 496 4005 peractionem
509 3930 941 3994 sacramentalemzaetattaaes
984 3933 1057 3995 3313
1071 3930 1187 3994 naimo
1199 3935 1255 4000 esi.
1273 3935 1441 4010 1313331333
1452 3927 1491 3990 iat
1503 3923 1757 4008 3313331311313,
1776 3943 1848 3990 con·
1911 3995 1914 4006 ,

78 4014 186 4072 33133
201 4022 264 4070 333
279 4009 500 4088 producuntur.
513 4013 567 4073 sed
583 4018 770 4091 3333333331
784 4014 822 4074 33
833 4012 944 4092 produ·
987 4015 1092 4077 uenire
1107 4029 1216 4079 omnes
1228 4013 1438 4076 characterem
1452 4025 1525 4073 esse
1546 4010 1577 4071 13
1593 4009 1691 4070 33133
1715 4012 1851 4074 inhaesi·

80 4091 218 4153 ctionem
230 4090 417 4154 tundamenti
429 4093 569 4170 proximi.
586 4094 742 4157 Praeterea
758 4098 839 4176 3333
859 4101 944 4158 33331
986 4113 1036 4159 re.
1052 4095 1202 4159 Accidens
1216 4095 1298 4159 eninr
1315 4110 1376 4158 nnn
1392 4090 1573 4156 inhaeretin
1588 4092 1774 4166 accidente,
1793 4093 1849 4156 sed

78 4173 313 4238 tundamentum
323 4174 416 4254 hujus
432 4174 605 4238 3313133131
618 4193 690 4240 333
706 4177 858 4239 animaist
872 4185 946 4241 1333
988 4178 1212 4242 insubstantia:
1230 4185 1329 4240 tamen
1346 4183 1446 4255 potest
1460 4175 1605 4240 accidens
1621 4189 1715 4237 unum
1731 4191 1802 4238 3333
1817 4176 1850 4239 13

77 4256 113 4318 13
128 4254 276 4318 3331133
290 4258 468 4320 133131133
483 4266 567 4321 33331
577 4259 742 4322 character.
761 4259 835 4321 1133
851 4259 939 4334 tides,
988 4263 1048 4325 elin
1064 4260 1185 4324 duobos
1200 4261 1311 4324 modis.
1324 4260 1435 4334 Primo,
1451 4259 1522 4338 3313
1551 4257 1704 4320 33313313
1730 4259 1782 4320 1113
1797 4267 1846 4320 est

80 4337 264 4416 3313331131
283 4337 322 4401 At
335 4339 403 4402 3133
415 4341 464 4403 1313
479 4341 636 4404 character
648 4357 720 4406 esse
734 4348 846 4422 potest.
871 4341 944 4405 Scio
989 4343 1021 4406 13
1033 4343 1215 4421 3313133113
1231 4343 1385 4422 3333333
1401 4341 1571 4404 3331333113
1597 4340 1765 4417 3333333113
1777 4349 1851 4404 3331

80 4421 212 4484 Scotum
220 4421 374 4498 quoddam
389 4437 489 4501 penus
512 4423 669 4487 relationis
684 4426 884 4497 constituere,
907 4423 945 4487 ad
989 4428 1020 4489 in
1037 4427 1215 4504 quantitate.
1232 4425 1387 4498 Secundo,
1404 4425 1474 4504 3313
1503 4421 1623 4506 perlicit
1637 4424 1848 4500 operationem

81 4505 168 4582 3333
184 4501 265 4564 33113
274 4518 346 4566 3333
359 4505 467 4584 possit.
482 4505 541 4568 Sed
557 4515 682 4570 333331
705 4508 779 4570 mihi
805 4508 945 4587 proposi·
989 4508 1121 4589 alicujus
1135 4508 1259 4572 atterius
1273 4507 1454 4580 accidentis,
1475 4505 1628 4583 quomodo
1650 4505 1727 4569 11333
1739 4506 1851 4569 3131133

83 4593 149 4648 133
160 4587 219 4648 ista
234 4586 326 4648 tatius
339 4587 509 4666 disputare:
527 4603 627 4670 33333
655 4591 780 4664 desunt,
807 4592 859 4669 331
876 4605 945 4654 sen·
990 4607 1062 4654 3333
1077 4593 1106 4652 13
1125 4591 1294 4662 1313113313,
1310 4604 1384 4669 3333
1412 4595 1443 4651 31
1457 4589 1593 4652 31331133
1623 4587 1655 4649 13
1684 4589 1848 4651 uoluntate.

80 4666 213 4732 tentiam
224 4669 305 4730 iiiam
320 4669 403 4733 Sonti
417 4676 558 4734 accurate
572 4671 778 4735 reiutareriut.
790 4671 878 4736 certe
892 4688 947 4735 nn·
990 4673 1055 4736 1133
1067 4673 1157 4737 3333
1172 4674 1378 4736 characterem
1393 4671 1487 4752 aliqui
1502 4670 1663 4751 33333113
1678 4668 1848 4744 1313113313,

83 4767 159 4812 men
175 4751 276 4828 ipsum
290 4752 489 4827 characteris,
500 4753 706 4827 3333331133,
719 4771 811 4835 3333
825 4755 946 4818 rcletio·
990 4758 1244 4820 3133333333133
1260 4757 1296 4818 ad
1313 4755 1502 4819 exercendos
1517 4759 1602 4816 actus
1617 4752 1802 4816 intellectos.
1814 4755 1852 4814 i·

83 4848 159 4895 333
170 4831 338 4912 significati
351 4834 491 4914 11331333
506 4836 617 4899 33333
631 4836 778 4917 13333331
793 4835 911 4900 Petram
930 4881 939 4912 ,
990 4840 1023 4900 tii
1047 4843 1164 4918 ponunt
1178 4838 1210 4901 in
1225 4839 1391 4900 voluntate:
1422 4836 1492 4917 3313
1508 4840 1613 4914 331331
1629 4835 1795 4914 313333333
1811 4838 1850 4900 33

82 4917 139 4996 331
156 4915 265 4977 313331
277 4914 482 4992 characterem
504 4918 649 4998 imprimi,
673 4926 703 4982 et
730 4919 828 5000 131131,
845 4935 947 4996 33333
991 4921 1181 4994 charitatem,
1197 4935 1275 5000 3333
1290 4927 1338 4983 331
1351 4923 1382 4982 13
1394 4917 1619 4983 uoluntatediii
1636 4925 1754 4997 ponuat
1775 4920 1849 4981 sian·

6 5013 14 5026 ’
84 5013 147 5059 333
160 4998 336 5059 3333333331
360 5005 392 5061 et
405 4999 592 5081 3333133331,
619 5002 791 5065 absolutam
810 5019 877 5065 reru
893 5018 947 5065 nn·
991 5004 1112 5084 pliciter
1126 5003 1158 5064 13
1173 5003 1341 5066 3313133113
1351 5003 1482 5077 331333,
1496 5009 1527 5064 31
1541 5003 1599 5064 133
1614 4999 1732 5062 3133133
1747 5003 1849 5064 333133

82 5081 218 5143 minant.
231 5078 288 5141 Est
301 5080 393 5160 igitur
413 5082 571 5146 character
591 5085 719 5163 qualitas
743 5085 893 5160 absoluta,
910 5101 948 5147 er
992 5086 1062 5166 3313
1079 5101 1139 5148 333
1156 5093 1203 5148 331
1218 5087 1350 5159 1311133,
1368 5086 1415 5148 331
1431 5085 1565 5162 33133113
1579 5082 1745 5162 operativa.
1762 5083 1849 5148 Unda

85 5181 147 5242 333
161 5169 261 5224 13333
277 5163 436 5244 consurgit
449 5166 558 5228 relatio
577 5167 786 5230 similitudinis
808 5169 844 5230 ad
860 5166 946 5231 chri·
992 5169 1122 5232 concilia
1135 5167 1344 5242 corentinum,
1369 5175 1400 5230 et
1422 5168 1619 5233 tridentinum
1647 5165 1764 5242 dieunt,
1791 5166 1849 5229 im·

85 5254 184 5318 stura,
199 5247 249 5307 cui
265 5245 791 5328 333133333333333133313333.
991 5252 1083 5331 primi
1099 5249 1254 5314 1333133.
1719 5251 1721 5258 '

125 5326 228 5390 Tertia
243 5330 424 5408 propositio:
441 5330 614 5396 1113333133
625 5333 690 5396 irin
712 5331 808 5396 hahet
830 5331 947 5414 331313,
1037 5332 1146 5406 Quinta
1176 5332 1357 5412 propositio:
1386 5329 1558 5397 character
1583 5330 1767 5396 indelebilis
1789 5339 1847 5396 cot.

89 5416 207 5489 upton:
218 5410 326 5489 133333
337 5414 384 5475 od
397 5413 520 5476 3311313
540 5415 713 5489 diuinum,
744 5413 945 5494 3333333333
990 5415 1073 5479 11333
1087 5415 1216 5478 1313133
1231 5417 1261 5476 13
1276 5414 1416 5478 conciliis
1441 5417 1577 5491 notatis,
1594 5421 1625 5477 31
1651 5413 1689 5476 31
1704 5415 1849 5481 3331133

90 5493 538 5574 (111313133131311333333311
552 5498 637 5560 oleis.
659 5497 945 5578 113311333131333
991 5498 1179 5562 conceditur.
1195 5497 1280 5559 ilatio
1295 5515 1311 5558 a
1325 5497 1488 5575 posteriori
1504 5504 1574 5572 331,
1604 5497 1674 5577 3313
1701 5505 1820 5562 3333131
1836 5545 1845 5569 ,

90 5576 228 5638 31113133
240 5582 402 5656 33133133
415 5581 527 5642 133333.
543 5581 596 5643 Est
609 5580 692 5643 euim
720 5581 877 5644 character
892 5597 945 5660 po·
989 5585 1177 5644 sacramenta
1198 5595 1276 5658 3333
1288 5578 1465 5658 133313331
1479 5581 1761 5653 31333313333,333
1778 5598 1848 5660 333-

90 5665 188 5722 testas
200 5659 353 5739 3333333
368 5660 537 5741 spiritualis
550 5669 582 5726 et
594 5664 836 5743 supernaturalis
851 5709 860 5738 ,
878 5679 946 5742 par·
989 5680 1026 5727 33
1041 5661 1150 5744 repeti.
1165 5661 1188 5724 1
1203 5662 1295 5742 331331
1311 5662 1423 5726 multae
1438 5663 1570 5726 rationes
1586 5664 1849 5736 adducuntursed

88 5743 145 5804 113
159 5744 269 5820 actira,
284 5742 394 5824 partim
414 5745 546 5825 3333133.
571 5746 644 5810 1133
668 5748 725 5810 tria
752 5747 818 5810 sola
844 5761 944 5810 sacra·
991 5747 1219 5828 potissimnest,
1235 5746 1305 5826 3313
1321 5746 1478 5810 character
1493 5763 1555 5812 nou
1571 5745 1663 5810 hahet
1683 5747 1846 5826 contraria,
