4084 6275
818 407 912 468 liubit
932 403 1077 472 QUINTUS
1721 391 1773 448 lii

15 559 16 562 ’
78 559 125 642 qui
147 553 229 618 milio
251 560 281 615 ot
303 548 444 615 ducentis
466 549 555 612 nonis
578 547 731 612 Caluinum
754 559 931 626 praecesse·
976 536 1118 600 estinter
1132 531 1327 628 religionem,
1344 546 1400 626 scu
1416 528 1517 605 legem
1543 532 1576 588 et
1591 525 1789 621 sacrificium:
1812 528 1844 620 et

78 649 154 707 ruant.
531 655 534 662 ⁴
750 671 754 676 -
976 621 1037 684 boo
1051 619 1232 698 spiiogrsmo
1245 617 1388 678 concludi
1405 619 1517 691 potest.
1543 609 1635 670 'iente
1659 613 1842 688 conjonctio

977 711 1024 764 cst
1039 703 1119 764 inter
1132 699 1246 777 legam,
1263 717 1319 760 seu
1336 695 1518 772 religionem
1533 701 1573 768 et⁴
1589 691 1773 754 sacriticium
1790 705 1844 750 ex·

977 793 1148 846 ternumuc
1162 783 1286 860 proprie
1299 781 1429 847 dietum,
1447 782 1480 838 ui
1495 776 1621 837 omnino
1647 773 1843 844 accessesit,

374 841 510 938 ·G.APUT
531 841 611 906 m·
977 874 1029 930 aut
1043 869 1142 945 legem
1156 871 1188 928 ei
1201 865 1382 944 religionem
1398 875 1469 921 rere
1484 865 1515 920 ei
1530 859 1653 936 proprie
1676 859 1708 917 in
1731 855 1844 918 Christi

14 1001 15 1012 ι
977 949 1115 1012 Ecclesia
1132 965 1192 1012 non
1208 948 1350 1026 reperiri;
1366 949 1417 1006 aut
1438 941 1625 1036 socriilcinm·
1646 955 1771 1035 quoquo
1792 955 1844 1033 oir-

14 1083 16 1094 ·
128 1043 524 1126 thermodoontem
540 1043 656 1124 quiores
676 1044 878 1121 sucrificium
977 1040 1104 1128 ternum·
1128 1038 1160 1093 et
1192 1032 1315 1108 proprie
1347 1021 1847 1168 όιοιιιῖιιεέιιωξὶὲιιόιΊιξὶιιωιὶὶιιυιςιιὲιςιιι

312 1207 315 1214 ’
360 1157 478 1218 mae
502 1151 647 1236 mmuh
976 1113 1576 1277 {3331rssisrtsmtgarrcrrgffgcfflcgioemum
1592 1143 1623 1250 et
1644 1149 1779 1268 proprio·
1798 1186 1843 1248 di·

114 1347 257 1410 iiitimum
274 1351 376 1424 caput,
394 1347 475 1410 unde
502 1348 620 1412 i’oirum
646 1356 831 1418 sententiam
857 1357 934 1422 odeo
981 1289 1303 1439 οιιἰιῗιιιιιιιίιιι)ιιιιιιιι
1318 1358 1475 1438 probetur.
1501 1353 1603 1417 Primo
1629 1369 1667 1414 ex
1690 1369 1741 1424 eo,
1764 1351 1848 1428 quod

77 1429 239 1514 perspicuo
255 1429 481 1506 cognoscimus,
499 1439 531 1493 ut
543 1433 647 1496 nuilus
672 1444 771 1512 pateat
793 1439 935 1502 adverso·
981 1447 1046 1507 iere
1061 1443 1162 1505 omnis
1178 1445 1298 1522 religio,
1315 1457 1369 1502 sen
1386 1456 1469 1508 cera,
1485 1455 1541 1498 scu
1558 1437 1646 1508 laisa,
1669 1436 1754 1497 omni
1781 1437 1850 1496 ioco

77 1517 129 1580 riis
144 1513 256 1582 exitus,
273 1513 331 1606 nisi
349 1511 451 1576 Patres
476 1516 602 1598 omnino
628 1517 778 1596 rejiciant,
806 1524 936 1586 sumitur
982 1536 1013 1590 et
1029 1538 1179 1602 tempore,
1196 1541 1321 1602 semper
1335 1524 1372 1584 ud
1388 1527 1503 1585 cultum
1519 1519 1575 1582 ilci
1588 1517 1740 1581 sacriticio
1762 1517 1848 1578 adbi-

14 1665 15 1670 χ
78 1617 113 1660 ιιι
131 1598 178 1666 iis,
196 1613 253 1676 pro
269 1594 382 1688 quibos
407 1595 590 1689 sneriilcium
616 1608 735 1666 ueteres
757 1602 937 1670 offerebant.
980 1611 1058 1673 buit.
1077 1609 1153 1670 liioc
1168 1611 1251 1669 enim
1267 1607 1421 1684 colligitur
1434 1605 1465 1665 id
1482 1603 1605 1681 prodire
1620 1617 1659 1667 ex
1672 1601 1791 1662 lumine
1818 1603 1849 1658 et

79 1683 148 1744 Nom
165 1679 190 1742 si
209 1679 397 1742 Eucharisito
415 1681 488 1740 utitii
503 1683 753 1754 cssetatiuo,ntst
766 1703 939 1752 soernmen·
981 1694 1126 1756 instinctu
1143 1699 1280 1762 naturae,
1310 1694 1341 1749 et
1354 1704 1424 1750 esso
1441 1689 1572 1764 primum
1588 1683 1742 1760 quoddam
1769 1682 1852 1759 prin·

78 1773 152 1836 tum,
165 1770 251 1825 certo
267 1777 328 1824 non
346 1761 507 1837 prodesset
523 1765 579 1826 nisi
596 1771 728 1830 stirnenti
756 1777 787 1832 et
811 1775 938 1836 mundu·
983 1778 1096 1854 cipium
1113 1791 1128 1833 a
1144 1773 1208 1834 ileo
1224 1772 1314 1834 nohis
1329 1771 1512 1846 ingenitum.
1529 1766 1742 1829 i'aisissimom
1763 1764 1851 1825 enim

75 1843 438 1938 caindi3uuemadmodum
454 1843 627 1926 baptismus
641 1867 700 1914 non
717 1854 785 1916 nilis
800 1857 936 1932 prodest.
984 1867 1043 1927 est,
1058 1856 1140 1936 qrtrrd
1157 1857 1230 1917 dicit
1245 1855 1428 1923 liemnitius,
1442 1853 1544 1913 uthoc
1557 1854 1774 1929 argumentum
1785 1847 1851 1908 eiu·

43 1947 46 1956 ·
75 1947 163 2005 (ruam
180 1931 231 2004 iis,
250 1943 302 2007 qur
318 1925 518 2002 baptizantur.
536 1929 620 2004 Quod
637 1936 760 2009 cuidem
774 1937 937 2000 adversarii
985 1943 1081 2004 datin
1097 1939 1128 2000 2.
1147 1955 1211 2016 por.
1228 1934 1328 2000 erum.
1345 1953 1414 2015 pag.
1433 1934 1504 1999 itt.
1528 1932 1619 1994 'hunc
1644 1947 1716 1994 csso
1742 1931 1852 1993 instin-

14 2063 15 2070 ,
75 2029 134 2074 non
151 2018 280 2090 negant:
297 2012 389 2072 immo
401 2009 572 2090 Phiiippus,
587 2013 739 2092 Calvinus,
753 2020 937 2093 iiemnitius,
985 2030 1067 2086 ctum
1083 2029 1209 2084 naturae
1225 2027 1398 2099 corruptae,
1415 2022 1558 2095 quaeest
1576 2015 1648 2077 tons
1668 2021 1699 2076 et
1711 2014 1797 2075 radix
1822 2029 1855 2072 o·

75 2104 104 2156 et
118 2095 169 2156 aiii
187 2101 280 2154 totam
297 2097 533 2160 controversiam
549 2097 628 2158 inter
643 2117 700 2162 nos
730 2111 759 2164 et
772 2107 855 2180 ipsos
868 2121 939 2166 esso
981 2108 1101 2168 mnium
1117 2105 1383 2182 suprestitionum.
1400 2101 1471 2164 ilem
1494 2100 1553 2162 etsi
1580 2105 1685 2159 natura
1713 2100 1856 2173 corrupta

14 2227 15 2238 ,
75 2179 193 2250 dicunt,
210 2175 257 2240 hn
274 2174 467 2238 Eucharistia
482 2195 542 2242 non
559 2181 657 2244 solum
674 2184 786 2248 debeat
799 2187 941 2254 distribui
985 2205 1087 2252 revera
1098 2187 1272 2258 iunscst‚ao
1283 2187 1337 2247 ioli
1348 2179 1855 2246 idololotriaoeioiiarumomnium

76 2259 347 2330 morrducantibus,
360 2259 421 2350 ‘sed
438 2261 527 2324 etiom
544 2262 644 2326 oiierri
669 2283 722 2342 pro
748 2269 847 2332 salute
869 2271 941 2332 allo·
987 2271 1252 2348 superstitionum:
1269 2277 1369 2330 tamen
1386 2283 1456 2328 cum
1472 2281 1586 2326 omnes
1598 2271 1709 2342 gentes
1733 2261 1764 2322 in
1792 2277 1855 2322 uno

75 2360 155 2410 rum,
173 2350 240 2406 tum
258 2343 433 2416 nitentium,
451 2349 513 2405 ium
528 2355 728 2410 mortuorum:
746 2352 775 2412 id
792 2352 873 2414 enim
890 2369 941 2427 po·
987 2356 1091 2432 aliquo
1105 2351 1257 2431 principio
1270 2350 1478 2417 conveniunt,
1496 2347 1527 2408 id
1543 2348 1612 2408 sino
1627 2345 1721 2407 dubio
1736 2360 1797 2406 non
1820 2359 1857 2404 ex

14 2489 15 2494 ,
76 2429 189 2488 sterius
216 2426 254 2488 ad
281 2422 474 2490 verissimum
497 2429 682 2494 soeriiicium
704 2437 859 2511 periinere
880 2452 941 2498 non
988 2437 1184 2513 corruptione
1208 2441 1355 2506 naturae,
1388 2434 1444 2494 sed
1460 2447 1497 2492 ex
1512 2430 1595 2491 bono
1609 2436 1747 2498 naturae,
1764 2427 1856 2496 idest,

74 2508 227 2570 dubilflm·
989 2537 1029 2582 en
1042 2537 1080 2582 eu
1096 2519 1213 2580 lumine
1229 2519 1340 2594 prodii,
1357 2515 1439 2594 quod
1455 2515 1536 2576 ileus
1551 2512 1596 2574 iiii
1612 2511 1755 2583 inseruii3
1777 2524 1858 2586 quae

115 2589 183 2654 Jam
202 2606 276 2653 nero
293 2592 395 2656 Patres
410 2607 471 2654 non
494 2595 594 2656 seium
622 2596 652 2658 in
680 2596 811 2677 liturgiis
833 2600 943 2672 citatis
988 2604 1072 2666 enim
1088 2615 1126 2662 ex
1140 2601 1338 2678 corruptione
1353 2599 1518 2676 prodeunt,
1534 2611 1597 2658 non
1612 2599 1685 2655 sont
1701 2593 1811 2656 eadem
1827 2609 1858 2651 a·

76 2673 212 2736 niierunt
227 2673 450 2738 Eucharistiam
467 2693 522 2754 pro
538 2680 674 2754 peccatis
703 2681 837 2745 virorum
852 2689 882 2744 et
893 2685 946 2744 de·
989 2688 1051 2764 pud
1065 2699 1186 2745 omnes.
1202 2681 1308 2761 Itaque
1324 2680 1423 2742 ileum
1438 2695 1520 2746 esse.
1536 2677 1701 2739 colendum
1724 2675 1858 2744 essedu-

72 2757 264 2824 iunctnrum.
280 2773 336 2836 pro
347 2775 434 2836 pace,
452 2775 507 2835 pro
523 2760 744 2828 incolumitate,
767 2779 821 2844 pro
847 2765 943 2829 omni·
991 2767 1159 2828 vocandum
1174 2779 1258 2837 esse,
1275 2765 1319 2826 ilii
1337 2761 1486 2824 sacrificia
1502 2759 1715 2829 deterenda,et
1734 2758 1859 2828 similia,

71 2839 130 2900 bus
146 2835 290 2918 deniquo
307 2842 557 2917 necessitatibus,
576 2849 637 2906 turn
654 2847 943 2922 spiritualibus,tum
990 2865 1069 2930 qrrne
1085 2850 1115 2910 in
1131 2863 1246 2926 genere
1262 2846 1341 2922 apud
1357 2859 1468 2906 ornnes
1483 2851 1566 2916 sunt,
1590 2849 1620 2903 et
1645 2856 1771 2919 sempor
1793 2840 1859 2901 iue-

73 2923 316 2999 temporaiihus:
333 2925 387 2984 sed
404 2926 493 2986 etium
510 2924 540 2986 in
557 2927 626 2988 aliis
641 2928 730 2990 libris
756 2930 869 3006 passim
892 2931 946 2992 do·
991 2939 1063 2996 roni
1076 2932 1197 2998 eodem,
1214 2944 1250 2990 ex
1265 2930 1347 2990 bono
1364 2935 1489 2989 naturae
1505 2933 1589 2988 sunt.
1616 2926 1654 2986 tt
1679 2923 1761 2985 ileos
1772 2943 1776 2950 ·
1789 2939 1860 2985 esse

71 3014 157 3076 cent,
176 3005 207 3064 id
226 3003 293 3066 ileri
309 3005 435 3082 deheim
453 3023 531 3082 onae
547 3011 719 3073 testimonio
736 3012 810 3074 inira
828 3029 884 3076 suo
901 3013 943 3074 lo·
992 3015 1116 3088 multos,
1132 3013 1260 3074 colenda
1284 3011 1378 3087 idola,
1404 3009 1625 3070 sacrificandos
1649 3007 1804 3076 homiues,
1831 3011 1863 3066 et

71 3105 106 3149 on
122 3087 312 3149 adducenda
328 3097 429 3159 erunt.
446 3105 516 3153 oum
532 3093 568 3153 od
585 3108 650 3157 eum
668 3097 878 3173 quaestionem
896 3112 944 3157 re·
992 3099 1050 3161 aiia
1066 3113 1143 3177 quae
1169 3090 1383 3173 multipliciter
1407 3092 1572 3164 variantur,
1602 3105 1640 3151 ex
1664 3089 1862 3167 corruptione

72 3173 217 3231 norimus
237 3216 245 3242 ,
278 3174 358 3233 sitne
389 3174 448 3234 hoc
476 3174 659 3239 sacriilciutn
688 3180 944 3257 propitiatorium.
992 3188 1076 3246 sunt.
1092 3180 1251 3242 Praetereo
1268 3179 1297 3239 id
1314 3176 1397 3255 quod
1411 3192 1450 3237 ex
1463 3178 1606 3253 corrupta
1625 3179 1729 3234 natura
1747 3171 1862 3250 prodit,

70 3252 201 3314 interim
228 3259 331 3315 notem
359 3272 459 3329 unce,
486 3266 538 3319 out
561 3260 637 3320 atter
663 3276 700 3322 cx
726 3261 864 3337 patribus
885 3260 947 3323 sui·
993 3280 1055 3327 non
1071 3269 1119 3323 est
1133 3276 1299 3323 commuue
1316 3260 1406 3321 bonis
1422 3265 1454 3318 et
1468 3259 1568 3327 motis,
1586 3271 1645 3316 nec
1670 3272 1686 3315 a
1713 3254 1778 3315 lieo
1793 3269 1863 3333 pro·

71 3336 191 3399 silini·
798 3336 800 3343 ¹
988 3342 1489 3412 bator.htsacriileondnmesse,
1521 3341 1607 3401 mulii
1623 3339 1731 3417 optimi
1747 3344 1778 3399 et
1792 3353 1862 3398 san·

112 3420 261 3480 ioannes
287 3419 520 3496 chrysostomus
546 3423 630 3487 born.
658 3422 709 3487 tit.
736 3424 773 3485 od
796 3424 945 3503 populum
990 3428 1120 3490 ctissimi
1136 3426 1191 3487 riri
1206 3430 1405 3493 censuerunt,
1441 3430 1474 3484 ut
1498 3423 1571 3491 lici,
1599 3422 1763 3490 Abraham,
1790 3420 1862 3489 iob,

71 3502 319 3563 Antiochenum:
336 3500 450 3576 Alteri,
468 3504 579 3582 inquii.
606 3507 757 3570 astetens
781 3508 944 3570 socordes.
993 3508 1234 3577 Melchisedech,
1252 3511 1283 3567 ot
1297 3506 1379 3569 licus
1393 3506 1463 3582 ipso
1477 3504 1626 3568 sacrificia
1640 3503 1821 3580 approbarit
1833 3508 1865 3564 et

71 3601 130 3662 pro
147 3590 318 3647 terrorum
332 3584 418 3649 orbe.
435 3588 603 3665 episcopia.
625 3605 686 3667 pro
712 3590 866 3659 ecclesio.
887 3606 948 3669 pro
992 3593 1086 3673 jussit
1100 3591 1190 3653 etlam
1205 3590 1283 3651 lieri:
1300 3605 1361 3651 non
1378 3588 1471 3666 igitur
1494 3604 1532 3648 ex
1560 3588 1759 3664 corruptione
1777 3592 1864 3646 natu·

71 3665 338 3743 gubernantibus
354 3668 533 3733 Ecclesium
540 3670 676 3751 jubetur
689 3670 753 3735 lico
769 3670 892 3753 offerre.
912 3672 947 3734 tit
993 3691 1046 3739 rae
1062 3674 1158 3735 oritur
1170 3671 1363 3735 sacrificandi
1378 3670 1555 3733 instinctus.

73 3750 185 3811 irontil.
205 3750 260 3813 72.
276 3751 307 3811 in
324 3750 428 3813 iiatth.
447 3754 531 3813 addit
545 3751 647 3816 oiierrr
669 3758 759 3818 etiam
787 3770 841 3833 pro
865 3755 949 3817 iniir·
1037 3756 1184 3818 Probatur
1197 3755 1337 3818 seeundo
1351 3752 1460 3816 eadem
1476 3751 1656 3831 propositio.
1669 3749 1865 3811 Sacrtilciom
1910 3760 1918 3772 ·

73 3834 144 3903 anis,
164 3850 224 3912 pro
240 3836 338 3905 sonis,
354 3850 409 3912 pro
426 3840 523 3897 terrae
538 3836 697 3901 fructibus.
721 3837 834 3900 Homil.
850 3838 902 3901 tt.
918 3838 949 3901 ιιι
996 3856 1066 3901 cum
1083 3842 1149 3915 ipsa
1165 3838 1316 3917 reiigione
1332 3842 1435 3898 notum
1452 3842 1547 3898 estet
1560 3850 1630 3897 oum
1646 3833 1697 3894 iiia
1712 3834 1864 3911 extingui·

75 3923 154 3989 acta,
173 3924 206 3976 et
223 3916 281 3978 lib.
298 3917 328 3977 ti.
346 3918 385 3979 du
399 3918 583 3993 sacerdotio,
601 3929 631 3983 et
656 3920 731 3983 etthi
757 3920 841 3983 addit
861 3920 951 3983 enan
997 3929 1057 3997 iur;
1073 3929 1121 3983 est
1134 3922 1227 4001 igitur
1242 3922 1322 3983 inter
1336 3934 1372 3982 ea
1387 3918 1567 3997 conjunctio
1591 3918 1744 3994 quaedam
1772 3916 1865 3992 plane

75 4016 130 4074 pro
148 4000 297 4060 mortuis.
314 3998 503 4078 Augustinus
524 4003 580 4063 lib.
608 4003 660 4065 22.
686 4006 725 4065 do
751 4000 876 4067 diritate
899 4003 952 4067 liei
997 4005 1185 4069 necessaria.
1203 4001 1399 4065 hrttccedcns
1413 4008 1506 4078 patet.
1523 4000 1596 4061 lium
1612 3998 1864 4079 primihomtnes,

75 4098 144 4155 cap.
162 4081 196 4143 8.
215 4081 358 4145 scribito
375 4084 441 4145 suis
457 4084 647 4163 presbyteris
674 4086 809 4149 oblatum
838 4085 952 4148 sacrifl-
999 4088 1051 4167 qui
1067 4086 1315 4151 ileum-coluisse
1330 4086 1487 4163 leguntur:
1517 4083 1585 4144 Filii
1612 4082 1716 4143 idami
1743 4082 1868 4143 luerunt

75 4166 157 4225 cium
174 4164 394 4227 Eucharistiae
410 4181 465 4237 pro
488 4170 582 4229 modo
608 4168 763 4231 liberando
790 4188 805 4231 a
831 4170 953 4231 doemo-
1002 4170 1229 4245 coinctthe13
1246 4168 1290 4229 illl
1306 4174 1408 4231 nutem
1423 4164 1574 4228 sacrificia
1591 4165 1743 4227 obtulisse
1758 4164 1866 4241 legun·

74 4264 147 4307 num
166 4248 348 4317 renotione,
364 4248 466 4311 etiib.
489 4248 519 4310 ii.
549 4248 783 4315 Coniessionum
809 4268 877 4331 oop.
902 4251 952 4313 ib.
1001 4259 1051 4315 tur
1065 4253 1179 4316 (teneo.
1195 4252 1226 4313 i.
1244 4250 1362 4313 Deinde
1380 4249 1495 4311 mundo
1511 4248 1725 4327 perditurium
1738 4246 1864 4316 abolito,

76 4331 199 4401 scribit,
217 4329 408 4393 socriiicium
425 4348 478 4409 pro
501 4340 596 4395 matre
622 4352 676 4397 sua
703 4334 844 4397 defuncta
869 4333 953 4396 obio-
999 4352 1069 4399 eum
1082 4336 1192 4397 iterum
1205 4340 1403 4396 renovaretur
1412 4332 1628 4410 reiigio‚simui
1641 4334 1782 4412 renovata
1795 4337 1868 4391 sunt

76 4418 151 4474 tum.
169 4412 208 4475 ht
225 4419 428 4488 deputemus
444 4430 557 4477 merom
575 4432 646 4479 esse
662 4418 886 4480 caeremoniam
900 4432 955 4495 pro
1004 4418 1155 4481 sacrificia
1170 4434 1226 4497 per
1240 4417 1302 4479 Noe
1317 4416 1432 4478 (lenes.
1447 4412 1479 4476 8.
1496 4422 1527 4476 et
1541 4414 1655 4478 deindo
1670 4428 1741 4474 com
1757 4412 1798 4474 ob
1819 4427 1866 4473 tu·

75 4494 238 4558 deiunctis
253 4494 378 4568 oberte,
394 4496 461 4574 ipse
476 4498 557 4559 idem
575 4498 605 4562 iri
621 4500 797 4564 Enchirldio
810 4500 955 4576 capitii.
1002 4498 1535 4580 riospersequutionesreligiocera
1546 4499 1575 4558 in
1586 4497 1757 4575 periculum
1771 4494 1867 4557 addu-

76 4578 200 4655 soribit,
220 4578 355 4641 bostium
373 4580 452 4641 hanc
468 4596 524 4655 pro
536 4598 596 4645 nou
614 4584 700 4645 vuido
722 4584 810 4645 maiis
837 4584 957 4661 propio·
998 4584 1391 4662 oeretnr,nihiiprophetae
1404 4579 1866 4659 mugisiamentahoniur,quom

77 4661 196 4723 tionem
214 4676 305 4723 esse.
323 4661 384 4725 Sed
400 4664 439 4725 de
456 4664 494 4727 iis
508 4668 595 4727 sotis.
612 4665 644 4727 Si
667 4666 736 4744 quis
762 4670 862 4729 nutem
886 4665 958 4725 reiit
999 4666 1219 4731 sacrificiorum
1234 4665 1451 4732 cessationem.
1468 4662 1499 4724 3.
1517 4663 1591 4741 iieg.
1625 4661 1675 4723 iii.
1702 4660 1802 4734 innuit
1827 4657 1866 4720 Ε-

80 4744 337 4809 testimoniorum
358 4744 553 4825 farraginem,
584 4748 665 4829 legat
691 4748 838 4811 ioannem
866 4750 956 4813 Gare·
999 4752 1068 4811 lios.
1085 4749 1332 4824 dereliquerunt
1344 4754 1479 4826 poclum
1496 4752 1590 4808 ιιιιιιιι
1602 4744 1664 4823 filii
1679 4740 1792 4811 iorodi,
1816 4744 1864 4804 ci·

78 4827 170 4891 tion.
1001 4833 1089 4896 tanc
1103 4841 1162 4895 occ
1175 4834 1409 4894 uerrucarum
1423 4830 1640 4907 etpcopneras
1664 4827 1867 4889 occiderem.

642 4946 646 4957 ·
999 4916 1176 4990 2.i‘arolip.
1195 4914 1361 4993 i5.lnqoit
1385 4916 1520 4976 dearias:
1552 4910 1747 4973 ιιιιιιιιιὸιιιιι
1770 4908 1869 4970 multi

406 5022 410 5031 ·
506 5006 513 5025 '
1001 5000 1072 5060 dies
1085 5000 1123 5061 in
1137 4993 1239 5060 incudi
1254 4998 1375 5075 ubsque
1386 4996 1451 5057 ileo
1475 5009 1551 5059 cero
1566 5000 1597 5057 et
1611 4992 1736 5071 chaque
1760 5006 1869 5055 eccer-

419 5064 538 5129 CM'UT
559 5066 626 5129 xx·
1001 5082 1086 5152 octe,
1102 5081 1232 5145 doctore
1246 5088 1276 5143 et
1289 5079 1412 5159 corque
1424 5078 1504 5156 iege.
1521 5077 1658 5141 Danielis
1673 5076 1703 5137 3.
1719 5074 1866 5155 inquiunt
1960 5136 1974 5165 ·

1001 5172 1064 5225 tres
1078 5164 1175 5227 sancti
1191 5165 1291 5242 pueri:
1308 5164 1380 5224 iioo
1393 5170 1439 5225 est
1461 5164 1500 5225 in
1526 5170 1668 5238 tempore
1690 5160 1750 5223 itoo
1773 5159 1865 5235 prin·

1001 5262 1073 5324 cepo
1088 5253 1118 5309 et
1131 5248 1204 5309 dum
1217 5251 1247 5309 ei
1259 5245 1430 5324 propheto.
1445 5260 1553 5325 neque
1566 5244 1865 5312 holocaustumme·

110 5277 284 5341 Probatur
297 5272 497 5355 sacrificium
508 5276 627 5339 misene
642 5278 924 5361 eceoog'unctionc
1158 5330 1216 5343 ..
1515 5329 1522 5343 .
1685 5327 1691 5340 .
1810 5326 1814 5334 .

1001 5345 1064 5407 que
1076 5328 1286 5407 coemtionem,
1300 5344 1407 5408 neque
1421 5327 1664 5406 minimaeque
1678 5338 1863 5395 incensum,

375 5382 453 5462 legis
469 5388 498 5444 et
522 5382 692 5460 sacrificii.
1002 5428 1110 5491 necere
1125 5413 1214 5474 iocus
1226 5413 1450 5491 primiticmtm
1464 5412 1557 5489 opud
1577 5417 1617 5480 te,
1645 5416 1682 5471 ut
1704 5407 1866 5487 poscimus

138 5536 143 5545 .
1001 5490 1799 5558 inveniremicericordiomtunm.bibantei.12.
1822 5488 1867 5547 di·
1920 5552 1929 5569 ,

118 5574 222 5639 Venio
239 5588 327 5637 nuno
341 5572 379 5639 ed
395 5580 587 5654 argumente,
603 5590 683 5655 quae
697 5592 735 5639 ex
750 5575 816 5656 ipsa
840 5575 958 5640 ratione
1003 5578 1081 5639 citor
1095 5576 1299 5641 Antichristus
1313 5577 1472 5640 ablaturus
1494 5577 1570 5657 juge
1596 5574 1793 5646 sacriilcium,
1821 5570 1867 5632 ni·

17 5698 20 5757 ,
79 5654 317 5737 Scripturarum
333 5661 365 5719 et
376 5654 495 5723 latrum
508 5658 641 5723 lectione
653 5659 799 5723 instructa
813 5658 875 5739 peti
889 5674 959 5737 pos·
1003 5661 1126 5736 mirum,
1143 5668 1176 5721 ot
1190 5660 1372 5741 religionem
1387 5660 1512 5740 ponitus
1527 5659 1624 5724 tollat.
1636 5654 1867 5749 beniqnedpo·

17 5800 19 5845 Ι
79 5748 165 5819 sunt,
183 5740 293 5809 Primo
308 5738 383 5805 ratio
398 5740 569 5809 desumitur
584 5758 621 5809 ex
635 5742 866 5825 conjonctione,
879 5758 958 5825 quoe
1004 5744 1115 5809 stoim.
1130 5742 1226 5810 liebr.
1243 5744 1273 5811 ι.
1289 5744 1376 5821 dicit,
1392 5744 1544 5827 poputum
1559 5743 1618 5811 sub
1633 5740 1807 5808 sacerdotio
1822 5736 1867 5803 tc·
