4084 6275
312 368 363 424 iob

241 503 417 584 diligentiae
433 502 567 565 oninium
584 500 823 563 Christianorum
839 502 870 562 in
887 504 1099 565 conservanda

240 585 349 648 Christi
363 602 502 663 eorpnre:
523 584 605 653 Veia,
623 584 732 661 inquit,
761 600 817 645 aaa
832 585 1009 646 ariraonere
1024 587 1097 649 reli·

238 670 344 747 gionis
358 675 480 731 nestrae
501 668 669 745 exemptis:
681 669 802 741 arastis,
828 668 885 745 gni
900 667 1019 728 diuinis
1032 686 1099 749 rag·

238 753 342 814 aleriis
361 753 513 812 interesse
528 750 745 821 consarcinatio,
761 750 922 829 quomado
946 766 1021 811 ωττττ
1046 769 1099 813 erc·

237 836 359 912 seipitis
374 850 489 911 eonius
502 833 640 902 Domini,
657 848 733 893 ωττττ
747 835 837 894 ouini
848 833 989 903 conicio,
1006 841 1035 894 et
1047 852 1098 896 cc·

238 919 410 980 iteratione
419 916 609 984 serentisme
622 932 664 976 cm
679 930 715 975 eo
729 930 849 992 parum
860 916 942 995 quid
954 917 1096 989 decidui,

237 1014 280 1061 ne
295 999 474 1061 consecrati
487 999 635 1060 nrrrneris
651 998 781 1075 aliquid
804 997 996 1072 dilabatur,·
1026 1017 1096 1061 reas

239 1082 391 1144 enimncs
404 1082 545 1152 creditis,
564 1088 592 1141 et
605 1087 690 1141 reete
702 1081 850 1150 creditis,
876 1081 906 1142 ei
926 1082 1098 1159 quidinde

236 1180 296 1245 por
309 1164 541 1242 negligentiam
555 1164 695 1225 decidet.
711 1163 794 1225 llaec
808 1163 873 1225 ilie.
890 1162 981 1223 Porro
993 1165 1098 1225 adrer-

238 1246 320 1319 snrii,
338 1262 438 1324 neque
453 1262 566 1325 eorpus
581 1245 700 1307 Domini
730 1253 862 1318 serrant,
887 1262 955 1305 cum
982 1262 1044 1307 non
1068 1264 1098 1307 a·

238 1334 635 1408 gnoscantsacramentunr,
652 1328 711 1389 uisi
734 1329 765 1389 in
782 1344 857 1393 usu.
871 1342 974 1406 neque
988 1344 1098 1390 eonsc-

239 1418 450 1490 ananiaeque
467 1428 536 1472 reos
551 1426 586 1472 se
603 1418 718 1487 putant,
749 1410 776 1471 si
795 1410 868 1487 guid
898 1410 1096 1488 diaspenis,

237 1502 288 1554 aut
301 1494 361 1554 vini
373 1494 404 1554 in
420 1501 530 1555 terram
545 1492 643 1555 eadat.
658 1493 695 1554 Et
707 1494 813 1554 merito
829 1483 894 1553 nori
906 1496 1096 1573 putantquin

238 1576 314 1637 nilril
330 1576 386 1637 nisi
401 1591 510 1653 panem
529 1576 654 1637 babent:
678 1582 708 1636 nt
722 1575 748 1635 si
764 1590 834 1636 rere
847 1590 960 1652 eorpus
974 1575 1097 1637 Domini

237 1658 396 1726 baberent,
413 1664 464 1719 aul
481 1657 595 1720 trabere
624 1676 658 1719 se
681 1660 856 1725 crederent,
879 1664 963 1718 certe
987 1661 1034 1719 rel
1052 1661 1095 1719 di·

237 1741 440 1819 ligentissime
455 1747 695 1806 conservarent.
712 1747 745 1801 ut
760 1755 884 1818 semper
899 1738 1036 1802 Ecclesia
1053 1743 1093 1803 ie·

235 1826 286 1897 rit,
303 1831 355 1885 aui
369 1840 404 1885 se
419 1830 524 1898 aperte
538 1824 648 1901 impios
671 1830 701 1882 et
716 1824 883 1900 sacrilegos
900 1828 1092 1887 testarentur.

235 1906 276 1966 dd
299 1906 358 1967 boc
373 1907 591 1972 testimonium,
608 1913 641 1966 ut
656 1906 745 1965 etiam
761 1907 797 1966 ad
812 1920 959 1983 sennenn,
974 1922 1035 1967 non
1053 1912 1092 1969 ui·

234 1989 265 2049 di
281 1990 515 2066 responsionem
539 1988 792 2049 adversariarum.

273 2070 409 2134 Alterum
425 2071 630 2131 testimonium
648 2070 788 2148 Origeeis
804 2074 850 2129 est
865 2070 896 2130 in
921 2070 1029 2133 bomil.
1060 2072 1090 2133 3.

234 2153 263 2213 in
280 2154 399 2214 diversa
411 2154 487 2216 icen
503 2154 663 2229 evangelii,
681 2154 711 2213 in
727 2170 785 2227 aua
802 2159 907 2213 tractat
928 2154 966 2213 de
995 2170 1091 2231 puero

233 2235 439 2297 Oenturionis:
460 2234 596 2311 Quando
616 2243 766 2296 sericium
791 2234 922 2305 cibrrnr,
944 2236 1092 2317 iiiudgno

231 2319 588 2396 incormrp'nnraceipis
600 2319 881 2397 eperirrnr.qnando
895 2319 979 2379 ritae
993 2336 1091 2396 parra,

232 2401 390 2477 etpoculo
405 2400 538 2477 saneris.
563 2402 745 2463 manin-cas
781 2408 808 2461 et
838 2399 917 2461 bibio
932 2418 1049 2479 eorpus
1064 2408 1092 2465 ei

230 2486 423 2561 sanguinem
440 2484 579 2545 Domini.
608 2490 684 2545 tunc
713 2484 869 2544 Dominus
890 2482 950 2545 aab
976 2492 1091 2549 tectum

231 2573 323 2627 terrem
342 2568 538 2643 ingreditur.
554 2567 593 2627 lit
607 2574 642 2627 tn
666 2582 741 2641 ergo
769 2566 948 2628 tmrnitians
971 2572 1088 2630 tenenti·

230 2664 336 2724 perena.
353 2650 481 2710 inritare
496 2648 584 2710 irene
601 2649 844 2712 Centrerianem.
860 2656 890 2711 ct
904 2650 1015 2725 dieiio;
1031 2651 1089 2712 Do-

230 2732 319 2792 mine
333 2746 403 2793 eron
430 2746 503 2791 sum
529 2731 669 2809 aignan.
700 2740 742 2792 at
760 2732 862 2793 intres
886 2732 945 2792 sub
971 2738 1089 2797 iectrrnr

228 2828 348 2875 merem.
366 2813 421 2874 ibi
432 2814 664 2887 eninrindignc
678 2815 872 2891 ingredimar,
887 2814 934 2875 dri
944 2818 989 2876 ad
997 2816 1088 2892 jndi-

229 2898 316 2957 cium
331 2896 516 2975 ingreditur
530 2898 714 2974 accipienti.
734 2897 815 2958 llaec
831 2897 893 2957 itte.
921 2898 1000 2958 Sane
1031 2901 1086 2959 ista

230 2994 290 3039 non
304 2983 434 3056 possunt
448 2983 531 3039 recto
544 2980 605 3039 diei
622 2982 679 3038 nisi
697 2978 737 3040 de
752 2994 823 3038 arro
841 2994 969 3056 corpore
986 2980 1088 3042 Dami-

229 3061 272 3133 ni,
289 3061 371 3140 good
394 3076 464 3121 rere
479 3076 533 3122 ere
559 3062 696 3140 eorporis
711 3060 886 3139 accipiatur.
911 3061 982 3122 Naar
1000 3066 1025 3123 si
1044 3065 1086 3124 lu·

229 3151 375 3221 qneretur
389 3143 539 3223 Origenes
554 3145 593 3205 dc
608 3159 738 3222 corpore
751 3144 868 3205 Domini
885 3150 940 3223 por
952 3153 1087 3226 meteny-

846 366 887 421 Dli
907 362 1129 423 Stcttttttln'l'o
1149 362 1394 422 ittittttttsttnti

1147 516 1219 581 erga
1232 502 1340 563 eadem
1358 501 1448 562 modo
1463 510 1532 563 rora
1546 514 1616 561 earo
1633 498 1721 561 nobis
1736 500 1824 562 datur
1839 498 1869 562 in
1885 499 2005 563 Eucha-

1146 585 1337 662 risitaqunur
1351 598 1412 644 rren
1428 582 1530 657 dabat,
1547 585 1603 645 sed
1619 583 1649 644 in
1665 583 1836 662 aenigmate
1851 582 2004 663 signitica-

1145 668 1196 728 lrnt
1210 668 1315 728 linana
1331 664 1528 727 iudaeorum.

1187 750 1229 811 dd
1246 751 1329 811 bunc
1347 749 1447 809 lorum
1460 748 1651 827 respondent
1667 748 1845 816 adversarii,
1860 764 1897 809 ae
1913 748 2003 809 mari·

1146 848 1193 893 me
1209 832 1316 893 Petrus
1331 832 1485 911 martyria
1502 832 1581 893 libro
1592 838 1695 893 contra
1709 831 1909 892 Gardirrerunr
1927 838 2002 908 part.

1144 914 1175 975 i.
1192 914 1355 993 Origenem
1379 915 1462 994 loqui
1478 914 1517 976 de
1532 915 1622 975 modu
1634 916 1792 993 loquendi,
1810 930 1871 976 non
1887 913 1928 974 de
1944 914 2002 974 eni·

1145 999 1254 1059 stantia
1271 1014 1385 1067 rorum,
1409 998 1500 1065 idest,
1524 1012 1665 1059 asserere
1694 995 1827 1059 iudaeos
1856 996 2002 1059 tribuisse

1144 1079 1383 1158 carpus-Christi
1397 1081 1426 1140 in
1440 1080 1696 1158 aenigmateaaia
1714 1095 1773 1140 nou
1790 1078 2002 1139 declarabatur

1143 1164 1200 1237 nis,
1217 1164 1289 1237 auid
1312 1162 1499 1241 significaret
1513 1179 1634 1223 manna:
1663 1162 1753 1223 nabis
1775 1169 1877 1223 autern
1893 1162 1958 1222 dari
1971 1162 2000 1223 in

1143 1246 1343 1324 spanianum
1361 1251 1464 1324 aperte
1481 1245 1570 1307 nobis
1592 1245 1713 1318 dicitur,
1745 1245 1818 1323 quid
1847 1242 2001 1322 signifieat

1142 1330 1232 1408 panis
1248 1329 1468 1390 Eucharistiae.
1911 1368 1915 1380 .

1184 1412 1244 1475 Sed
1269 1412 1393 1482 fallitur,
1408 1417 1459 1473 aut
1474 1410 1548 1471 lollii
1563 1409 1670 1471 Petrus
1697 1414 1818 1487 martyr.
1846 1407 1921 1468 Nam
1938 1407 1999 1469 Ori·

1142 1510 1238 1573 genes
1253 1501 1415 1573 utrumqne
1430 1493 1514 1563 dicit,
1530 1499 1561 1555 ct
1575 1492 1672 1553 Deum
1688 1494 1846 1570 taguutnm
1869 1490 1944 1551 olim
1971 1492 1999 1551 iu

1142 1578 1324 1655 aenigmate,
1339 1594 1422 1638 nune
1437 1582 1538 1637 autem
1551 1582 1655 1651 aperte
1671 1574 1767 1651 legun
1790 1580 1821 1635 et
1835 1573 1935 1635 Deum
1950 1575 1998 1634 de·

1141 1660 1270 1723 disseio
1294 1659 1574 1735 aenigmaticarum
1600 1674 1681 1718 nune
1698 1659 1725 1717 in
1750 1656 1854 1734 specie
1870 1656 1934 1715 dnt.
1951 1656 1999 1717 Sia

1140 1745 1287 1804 enimait:
1308 1744 1529 1804 Verumtamen
1542 1741 1673 1818 ilopees.
1696 1742 1894 1817 prinsquam
1919 1742 1998 1800 aeci·

1137 1834 1225 1903 peret
1240 1826 1483 1903 deliriopissom,
1505 1838 1575 1884 non
1599 1828 1643 1883 oei
1661 1825 1841 1899 scripturn,
1868 1822 1952 1898 (luia
1964 1823 1998 1882 in

1138 1912 1243 1987 specie
1260 1911 1410 1988 ioqrrutns
1421 1910 1462 1969 sit
1477 1908 1506 1967 ei
1518 1905 1610 1976 Deus,
1628 1912 1657 1967 ot
1671 1920 1740 1967 non
1750 1907 1787 1966 in
1801 1906 1996 1977 derrigrnate:

1136 1993 1263 2055 sedebi
1285 1994 1408 2069 accepit
1423 1990 1679 2066 Aethiopissam,
1704 1993 1781 2048 inne
1803 1988 1882 2047 dicit
1899 1987 1940 2047 dc
1964 2004 1996 2048 eo

1137 2074 1231 2142 Deus,
1245 2076 1326 2155 grcia
1340 2091 1374 2136 os
1387 2076 1432 2136 aei
1447 2088 1481 2135 os
1496 2074 1615 2151 loquar
1629 2073 1674 2133 ad
1691 2086 1774 2133 eunt.
1792 2072 1829 2130 in
1839 2070 1960 2146 speeie,
1972 2076 1998 2131 ct

1136 2174 1205 2221 non
1218 2162 1255 2221 in
1268 2159 1464 2235 (aenigmate.
1479 2156 1571 2215 diade
1587 2154 1675 2215 enim
1690 2170 1764 2215 cnm
1775 2152 1899 2230 rliogaes
1913 2155 1998 2213 uenit

1136 2244 1181 2303 ad
1192 2258 1262 2311 nna,
1282 2249 1310 2303 ei
1326 2242 1519 2319 eong'renctns
1533 2244 1577 2302 cai
1590 2239 1665 2297 indo
1679 2243 1809 2297 nostrae
1821 2234 1996 2311 deliriopis·

1135 2342 1204 2387 sae.
1219 2327 1273 2387 icoc
1285 2324 1351 2389 Dei.
1373 2325 1447 2401 jam
1466 2320 1721 2396 norrirri'r'gnrirr.
1740 2325 1769 2377 ot
1782 2317 1993 2393 imaginibus,

1135 2410 1217 2469 sicut
1237 2410 1340 2486 priam,
1356 2408 1413 2467 scd
1424 2407 1461 2467 in
1473 2404 1548 2480 ipso
1561 2404 1666 2479 speeie
1687 2402 1831 2461 ueritatis
1847 2402 1995 2475 ugrroeci·

1135 2498 1199 2552 trrr:
1213 2498 1240 2551 ri
1255 2507 1339 2568 ptrue
1353 2490 1446 2566 priris
1460 2488 1498 2547 in
1513 2488 1696 2561 aeaigrnaie
1711 2481 1992 2561 designabantur,

1134 2590 1224 2635 noerae
1237 2575 1275 2635 in.
1287 2574 1392 2651 specie
1424 2578 1451 2631 oi
1461 2570 1593 2630 acritate
1606 2568 1816 2643 corripientem.
1832 2565 1917 2625 itare
1932 2566 1994 2627 ille.

1135 2656 1229 2718 iirles
1245 2658 1295 2716 bie
1309 2671 1368 2715 non
1390 2657 1489 2714 solnm
1506 2652 1600 2712 Deum
1617 2652 1731 2711 elarius
1757 2649 1839 2726 loqui
1858 2694 1864 2708 .
1884 2649 1942 2708 sed
1955 2656 1994 2708 et·

1134 2739 1193 2799 iam
1210 2739 1310 2815 reipsa
1327 2743 1480 2814 praestare
1498 2780 1505 2805 ,
1523 2750 1601 2813 quae
1618 2733 1648 2794 in
1664 2732 1835 2808 aenigmate
1851 2730 1994 2807 designa·

1134 2820 1404 2883 batiliuciraristin
1431 2818 1522 2896 igitur
1551 2832 1650 2877 reram
1680 2830 1803 2875 earnem
1830 2816 1991 2881 continet,

1128 2920 1223 2981 ,guam
1239 2904 1269 2963 in
1284 2904 1455 2977 aenigmate
1473 2916 1580 2959 manna
1594 2898 1785 2975 designabat.

1173 2984 1337 3047 Videamus
1351 3003 1431 3045 nune
1447 2984 1519 3060 guid
1543 2983 1585 3042 itti
1603 2987 1706 3042 eontra
1724 2996 1779 3040 uus
1805 2978 1944 3037 adierant
1960 2993 1993 3039 ex

1134 3067 1279 3144 Origene.
1296 3068 1410 3129 Droiert
1425 3066 1531 3126 Petrus
1548 3071 1658 3144 martyr·
1683 3062 1748 3121 inea
1779 3076 1833 3121 sex
1849 3059 1992 3138 Origunis

1133 3152 1162 3213 in
1180 3153 1258 3213 libro
1273 3158 1377 3214 eontra
1394 3148 1592 3211 Gurdinerum
1611 3194 1618 3220 ,
1650 3145 1772 3224 objecto
1800 3144 1872 3204 tii.
1902 3151 1932 3204 et
1947 3160 1992 3204 se-

227 3226 328 3299 miam,
346 3227 438 3302 idest,
460 3227 500 3288 de
517 3243 595 3305 pane
611 3224 803 3303 significante
818 3243 931 3304 corpus
947 3227 1085 3304 Christi,
1132 3235 1309 3312 arentibus,
1327 3249 1405 3312 nune
1418 3238 1530 3302 taurea,
1554 3236 1604 3290 aut
1627 3230 1700 3288 nitrit
1725 3227 1927 3296 concludunt.
1945 3233 1992 3288 itti

228 3309 505 3370 nontooeteleum
522 3311 1011 3386 panemincorruptumepulum,
1030 3329 1087 3372 lide
1132 3317 1347 3394 nobismpgis‚
1366 3311 1781 3393 quamnrlgersariissavenl.
1801 3308 1921 3370 Primus
1950 3309 1992 3370 lo·

227 3393 254 3449 ei
272 3391 331 3452 dici
348 3392 449 3452 uellet:
467 3391 600 3454 Domine
613 3407 764 3454 norrsnm
776 3394 893 3468 dignus·
910 3401 966 3454 ete.
985 3395 1014 3455 Si
1033 3413 1081 3457 re·
1132 3416 1188 3460 cus
1204 3404 1250 3462 ost
1265 3416 1302 3460 cx
1323 3399 1431 3480 tramit.
1450 3397 1497 3457 lii.
1514 3396 1545 3456 in
1561 3391 1861 3455 nonannoeane.
1878 3392 1989 3466 inanit,

228 3489 261 3532 ro
276 3475 453 3552 loqueretur
468 3475 506 3536 de
522 3474 588 3553 ipso
605 3474 725 3535 Christo
740 3491 915 3552 perpetrem
931 3477 1082 3549 signitica-
1128 3483 1474 3558 dieirntrrsarrgnirrcm
1485 3477 1600 3541 dictinii
1610 3493 1678 3539 non
1689 3476 1793 3536 saitem
1804 3489 1991 3536 sacramen·

228 3563 269 3625 tn,
286 3557 337 3633 gui
354 3571 408 3633 per
427 3556 521 3617 ddem
538 3557 697 3635 accipitur,
715 3573 775 3616 non
792 3559 920 3619 diceret:
953 3559 1021 3620 Diri·
1032 3561 1082 3624 in·
1126 3567 1318 3628 inanimalia.
1331 3565 1388 3626 sed
1400 3564 1497 3625 otiam
1511 3577 1585 3623 cunr
1599 3575 1757 3622 sermone.
1782 3557 1850 3634 cira
1874 3557 1989 3632 recipi·

227 3639 531 3716 digneingroditur·,
546 3639 593 3702 ibi
608 3639 822 3718 adjudicium
835 3641 1020 3717 ingreditor
1031 3659 1083 3704 uc·
1126 3664 1210 3710 nnuc.
1226 3649 1308 3709 llaec
1324 3647 1388 3707 itte.
1405 3646 1480 3706 ilinc
1510 3643 1676 3704 aniversarii
1700 3641 1829 3720 probare
1853 3637 1990 3700 nituntur

227 3721 371 3798 cipienti.
387 3719 461 3782 Nam
476 3723 647 3783 seeundum
660 3721 850 3784 aduersarios
876 3721 1013 3787 Cirristus
1029 3741 1084 3803 per
1127 3729 1157 3790 in
1174 3731 1375 3792 sacramentis
1392 3745 1452 3789 nnn
1470 3727 1533 3788 bibi
1549 3725 1730 3800 sanguinem
1761 3721 1873 3785 Cirris-ti
1895 3767 1902 3789 ,
1932 3721 1987 3782 nisi

227 3801 317 3864 ladem
333 3819 394 3865 non
409 3810 511 3882 potest
525 3805 621 3880 accipi
639 3804 696 3864 nisi
712 3821 726 3864 a
744 3801 814 3882 piis,
845 3812 875 3867 et
903 3807 940 3868 ad
968 3809 1057 3869 ritam
1073 3827 1081 3886 3
1127 3813 1336 3891 spiritualiter,
1353 3814 1432 3874 sicut
1449 3826 1508 3871 non
1525 3808 1583 3870 nisi
1599 3807 1797 3885 spiritualiter
1819 3803 1938 3865 bibitur
1960 3805 1987 3864 iu

227 3886 309 3963 arrei
325 3886 405 3947 enim
422 3886 547 3965 indigne
570 3887 717 3964 accipitur
745 3887 783 3949 ab
806 3887 934 3967 impiis,
957 3905 1018 3951 nnn
1035 3897 1083 3953 est
1126 3896 1288 3957 concione.

227 3968 458 4029 nisierternum
475 3968 660 4048 symbolum,
691 3969 862 4030 seeundum
877 3970 1079 4036 adversarios.
1168 3979 1204 4040 dt
1218 3976 1403 4040 contrarium
1420 3975 1522 4052 potius
1537 3972 1688 4051 sequitur.
1717 3971 1780 4035 lion
1807 3967 1890 4028 enim
1917 3968 1987 4029 dicit

225 4051 260 4140 dt
272 4049 422 4128 Origenes
439 4051 493 4117 itti,
507 4053 558 4132 qui
574 4051 743 4130 ingreditur
764 4053 801 4112 ad
819 4054 886 4130 pios
910 4061 941 4114 et
955 4054 1078 4133 impios,
1127 4059 1274 4136 Origenes
1290 4061 1399 4120 cartem
1413 4059 1503 4118 modu
1526 4056 1588 4117 bibi
1619 4053 1729 4114 Cirristi
1756 4051 1943 4128 sanguinem
1958 4051 1987 4112 in

226 4133 289 4193 rrdt
303 4133 375 4197 diei:
393 4131 527 4195 Domine
541 4149 610 4196 non
625 4149 698 4195 ωττττ
712 4135 843 4210 dignus,
867 4151 941 4214 ergo
955 4139 1003 4198 rel
1019 4139 1082 4200 vult
1127 4142 1339 4203 sacramentis.
1357 4158 1418 4218 arro
1434 4139 1548 4201 bibitur
1563 4139 1592 4198 in
1610 4139 1759 4198 concione
1777 4153 1790 4210 ;-
1809 4137 1904 4196 trnroo
1920 4149 1986 4196 curn

224 4215 342 4276 adorari
372 4221 402 4275 et
417 4217 551 4276 invocari
567 4231 700 4293 panem,
718 4217 800 4295 quod
826 4224 873 4279 est
894 4219 1080 4282 absurdissi·
1127 4225 1293 4302 distinguat
1312 4225 1368 4285 bos
1384 4225 1461 4284 duos
1477 4219 1714 4282 mainsindieat
1730 4233 1799 4279 esso
1817 4217 1928 4277 modus
1944 4215 1985 4275 di·

226 4313 320 4375 rnum3
337 4298 386 4359 ret·
399 4298 461 4357 vult
475 4298 534 4359 sub
549 4299 611 4361 illis
635 4298 802 4378 speciebus
829 4316 900 4362 rere
926 4300 1079 4364 constan
1127 4323 1244 4382 narsen
1267 4313 1297 4367 et
1313 4323 1369 4384 per
1382 4307 1442 4366 bac
1458 4304 1521 4365 bibi
1540 4303 1568 4363 in
1586 4304 1735 4363 concione
1759 4300 1982 4377 spiritualiter,

144 4413 148 4422 -
225 4381 502 4458 ipsum‘contineri.
1126 4391 1156 4451 in
1173 4391 1371 4451 sacramentis
1387 4395 1486 4449 autem
1500 4385 1611 4463 reipsa.

264 4463 383 4523 lentius
400 4463 485 4524 loeus
499 4467 547 4525 esi
562 4463 734 4526 bomilliin
751 4465 829 4525 libro
841 4464 1078 4544 drnncrnnnre,
1167 4472 1326 4533 Secundus
1343 4473 1429 4532 locus
1444 4475 1490 4530 est
1505 4485 1541 4527 er
1563 4465 1780 4527 commentario
1795 4461 1939 4538 Origenis
1955 4463 1985 4522 iu

224 4543 335 4623 inquit,
350 4546 387 4606 in
402 4546 595 4622 uerrigmaie,
611 4553 654 4608 eet
667 4547 905 4620 manneeiirus,
920 4564 1010 4612 rrrrrre
1021 4567 1079 4614 un·
1127 4571 1194 4632 rap.
1211 4555 1262 4616 ⁹26.
1280 4553 1428 4614 'ltatttraei
1447 4599 1454 4614 .
1482 4551 1532 4612 ubi
1550 4552 1595 4610 sie
1611 4550 1752 4628 legimus:
1780 4545 1881 4606 Panis
1903 4546 1981 4614 istc,

224 4633 287 4689 tent
300 4627 338 4689 in
352 4629 456 4705 speeie
468 4644 544 4689 earo
563 4629 651 4690 Verbi
663 4631 727 4700 Dei,
742 4637 875 4693 elucens
888 4631 1102 4704 cibassieui,
1126 4654 1222 4716 qrrem
1238 4639 1319 4699 Deus
1339 4636 1471 4697 Verbum
1496 4649 1611 4710 corprn
1638 4647 1736 4693 sttttttt
1759 4644 1824 4690 esse
1849 4627 1979 4704 fatetur,

222 4710 291 4786 ipae
302 4711 476 4790 diciturne
490 4725 566 4772 caro
582 4728 655 4772 mea
668 4728 741 4774 rere
753 4718 797 4775 esi
812 4714 998 4777 cibnsdlnec
1013 4718 1079 4779 itte.
1124 4720 1258 4782 cerium
1276 4727 1321 4782 eat
1335 4717 1546 4780 rrarrdoriam
1561 4717 1760 4776 animarum.
1778 4711 1864 4772 Notat
1875 4709 1982 4787 llartpr

223 4794 353 4853 dteerte
365 4794 568 4871 speeieseum
585 4796 748 4874 aenigmati
763 4798 1023 4873 opponitur,idem
1041 4801 1081 4860 si·
1126 4818 1237 4880 panem
1254 4803 1353 4881 ipsum
1370 4799 1469 4860 uocari
1487 4814 1599 4874 corpas
1627 4795 1736 4858 Christi
1754 4811 1762 4866 ;
1787 4793 1915 4868 proinde
1931 4809 1979 4868 pa-

223 4872 357 4948 gainem,
375 4876 455 4955 quod
472 4876 582 4936 recitas
599 4879 705 4937 collatu
720 4876 845 4956 Dgrrrne.
860 4881 890 4939 Si
902 4885 1002 4941 autem
1020 4881 1080 4942 Eu·
1128 4903 1195 4945 nrm
1214 4885 1397 4946 materialem
1415 4897 1485 4942 esse
1502 4881 1531 4939 in
1548 4875 1870 4940 EucharistiaDeinde
1885 4875 1977 4936 addit:

223 4954 364 5018 elraristia
380 4965 464 5021 essct
478 4975 591 5034 corpas
612 4960 724 5021 Christi
750 4961 848 5021 solum
866 4970 994 5038 tropice3
1018 4980 1079 5024 nnn
1127 4985 1195 5029 eum
1211 4983 1320 5046 panem
1337 4965 1398 5026 diei
1414 4964 1566 5037 verbum,
1591 4961 1661 5038 guia
1692 4966 1881 5020 sacramenta
1910 4963 1981 5018 sunt

223 5040 253 5097 in
268 5042 384 5115 speeie,
401 5043 456 5100 sed
473 5041 503 5101 in
521 5043 691 5121 aenigmate
707 5043 766 5104 dici
783 5043 909 5105 deberet
925 5061 995 5105 earo
1019 5045 1080 5108 Do·
1124 5050 1215 5113 verbu
1232 5049 1374 5111 risibilia.
1402 5046 1490 5106 ttddit
1506 5047 1639 5122 denique
1670 5059 1730 5104 non
1753 5055 1845 5118 posse
1872 5055 1979 5114 panem

221 5119 307 5214 mini:
322 5139 389 5182 nam
403 5124 491 5183 etiam
509 5141 617 5186 manna
634 5131 697 5186 erat
712 5142 824 5203 corpus
854 5126 970 5187 Domini
989 5128 1080 5206 tropi·
1127 5134 1185 5194 diei
1203 5133 1326 5194 verbum
1345 5128 1549 5198 nutritorium,
1574 5128 1600 5188 si
1617 5141 1671 5203 per
1688 5122 1980 5185 transubstantiatio·

222 5218 270 5282 ce,
286 5204 375 5275 idest,
392 5205 643 5282 signidcntircit
657 5207 1074 5288 confirmatur-argumentum
1126 5233 1195 5278 nem
1209 5220 1381 5276 evanescat:
1398 5211 1427 5272 id
1443 5212 1524 5272 enim
1537 5209 1619 5288 quod
1636 5207 1712 5268 ailril
1728 5213 1786 5282 est,
1804 5221 1864 5267 tren
1882 5211 1979 5282 potest

222 5299 258 5341 aa
272 5285 372 5346 verbis
385 5289 652 5364 praecedentibus,
681 5290 734 5351 ubi
751 5292 899 5368 Origenes
929 5290 1002 5353 dicit
1017 5293 1075 5356 ile·
1122 5299 1234 5374 aliquid
1251 5298 1376 5359 nutrire.

221 5364 331 5460 bracos
352 5369 497 5432 babuisse
521 5371 706 5448 Doptismum
729 5374 759 5434 in
781 5375 975 5454 aenigmate,
1001 5376 1076 5438 dum
1164 5381 1359 5457 despondeo:
1377 5377 1527 5455 Origenes
1543 5373 1760 5452 praetermisso
1783 5369 1891 5432 literali
1909 5384 1978 5428 sen·

221 5454 480 5514 transtrentmarc
502 5454 640 5522 rubrum,
665 5456 754 5516 uobis
783 5466 884 5518 autem
913 5459 943 5518 in
969 5460 1076 5537 speeie
1122 5478 1157 5524 su
1174 5463 1317 5523 omnibus
1339 5470 1422 5529 noto,
1440 5459 1565 5537 exponit
1581 5458 1709 5535 mystice
1725 5461 1821 5514 totum
1837 5452 1918 5514 bunc
1936 5454 1977 5510 ie·

220 5545 275 5606 per
290 5529 474 5610 Doptismum
492 5536 622 5598 conferri
639 5541 917 5611 regenerationem.
944 5539 978 5600 tt
1006 5556 1075 5602 reru
1123 5561 1204 5606 oum.
1221 5545 1281 5606 Nec
1297 5561 1352 5622 per
1368 5558 1477 5622 panem
1493 5541 1635 5614 intelligit
1650 5553 1759 5616 panem
1777 5537 1977 5598 materialem.

218 5615 409 5688 regeneratio
423 5617 512 5677 nobis
527 5619 660 5680 daturin
674 5621 931 5700 baptisrnoanan
948 5631 1008 5684 non
1025 5624 1076 5683 dn·
1123 5628 1174 5699 nui
1191 5630 1230 5688 sit
1246 5631 1370 5690 vortrnrn
1394 5625 1534 5687 usibile:
1564 5624 1618 5684 sed
1652 5619 1794 5697 intelligit
1818 5632 1977 5678 serrnoner

217 5693 280 5769 bat,
298 5697 354 5760 sed
370 5698 570 5762 adumbrabat
584 5702 683 5764 solum
700 5707 845 5766 transitus
861 5705 951 5767 maris
965 5705 1048 5767 rubri
1067 5723 1074 5766 :
1124 5710 1243 5786 Cirristi,
1263 5727 1317 5774 sau
1335 5711 1424 5772 rerba
1442 5707 1495 5768 Dei
1513 5723 1572 5768 non
1589 5705 1730 5780 risibilia,
1749 5703 1804 5766 sed
1820 5699 1976 5772 audibile,
