4084 6275
166 354 220 413 992
965 353 1070 417 lautis

169 494 275 552 007777
286 488 361 551 476.
377 493 408 551 07
421 486 459 549 77
488 484 673 551 sacritloium
703 493 879 555 neccssaria
902 498 997 556 0570·
1043 488 1191 554 5707777077
1205 488 1920 571 77770777707707777476.777777777777777777-

171 572 264 635 blatio
276 568 448 649 7777777525
461 568 590 633 777525.
1083 573 1123 637 do
1139 574 1181 636 707
1199 575 1391 653 permanenti
1408 572 1481 634 598.

129 650 319 715 Sacrificium
337 657 458 730 7770707
485 651 674 715 oblationem
702 654 830 733 requirit
857 657 997 718 mutatio·
1042 654 1191 719 Sacrillcii
1208 670 1321 719 nomen
1336 670 1429 733 quara
1446 670 1506 717 nan
1520 656 1728 736 usurpabatur
1741 654 1784 719 ab
1798 664 1920 734 aposta

71 761 72 770 7
169 734 642 810 707707007577777707077707,
670 752 748 812 7770
778 735 995 800 0607777476.
1084 736 1209 803 775572.
1237 787 1247 801 .
1306 740 1308 745 ’

167 815 240 878 478.
253 813 326 877 479.
339 815 412 878 523.
428 815 501 877 cat.
517 815 570 877 ubi
586 817 625 877 de
650 814 823 881 differentia
852 819 996 883 sacriticii
1042 816 1189 881 Sacrificii
1202 823 1233 881 ot
1246 817 1433 881 sacramenti
1449 816 1623 881 diilcreutin
1639 819 1716 881 575.

167 904 199 958 07
209 896 385 959 oblationis.
1041 898 1189 963 Sacrillcii
1205 899 1302 981 prima
1318 898 1435 961 mentio
1450 900 1502 961 ubi
1516 900 1665 963 habeatur
1678 901 1754 963 477.

127 978 314 1041 87077707777
331 984 490 1041 externum
507 985 554 1042 est
568 979 704 1059 siguum,
718 998 779 1059 quo
791 988 997 1061 protestamur
1042 980 1191 1044 870777077
1206 982 1398 1061 quadruplex
1413 980 1522 1043 divisio
1535 982 1608 1045 474.
1626 982 1700 1043 486.

71 1105 75 1122 .
166 1060 753 1125 0777777777707777750777700707777777
779 1064 840 1126 476
861 1064 993 1129 077478.
1041 1062 1189 1127 Sacriticii
1201 1062 1263 1127 7077
1279 1069 1411 1142 7777707
1432 1064 1626 1126 00777770705
1639 1062 1856 1128 5772077564.

166 1140 238 1203 574.
255 1141 331 1203 Vide
347 1157 375 1203 7.
393 1141 500 1205 Cultus
512 1142 630 1205 latriae.
1041 1143 1187 1207 8707777077
1203 1144 1265 1207 7077
1279 1144 1349 1207 6775
1371 1145 1556 1223 0577770770
1573 1144 1669 1209 Deum
1686 1149 1795 1227 generi
1808 1148 1919 1207 buma-

125 1222 318 1287 Sacridcium
330 1222 441 1286 oticrre
454 1239 515 1287 non
530 1232 577 1287 est
591 1224 818 1306 cujuscumque
835 1272 844 1301 ,
868 1229 923 1291 sed
940 1244 995 1306 pu·
1082 1225 1207 1289 70478.
1223 1225 1296 1287 479.

169 1303 243 1366 blici
274 1322 309 1367 70
324 1305 398 1367 00777
411 1306 558 1380 hominis,
575 1309 626 1385 qui
643 1308 800 1371 communi
822 1310 948 1373 nomine
964 1310 993 1371 id
1040 1305 1194 1403 8707777077
1210 1309 1322 1369 7070775
1333 1306 1412 1401 legis
1424 1306 1454 1369 ia
1469 1308 1651 1373 mactatione
1663 1309 1765 1373 orium
1776 1310 1916 1372 etboum

124 1386 549 1540 sarcrffiaggrmaffsatgrr'hssatrce
563 1485 624 1530 non
656 1476 733 1533 suut
757 1472 839 1533 idem
864 1473 993 1551 Latinis,
1040 1394 1244 1548 0777777θέ3717
1255 1386 1623 1565 7778077137774777777777
1634 1472 1917 1565 57077707770005-

165 1550 247 1627 quod
264 1549 389 1612 Graecis
400 1547 563 1632 ἱερουργία,
580 1558 610 1613 07
622 1548 782 1633 ἱερουργεῖν
795 1553 869 1617 568.
1080 1553 1162 1615 57770
1177 1553 1364 1615 destruenda
1380 1558 1478 1625 07777,
1494 1568 1522 1614 57
1535 1552 1664 1615 77707777
1680 1600 1687 1628 ,
1705 1570 1762 1631 707
1784 1570 1917 1617 0007570

127 1630 318 1693 Sacritlcicm
335 1631 399 1693 7700
415 1632 618 1695 deterendunr
635 1651 706 1697 0550
723 1680 731 1708 ,
763 1642 812 1698 057
841 1637 995 1714 quoddam
1082 1650 1165 1707 nom,
1182 1633 1208 1699 si
1223 1634 1356 1696 inanima
1372 1633 1482 1709 solida,
1507 1650 1562 1709 707
1576 1636 1830 1699 combustionem
1850 1682 1859 1709 ‚
1890 1638 1917 1697 57

169 1712 301 1791 primum
332 1713 517 1793 principium
546 1732 563 1775 7
585 1714 650 1777 7700
683 1716 774 1779 nobis
796 1717 993 1797 ingenitum,
1081 1715 1209 1794 liquida,
1227 1732 1284 1795 per
1298 1714 1481 1779 allusionem
1497 1714 1570 1778 476.

167 1795 251 1856 unde
266 1810 304 1856 ca
319 1795 436 1859 lumine
451 1802 482 1857 et
493 1794 640 1858 instinctu
657 1803 784 1860 naturae
813 1815 874 1861 nou
891 1815 995 1862 corru·
1041 1794 1194 1861 Sacrtllcia
1211 1797 1290 1877 legis
1305 1796 1429 1874 7070775,
1446 1796 1542 1877 ligura
1558 1796 1702 1861 570776077
1724 1800 1824 1863 705777
1841 1797 1915 1859 478.

166 1882 249 1953 7770,
265 1876 320 1938 507
337 1876 437 1939 bonae
452 1878 594 1955 procedit
608 1878 757 1941 573574.
774 1885 805 1942 07
820 1879 995 1945 5707777077·
1080 1878 1152 1941 479.
1165 1877 1238 1941 493.

71 2023 73 2032 ‚
166 1958 323 2023 domasse
339 1959 426 2019 multi
442 1959 562 2037 optimi,
589 1966 620 2022 et
632 1961 821 2023 sanctissimi
853 1965 906 2025 7777
923 1980 995 2026 007·
1040 1963 1115 2025 ltem
1131 1959 1274 2023 sacrillcll
1287 1960 1389 2024 crucis
1404 1959 1478 2023 487.
1494 1959 1566 2022 509.
1583 1960 1658 2023 579.

163 2045 304 2111 suerunt,
321 2038 442 2117 777775,
459 2040 622 2117 Abrabam,
638 2041 696 2107 lob
724 2043 996 2109 etlleicbisedecb
1042 2040 1197 2105 Sacrilloia
1223 2048 1325 2105 707077
1355 2042 1582 2107 conveniebant
1607 2043 1638 2105 in
1664 2059 1698 2106 70
1726 2042 1915 2122 significata,

165 2120 236 2181 575.
250 2120 323 2184 527.
339 2120 413 2184 528.
595 2196 602 2206 .
672 2152 675 2155 ⁴
1081 2138 1195 2203 nempe
1211 2123 1241 2189 in
1258 2122 1391 2202 Christ03
1408 2131 1509 2187 tamen
1525 2122 1669 2205 insignis
1684 2125 1808 2188 7770757
1831 2131 1917 2187 erant

125 2200 369 2265 Sacritlciumrei
385 2204 514 2268 77707775
529 2211 560 2267 07
575 2221 654 2284 7770
670 2206 700 2269 77
715 2206 811 2270 707777
828 2208 872 2271 707
895 2210 997 2272 77707·
1081 2205 1154 2269 487.
1688 2244 1691 2249 -

166 2284 205 2344 775
220 2282 346 2347 07707777
361 2287 491 2365 requirit
511 2288 714 2363 occisionem,
740 2296 771 2351 77
800 2306 872 2352 cnm
900 2291 995 2353 torma
1042 2286 1196 2351 Sacrillcia
1213 2294 1313 2353 retem
1330 2287 1424 2367 pollui
1441 2293 1629 2366 potuerunt,
1646 2292 1787 2351 nostrum
1811 2294 1915 2351 autem

165 2364 309 2428 sacrificii
325 2373 373 2429 057
386 2368 431 2430 707
444 2368 611 2443 inanimae,
624 2386 686 2432 non
701 2377 804 2449 potest
814 2374 928 2451 requiri
945 2390 998 2435 oc·
1085 2369 1181 2448 pollui
1196 2386 1256 2432 non
1270 2376 1369 2449 potest
1381 2370 1454 2433 497.
1471 2368 1544 2433 498.

167 2448 256 2523 07577,
274 2448 329 2510 507
346 2450 447 2511 solum
460 2451 660 2530 consumptio
682 2452 727 2516 rel
746 2454 790 2515 illi
807 2456 999 2519 0077077075
1043 2450 1133 2513 Aliud
1145 2451 1313 2515 discrimen
1330 2452 1401 2514 466.
1415 2451 1489 2513 545.

166 2530 331 2606 requiritur
345 2531 418 2593 527.
1043 2533 1197 2596 8707777077
1212 2534 1242 2595 77
1261 2534 1375 2612 templo
1388 2532 1661 2612 hierosolymitano
1674 2536 1789 2595 tautum
1799 2532 1835 2595 ab
1848 2531 1910 2595 lle·

85 2660 95 2678 .
127 2610 316 2687 Sacrificium
332 2614 452 2675 rationo
469 2615 613 2680 materiae
629 2615 773 2681 dividitur
787 2618 818 2679 iu
834 2618 995 2694 victimas,
1084 2614 1186 2677 braets
1202 2620 1341 2694 poterant
1353 2614 1455 2679 7770777
1471 2615 1536 2677 77οο
1551 2614 1623 2676 566.
1636 2613 1713 2675 567.

167 2693 368 2767 sentuosum,
384 2694 610 2761 immolationes
626 2706 657 2761 07
671 2700 839 2761 libamenta
852 2700 925 2762 4877.
1043 2695 1197 2759 Sacrificio
1213 2697 1335 2777 judaica
1352 2702 1440 2759 erant
1453 2695 1598 2768 07777777,
1612 2696 1684 2774 7777
1700 2695 1733 2755 77
1754 2695 1910 2757 mactatio·

129 2773 320 2837 Sacriticium
332 2777 451 2839 ratione
473 2778 589 2842 7777770
604 2785 635 2843 07
649 2780 721 2843 6775
735 2782 880 2844 diuiditur
895 2782 926 2843 77
943 2782 996 2844 bo·
1084 2794 1124 2840 ne
1136 2781 1237 2840 077775
1248 2783 1279 2841 07
1290 2777 1450 2856 sanguinis
1461 2774 1613 2839 allusione
1625 2776 1912 2839 007575705777567.

173 2857 321 2933 70077577,
345 2860 462 2921 hostias
476 2878 532 2939 pro
546 2869 672 2940 7000770
686 2909 694 2937 ,
710 2864 829 2927 hostias
850 2862 996 2944 pacidcas
1043 2859 1182 2923 llostrum
1195 2864 1296 2923 autem
1312 2860 1423 2921 dicitur
1438 2859 1599 2937 spirituale
1615 2857 1685 2921 499.
1701 2860 1749 2921 od
1763 2858 1840 2920 sor.

169 2936 251 3001 ibid.
348 2953 350 2958 ·
1044 2941 1198 3005 Sacrilicia
1214 2941 1376 3020 gentilium
1403 2948 1434 3003 et
1458 2940 1668 3003 Hebraeorum
1693 2945 1915 3018 comparantur

127 3017 316 3082 Sacriticium
334 3026 434 3099 potest
449 3022 594 3102 distingui
610 3023 642 3086 in
657 3025 812 3087 invisibile
823 3026 889 3087 5770
904 3026 998 3086 inter·
1085 3040 1159 3089 curu,
1172 3031 1277 3085 nostro
1289 3022 1362 3085 505.

169 3118 253 3175 unm,
272 3102 437 3167 0777577770
465 3105 530 3167 sire
545 3111 728 3177 externum,
756 3114 787 3169 07
807 3121 888 3183 7770
909 3106 971 3170 5777
987 3153 996 3182 ,
1044 3104 1199 3174 8707777077
1214 3103 1325 3168 oilerre
1341 3104 1524 3168 mulieribus
1539 3118 1601 3166 nou
1618 3101 1778 3166 17007597.

166 3190 196 3244 07
224 3184 306 3262 7707
337 3186 435 3264 magis
463 3188 526 3249 lieo
556 3190 676 3266 placeat
703 3188 775 3251 477.
805 3189 883 3252 Vide
905 3189 997 3251 etiam
1044 3186 1352 3267 Sacrilloiaaprimis
1368 3185 1738 3250 bominibusDcoobleta
1754 3185 1830 3246 stt.

167 3264 239 3326 476.
1045 3267 1198 3335 sacrificia
1211 3273 1358 3331 7075777
1372 3268 1505 3348 primum
1522 3268 1552 3330 iu
1568 3268 1638 3345 tege
1652 3267 1767 3345 7707575
1792 3266 1917 3328 iustitu-

128 3344 318 3408 Sacritrctom
329 3347 484 3411 internum
497 3355 546 3412 est
559 3366 663 3413 rerum
676 3351 860 3415 sacrtllcium
875 3352 994 3415 mtioue
1086 3357 1126 3421 ta,
1140 3351 1198 3414 sed
1213 3365 1249 3412 07
1265 3351 1335 3430 lege
1351 3356 1477 3414 naturae
1490 3355 1589 3412 ortum
1604 3349 1722 3412 babent
1735 3347 1806 3410 575.
1831 3348 1911 3409 527.

166 3427 325 3506 dignitatis
337 3437 367 3490 et
380 3433 500 3494 ratione
516 3430 656 3507 77700705,
674 3451 734 3496 777
748 3434 865 3497 ratione
875 3433 995 3504 7077770
1082 3430 1155 3494 578.

166 3516 196 3570 07
208 3510 362 3572 essentiae
373 3513 516 3575 sacritlcii
530 3515 653 3592 proprio
668 3516 740 3578 dicti
756 3514 828 3578 476.
844 3515 918 3577 477.
1041 3512 1195 3580 Sacrillcia
1207 3511 1339 3576 Levitico
1352 3512 1578 3575 satisfactiones
1592 3510 1741 3589 quaedam
1764 3509 1827 3572 dici
1857 3527 1913 3588 po·

125 3591 158 3652 ln
176 3592 260 3654 omni
276 3592 428 3656 5707777770
444 3597 568 3674 7707770
583 3596 667 3659 dicto
688 3597 855 3676 requiritur
874 3611 927 3659 705
940 3595 995 3657 717·
1081 3601 1190 3668 terant,
1208 3603 1239 3656 07
1253 3593 1433 3656 munditiam
1447 3594 1626 3674 70777077,οι
1641 3607 1770 3670 poenam
1789 3599 1910 3669 tempo

166 3691 225 3751 qua
240 3674 412 3753 sensibilis,
430 3694 509 3754 quac
524 3676 680 3752 otiaretur,
698 3691 756 3739 700
772 3679 803 3738 77
820 3678 884 3740 5077
899 3679 995 3740 actio·
1081 3677 1189 3740 ruriam
1208 3682 1325 3738 tantum
1341 3676 1518 3756 explebant3
1530 3691 1590 3738 non
1608 3680 1708 3735 autern
1725 3675 1850 3752 culpam
1864 3681 1917 3736 aut

167 3771 207 3816 ne
221 3753 407 3819 sacrificium
420 3761 592 3821 consistere
607 3765 709 3837 potest
723 3758 796 3822 475.
811 3758 884 3821 477.
901 3758 974 3821 478.
1082 3773 1215 3838 poenam
1231 3764 1386 3821 aeternam
1402 3757 1474 3819 457.
1492 3755 1564 3819 747.
1580 3755 1656 3819 lide
1672 3754 1743 3817 769.
1759 3755 1809 3820 nd
1841 3755 1916 3816 tlt.

127 3836 315 3899 Sacridcium
332 3840 487 3915 quoddam
503 3840 639 3920 77777777
652 3842 806 3920 paschalis
828 3841 995 3904 celebratio
1083 3839 1154 3901 776.
1172 3839 1242 3900 777.

167 3918 224 3979 497
243 3920 289 3982 od
302 3919 375 3982 493.
1041 3919 1321 3985 877777707777770757
1338 3919 1440 3997 770777,
1471 3935 1526 3999 770
1541 3918 1754 3981 aestimatione
1773 3934 1811 3978 70
1827 3933 1917 3978 meu·

127 3999 319 4146 8707777777
331 4018 438 4144 {crum
453 4019 516 4064 non
532 4010 580 4067 057
592 4005 771 4068 translatum
798 4004 828 4066 in
844 4004 968 4067 coelum
985 4049 994 4077 ‚
1085 4017 1155 4143 77777
1172 3999 1822 4080 7710070777]77770777777378.396.7770
1841 3999 1914 4060 776.

168 4087 279 4144 77777
315 4084 521 4148 777775489.
1086 4086 1118 4146 77
1148 4128 1156 4144 .

128 4161 318 4226 87077707777
333 4165 416 4243 apud
432 4183 490 4229 705
506 4167 569 4228 907
580 4181 652 4229 7070
665 4166 792 4229 77707777
806 4167 878 4229 495.
1044 4163 1199 4230 870777077
1216 4178 1271 4242 770
1286 4169 1429 4242 7000777,
1443 4164 1487 4224 7777
1503 4163 1689 4226 dicebantur
1704 4161 1827 4233 7770770,
1858 4159 1914 4237 777

128 4243 319 4307 Sacrificium
335 4247 416 4326 quod
432 4247 563 4309 Hebraei
593 4248 699 4320 7777777
723 4249 890 4327 777077777,
907 4265 945 4312 ea
956 4247 997 4311 sl·
1085 4245 1257 4308 atterebant
1270 4245 1481 4316 materiamen
1494 4261 1552 4322 qua
1566 4244 1754 4307 57077607777
1769 4259 1822 4320 770
1838 4257 1917 4319 700·

168 4325 253 4399 mita,
269 4327 386 4390 oieoet
398 4329 486 4391 thure
500 4328 723 4392 conficiebatur
734 4330 808 4392 496.
1085 4334 1152 4402 0777
1165 4327 1339 4388 iaciendum
1355 4325 1503 4390 0777447.
1520 4325 1758 4389 corocottae
1775 4323 1826 4386 49.
1842 4322 1918 4384 tt2.

127 4406 315 4470 Sacritlcinm
332 4412 449 4472 orantis
463 4417 494 4472 et
508 4411 713 4488 supplicantis
729 4420 787 4486 057,
799 4417 829 4472 07
843 4411 998 4491 quomodo
1088 4409 1161 4470 776.
1180 4408 1249 4470 777.
1514 4455 1518 4464 .
1843 4485 1851 4498 ⁶

167 4490 208 4550 sit
221 4489 324 4551 simile
339 4492 469 4554 orationi
484 4492 560 4554 597.
576 4491 651 4552 llide
667 4492 740 4554 435.
758 4493 832 4555 543.
1045 4489 1199 4556 8707777077
1216 4489 1329 4569 privata
1345 4490 1377 4552 in
1392 4489 1587 4553 Testamenta
1600 4487 1696 4552 707077
1722 4502 1779 4567 pro
1809 4487 1918 4566 aliquo

127 4569 317 4634 Sacritlcicm
333 4575 412 4635 actio
428 4576 577 4652 quaedam
591 4577 650 4648 est,
660 4591 719 4636 non
733 4591 784 4637 res
800 4590 997 4654 permanens,
1087 4572 1225 4644 bomine,
1240 4571 1288 4633 rel
1301 4572 1425 4649 negotio
1441 4570 1513 4633 542.

167 4652 256 4719 07707
272 4653 387 4716 oblatio
403 4653 475 4717 53t.
787 4695 790 4698 -
1046 4653 1199 4718 870777077
1213 4653 1397 4716 dicebantur
1409 4654 1525 4730 passim
1539 4652 1568 4714 in
1581 4653 1652 4730 7070
1664 4650 1758 4713 707077
1771 4665 1847 4712 0705
1863 4649 1916 4710 ad·

127 4733 320 4797 Sacritlcium
334 4738 543 4814 vespertinum
556 4735 637 4814 apud
653 4737 750 4800 llarid
765 4743 933 4817 usurpatur
945 4752 1000 4816 pro
1087 4735 1148 4797 buc
1176 4735 1315 4798 77707705
1331 4777 1340 4809 ,
1371 4734 1495 4814 777777
1528 4733 1652 4798 scilicet
1684 4731 1922 4795 adducebantur

168 4831 240 4878 7070
256 4823 286 4878 07
302 4824 429 4880 externo
445 4818 599 4880 sacrittcio
613 4817 686 4880 496.
1087 4816 1160 4879 566.

126 4898 206 4977 luge
221 4896 421 4973 sacrificium,
439 4905 589 4962 07777070
605 4906 635 4960 et
663 4898 799 4979 proprie
815 4899 1001 4963 sacritloium
1047 4896 1201 4963 Sacritlcia
1209 4896 1426 4976 judaica,quac
1442 4912 1497 4974 pro
1513 4902 1640 4975 7000770
1656 4891 1918 5038 dicfflamtumab·

168 4980 249 5056 apud
266 4980 469 5044 llcbraeosmt
484 4981 539 5043 luit
552 4989 641 5061 typus
658 4975 754 5044 nostri
768 4981 911 5045 sacrillcii
928 4984 1001 5044 mis·
1089 4986 1192 5059 rogata
1204 4980 1371 5048 77077777,
1402 4980 1471 5056 quia
1487 4985 1611 5057 peracto
1638 4993 1705 5042 5707
1760 4977 1789 5038 70
1814 4974 1923 5066 crucis

169 5060 310 5124 570495.
1089 5067 1120 5124 07
1134 5061 1232 5140 770777
1248 5061 1410 5140 707775770,
1428 5061 1647 5123 adhiberentur
1659 5058 1775 5132 977770
1790 5062 1923 5132 77077777-

128 5143 208 5221 luge
238 5142 426 5206 sacrificium
458 5143 570 5207 dicitur
604 5144 763 5207 ablaturus
796 5144 1003 5207 tattanrtstas
1089 5149 1189 5204 707705
1205 5143 1234 5204 77
1250 5141 1403 5221 quodiam
1420 5143 1570 5205 babemus
1582 5141 1656 5202 576.
1671 5139 1748 5204 Vide
1763 5137 1813 5200 49.
1831 5217 1837 5230 Ι

168 5224 241 5286 574.
1049 5223 1203 5288 8707777077
1220 5232 1334 5300 707077,
1351 5227 1382 5286 07
1396 5239 1464 5285 7077
1477 5222 1624 5286 570777077
1642 5227 1740 5289 07777,
1754 5225 1786 5281 07
1813 5233 1922 5310 57777

129 5306 319 5368 sacriltcium
336 5322 441 5370 rerum
457 5308 599 5380 0770770,
617 5323 719 5370 reram
735 5314 765 5369 et
788 5308 903 5370 7077077
920 5323 1001 5370 mor·
1091 5306 1160 5368 cula
1187 5303 1403 5381 promissionis
1425 5304 1537 5369 Cirristi
1566 5304 1686 5368 7077777
1714 5308 1745 5363 07
1775 5305 1920 5362 morituri

172 5394 244 5462 tem,
261 5397 313 5466 ant
338 5388 577 5452 destructionem
593 5391 638 5451 rei
654 5390 830 5453 immolatae
844 5389 1000 5452 desiderat
1090 5387 1164 5450 776..
1177 5386 1249 5449 578.

173 5468 245 5528 575.
260 5471 331 5532 527.
346 5470 421 5533 578.
782 5508 784 5511 -
1048 5465 1202 5534 Sacriltcia
1217 5468 1318 5532 omnia
1334 5467 1490 5532 trabebant
1503 5483 1651 5530 77707777
1675 5463 1920 5543 promissionem

131 5547 320 5690 8777777οἱ077
337 5553 459 5631 7777770
476 5552 591 5616 dictum
607 5551 662 5615 luit
690 5569 773 5618 mors
797 5551 909 5616 Christi
926 5551 998 5614 478.
1089 5551 1128 5614 70
1144 5550 1255 5696 07777777
1271 5556 1369 5615 morte
1384 5549 1483 5614 lutura
1500 5565 1555 5630 pro
1571 5549 1746 5628 expiatione
1777 5548 1923 5626 peccato-

236 5674 245 5692 ο
1089 5649 1156 5697 rum
1236 5675 1244 5695 Ι
