4084 6275
706 1382 858 1475 hiabat
885 1388 1115 1495 QUARTUS

359 1804 429 1923 aa
486 1802 913 1943 aioiiuairo
969 1810 1458 1935 inritamina

322 3048 442 3113 caedi*
460 3048 606 3114 Pilllllllll
937 3058 1142 3142 objectiones.
1157 3050 1269 3134 Tertio,
1288 3054 1447 3140 explicabo
1463 3056 1647 3121 sententiam
1673 3050 1800 3119 catholi-

937 3159 1055 3206 corum.
1116 3189 1123 3206 .

100 3293 106 3306 ,
156 3294 163 3306 ,
299 3294 306 3307 ‚
979 3223 1066 3301 Quod
1085 3225 1122 3288 ad
1137 3225 1270 3288 Primum
1284 3223 1402 3296 attinet,
1429 3223 1592 3297 Lutherani
1618 3229 1649 3285 et
1676 3219 1804 3286 Caluini-

55 3289 174 3368 Qlldill
189 3309 324 3373 While
344 3299 585 3358 sacromentum
604 3293 841 3372 Eucharistiae,
864 3301 894 3361 el
938 3314 1015 3382 stae,
1034 3309 1148 3388 aliique
1162 3309 1256 3387 huius
1273 3309 1420 3386 temporis
1435 3307 1581 3370 haeretici
1597 3305 1627 3367 iu
1644 3321 1679 3368 ea
1692 3310 1762 3368 sunt
1774 3321 1807 3366 o·

85 3411 157 3458 uum
169 3404 263 3460 extre
275 3398 431 3460 usuam
448 3414 523 3462 uere
547 3413 664 3479 carpus
690 3399 894 3466 Dominam
939 3392 1077 3470 piniane,
1094 3398 1127 3453 ut
1142 3391 1327 3464 existiment,
1344 3396 1568 3452 sacramentum
1595 3387 1808 3450 Eucharistiae

84 3501 493 3580 ⁸¹²⁶⁰¹³⁰⁰t⁸⁰⁰t⁰²²t⁰tt⁸·
939 3474 1499 3620 tlthlillltilllltihati
1516 3471 1808 3616 lllltltlltit·

1050 3602 1057 3616 ·
1708 3595 1709 3600 ¹
1797 3591 1806 3627 a

940 3646 1167 3702 sacramentum
1182 3637 1392 3700 Eucharistiae
1408 3641 1530 3716 proprie
1546 3653 1609 3697 rem
1625 3651 1808 3714 permaneu-

64 3715 224 3809 'llactenus
239 3718 281 3780 de
295 3719 421 3783 reritate
435 3720 575 3800 eorporis
588 3720 707 3784 bomini
722 3721 755 3784 in
777 3721 895 3784 Eucha·
941 3728 1003 3785 tem
1019 3737 1102 3795 esse,
1118 3721 1260 3782 nimirum
1287 3721 1419 3784 hostiam
1444 3723 1666 3780 consecratam.
1695 3719 1809 3779 hoctor

51 3799 120 3893 nstia
131 3801 345 3877 disseruimus,
360 3802 443 3882 quod
457 3810 523 3866 erut
535 3801 764 3868 tundamentum
776 3811 897 3868 contro·
940 3805 1061 3884 primus
1076 3805 1246 3866 sententiae
1260 3803 1501 3865 adversariorum
1514 3801 1661 3863 blartinus
1673 3800 1811 3862 Boeotus

53 3898 197 3973 uersurum
224 3886 372 3946 omnium.
391 3887 430 3948 de
455 3894 645 3950 sacramento
672 3887 896 3952 Eucharistiae.
940 3887 1007 3950 luit:
1027 3904 1095 3948 narn
1112 3886 1158 3966 (ut
1173 3887 1281 3949 scribit
1295 3884 1429 3949 loannes
1445 3882 1614 3946 Cochlaeus
1631 3883 1685 3944 lib.
1709 3883 1740 3944 3.
1757 3882 1810 3944 illi·

53 3961 123 4026 bone
137 3966 173 4026 de
195 3974 391 4029 sacramento
414 3968 484 4045 ipso
508 3969 711 4044 disseremus,
737 3979 828 4050 atque
844 3987 897 4034 eas
942 3971 1165 4033 scellaneorum
1182 3975 1268 4032 tract.
1281 3967 1328 4048 8.)
1344 3984 1424 4030 anno
1440 3966 1560 4028 Domini
1577 3965 1667 4027 1333.
1684 3965 1734 4026 23.
1758 3964 1809 4024 die

54 4050 255 4112 uuinrersias
270 4051 508 4127 explicabimus,
533 4067 612 4132 quae
637 4053 676 4116 de
700 4053 768 4131 ipsa
793 4061 898 4116 natura
942 4054 1027 4133 maji,
1044 4053 1196 4130 persuasit
1217 4052 1347 4114 bothero
1372 4049 1519 4126 Bucerus,
1547 4065 1659 4126 corpus
1685 4045 1808 4109 Domini

55 4133 226 4225 sacramenti,
243 4134 351 4211 deque
365 4132 435 4212 ejus
448 4137 568 4198 caussis
582 4141 612 4196 et
625 4135 776 4214 partibus,
805 4137 896 4211 idest,
943 4152 1004 4198 noo
1021 4151 1092 4198 esse
1106 4135 1138 4196 in
1155 4135 1356 4206 Eucharistia,
1373 4135 1432 4196 nisi
1449 4133 1520 4196 dom
1535 4131 1676 4203 sumitur,
1693 4135 1724 4191 et
1739 4139 1808 4207 pro-

56 4208 86 4272 de
98 4219 223 4306 inebria,
238 4216 350 4291 lorma,
364 4215 427 4280 line
455 4223 486 4279 et
499 4217 696 4292 efficienteet
710 4219 844 4299 denique
858 4220 903 4282 de·
943 4219 1016 4281 inde
1034 4219 1130 4295 ipsam
1148 4219 1354 4296 sumptionem
1372 4217 1495 4296 proprie
1520 4219 1741 4276 sacramentum
1758 4227 1806 4272 es·

57 4298 341 4391 ”suptuaeltiStunl-
944 4315 990 4364 se.
1006 4299 1194 4378 Excogitavit
1208 4301 1288 4362 hano
1309 4301 1494 4362 sententiam
1520 4299 1667 4366 Bucerus,
1696 4301 1727 4356 ot
1754 4307 1809 4372 per

86 4374 171 4440 Prima
184 4388 276 4458 igitur
294 4383 434 4458 quaestio
448 4387 505 4455 est,
522 4382 596 4460 quid
610 4382 651 4445 sit
663 4383 788 4462 proprie
799 4400 899 4452 sacra·
945 4399 1013 4446 eom
1029 4383 1204 4445 conciliaret
1219 4384 1298 4444 iuter
1319 4399 1354 4445 se
1376 4382 1565 4444 butheranos
1591 4387 1622 4442 et
1648 4376 1808 4454 Zuiirglia·

54 4465 168 4557 mentam
181 4459 408 4538 Eucharistiae,
423 4467 656 4529 consecratione
670 4467 758 4544 panis
786 4472 817 4530 et
827 4467 900 4540 riui,
948 4481 1017 4528 nos:
1034 4466 1193 4528 ridebatur
1207 4467 1289 4526 enirn
1305 4470 1579 4545 temperamentum
1594 4461 1761 4541 quoddam,
1780 4465 1813 4522 et

57 4557 88 4600 an
99 4557 142 4636 res
154 4561 219 4623 ipsa
233 4553 428 4619 consecrata,
444 4565 484 4610 au
499 4549 601 4626 potius
628 4553 762 4626 sumptio
777 4557 807 4612 et
819 4567 902 4611 man·
947 4549 1035 4627 quasi
1051 4549 1183 4610 medium
1200 4549 1273 4627 quid
1290 4549 1368 4610 inter
1382 4555 1534 4612 extremas
1548 4546 1671 4608 illorum
1684 4549 1810 4604 senten·

58 4621 169 4698 ducatio,
183 4644 298 4707 unqua
324 4632 503 4708 quaestione
527 4632 643 4708 pendet
665 4631 724 4693 alia
746 4633 899 4710 quaesti03
947 4631 1024 4703 tias,
1033 4631 1092 4692 Sed
1109 4631 1247 4711 quamtis
1266 4630 1430 4694 eoncordia
1457 4645 1520 4691 nou
1545 4628 1743 4698 successerit,
1768 4632 1809 4684 tn·

58 4703 238 4800 llan'eorpus
250 4711 376 4774 bomini
390 4713 430 4775 sit
443 4713 476 4776 in
490 4712 681 4776 Eucharistia
699 4715 811 4789 solum,
826 4716 901 4778 dum
945 4730 1017 4776 meu
1043 4715 1122 4774 hano
1147 4716 1328 4776 senteutiam
1355 4713 1487 4775 libenter
1513 4711 1718 4788 arripuerunt,
1746 4715 1811 4768 tum

60 4796 180 4883 sumitur,
194 4810 232 4856 an
246 4810 322 4859 reru
337 4803 513 4873 permaneat
526 4797 558 4858 iu
573 4813 621 4870 ea,
645 4797 718 4858 dum
742 4805 902 4860 serrantur
946 4796 1124 4867 lutherani,
1142 4803 1203 4858 tum
1220 4795 1407 4872 Zwiugliani,
1426 4793 1507 4872 quod
1522 4794 1662 4854 riderent
1675 4807 1811 4869 peream

60 4874 245 4968 spaciesillae
260 4885 472 4940 consecratae.
488 4877 560 4940 Nam
576 4879 776 4941 curubomini
789 4897 902 4959 eorpus
946 4881 1065 4943 destrui
1080 4880 1288 4942 adorationem
1305 4877 1527 4958 Eucharistiae,
1544 4881 1574 4936 et
1589 4875 1646 4936 alia
1662 4873 1811 4936 nonnulla

60 4965 109 5012 non
122 4961 157 5016 sat
169 4974 199 5020 ta
213 4960 322 5039 speeie
338 4959 437 5038 panis,
454 4961 513 5024 nisi
527 4969 678 5042 quatenus
703 4963 774 5024 illae
798 4965 835 5024 ad
852 4981 900 5024 sa·
946 4979 1025 5041 uuae
1040 4963 1071 5024 in
1088 4979 1144 5024 usu
1161 4969 1246 5023 erant
1260 4961 1340 5039 apud
1356 4959 1534 5023 catholicus.
1562 4957 1667 5036 ltaque
1694 4955 1809 5032 Philip·

60 5046 224 5103 inuentum
240 5044 407 5121 pertinent,
424 5041 451 5106 si
465 5043 542 5107 torte
556 5047 622 5108 sola
647 5047 780 5125 sumptio
802 5062 903 5110 saera·
947 5062 1007 5124 pus
1021 5045 1240 5107 llelanchthon.
1252 5059 1291 5105 ex
1306 5042 1485 5104 lutheranis
1498 5055 1565 5102 eam
1578 5046 1678 5102 tuetur
1689 5038 1720 5099 in
1734 5037 1812 5098 locis

60 5125 176 5182 neutum
189 5125 241 5196 sit,
256 5142 321 5187 nun
337 5129 395 5188 orit
408 5143 522 5205 corpus
536 5128 656 5190 Domini
671 5127 703 5189 in
718 5128 780 5191 illis
802 5128 903 5207 speci·
949 5127 1248 5202 cunimunihus,loco
1264 5127 1303 5188 de
1318 5140 1413 5188 coena
1426 5123 1559 5185 Domini.
1572 5121 1707 5184 loannes
1719 5119 1812 5182 bren·

62 5198 134 5276 dus,
148 5209 267 5282 quaudo
280 5214 441 5272 serrantur
455 5211 486 5270 in
499 5210 616 5288 pixide,
640 5211 688 5272 rel
713 5212 835 5289 quaudo
849 5212 902 5272 de·
948 5211 1009 5273 tius
1023 5211 1054 5270 in
1071 5209 1263 5272 confession.
1280 5208 1552 5286 wirtembergens.
1569 5205 1679 5284 capde
1691 5201 1810 5264 Eucha·

62 5279 180 5348 leruntur
191 5291 229 5352 ad
244 5299 387 5369 aegrotos
399 5299 459 5355 etc.
475 5308 513 5354 er
527 5309 586 5372 qua
600 5294 780 5372 quaestione
794 5309 903 5356 rursus
949 5293 1048 5354 ristia.
1065 5292 1204 5354 llatthias
1219 5291 1361 5371 illyricus
1375 5291 1408 5352 in
1423 5289 1563 5368 apologia
1590 5303 1644 5368 pro
1668 5283 1812 5348 donless.

64 5365 179 5454 pardem
190 5371 296 5452 aliquo
311 5375 402 5437 modo
415 5373 492 5438 aliae
507 5377 733 5439 controuersiae
747 5376 786 5438 de
797 5378 903 5438 adora·
947 5375 1159 5451 antuerpiensi
1176 5391 1245 5453 cap.
1262 5375 1301 5435 de
1328 5387 1425 5434 coena
1450 5369 1583 5444 Domini,
1612 5375 1644 5432 et
1666 5366 1812 5430 liartinus

65 5451 130 5510 tione
142 5449 360 5527 Eucharistiae,
376 5460 460 5520 etde
474 5459 636 5530 sacrificio,
664 5464 697 5520 ut
722 5465 828 5521 uotum
842 5467 901 5520 est.
946 5457 1133 5525 Kumnitius,
1149 5458 1200 5535 qui
1216 5456 1435 5519 verbosissime
1451 5455 1489 5516 do
1515 5456 1572 5515 hae
1598 5467 1631 5515 re
1657 5456 1765 5512 tractat
1781 5451 1812 5510 iu

66 5522 222 5620 llocautem
243 5538 353 5600 urdine
375 5549 568 5618 praesentem
590 5540 826 5604 controversiam
852 5557 903 5604 ex·
947 5541 978 5602 2.
995 5546 1072 5617 part.
1089 5538 1243 5601 Examinis
1260 5540 1416 5601 tridentini
1431 5535 1554 5600 concilii
1570 5551 1652 5596 sess.
1670 5533 1721 5596 13.
1738 5549 1809 5610 cap.

68 5609 177 5704 placabo.
191 5617 436 5693 Primo,reieram
451 5625 691 5688 adversariorum
706 5624 902 5688 seutentiam.
949 5623 981 5684 3.
997 5632 1028 5685 et
1040 5623 1070 5684 o.
1088 5621 1132 5684 Es
1146 5621 1350 5699 Zwinplianis,
1376 5621 1512 5682 loannes
1538 5618 1680 5680 Calvinus
1706 5618 1761 5680 lib.
1779 5617 1812 5676 i.

70 5698 201 5774 secondo,
215 5717 285 5765 eam
298 5705 449 5782 refutabo,
463 5713 496 5772 et
509 5707 706 5788 respondebo
732 5707 771 5770 ad
796 5721 903 5771 aarum
947 5705 1082 5770 institut.
1098 5721 1166 5785 cap.
1184 5703 1234 5768 ta.
1250 5703 1267 5783 b
1282 5705 1332 5767 dl.
1349 5711 1378 5768 et
1394 5703 1444 5768 33.
1461 5709 1491 5766 et
1513 5703 1619 5766 Petrus
1642 5705 1755 5778 martyr
1778 5699 1811 5758 iu

125 5796 288 5860 demamus.
306 5803 362 5862 llol.
383 5805 432 5864 lll.
1519 5806 1550 5859 51
