<?xml version="1.0" encoding="UTF-8"?>
<!DOCTYPE html PUBLIC "-//W3C//DTD XHTML 1.0 Transitional//EN"
    "http://www.w3.org/TR/xhtml1/DTD/xhtml1-transitional.dtd">
<html xmlns="http://www.w3.org/1999/xhtml" xml:lang="en" lang="en">
 <head>
  <title>
</title>
<meta http-equiv="Content-Type" content="text/html;charset=utf-8" />
  <meta name='ocr-system' content='tesseract 3.04.00' />
  <meta name='ocr-capabilities' content='ocr_page ocr_carea ocr_par ocr_line ocrx_word'/>
</head>
<body>
  <div class='ocr_page' id='page_1' title='image "./operaomnia03unkngoog/operaomnia03unkngoog_0782.png"; bbox 0 0 4084 6275; ppageno 0'>
   <div class='ocr_carea' id='block_1_1' title="bbox 239 295 1262 365">
    <p class='ocr_par' dir='ltr' id='par_1_1' title="bbox 239 295 1262 365">
     <span class='ocr_line' id='line_1_1' title="bbox 239 295 1262 365; baseline -0.003 -6"><span class='ocrx_word' id='word_1_1' title='bbox 239 301 292 359; x_wconf 81' lang='lat' dir='ltr'><strong>toa</strong></span> <span class='ocrx_word' id='word_1_2' title='bbox 700 362 702 365; x_wconf 63' lang='grc'><strong>,</strong></span> <span class='ocrx_word' id='word_1_3' title='bbox 821 299 865 359; x_wconf 79' lang='lat' dir='ltr'><strong>ote</strong></span> <span class='ocrx_word' id='word_1_4' title='bbox 885 298 1108 357; x_wconf 75' lang='lat' dir='ltr'><strong>sustentato</strong></span> <span class='ocrx_word' id='word_1_5' title='bbox 1127 295 1262 358; x_wconf 80' lang='lat' dir='ltr'><strong>Ottttttts</strong></span> 
     </span>
    </p>
   </div>
   <div class='ocr_carea' id='block_1_2' title="bbox 163 429 1948 1586">
    <p class='ocr_par' dir='ltr' id='par_1_2' title="bbox 163 429 1945 1010">
     <span class='ocr_line' id='line_1_2' title="bbox 163 429 1944 512; baseline -0.002 -19"><span class='ocrx_word' id='word_1_6' title='bbox 163 440 207 496; x_wconf 88' lang='lat' dir='ltr'><strong>tot</strong></span> <span class='ocrx_word' id='word_1_7' title='bbox 221 431 451 498; x_wconf 66' lang='lat' dir='ltr'><strong>sacramentalia</strong></span> <span class='ocrx_word' id='word_1_8' title='bbox 468 431 614 504; x_wconf 85' lang='lat' dir='ltr'><strong>instituta,</strong></span> <span class='ocrx_word' id='word_1_9' title='bbox 639 434 689 496; x_wconf 90' lang='lat' dir='ltr'><strong>ubi</strong></span> <span class='ocrx_word' id='word_1_10' title='bbox 717 436 835 496; x_wconf 78' lang='lat' dir='ltr'><strong>trullum</strong></span> <span class='ocrx_word' id='word_1_11' title='bbox 860 436 901 498; x_wconf 92' lang='lat' dir='ltr'><strong>sit</strong></span> <span class='ocrx_word' id='word_1_12' title='bbox 920 451 1024 496; x_wconf 88' lang='lat' dir='ltr'><strong>saera·</strong></span> <span class='ocrx_word' id='word_1_13' title='bbox 1069 436 1181 496; x_wconf 86' lang='lat' dir='ltr'><strong>leutio.</strong></span> <span class='ocrx_word' id='word_1_14' title='bbox 1198 433 1331 494; x_wconf 89' lang='lat' dir='ltr'><strong>Primum</strong></span> <span class='ocrx_word' id='word_1_15' title='bbox 1349 431 1489 512; x_wconf 90' lang='lat' dir='ltr'><strong>probent,</strong></span> <span class='ocrx_word' id='word_1_16' title='bbox 1504 429 1573 508; x_wconf 83' lang='lat' dir='ltr'><strong>grtia</strong></span> <span class='ocrx_word' id='word_1_17' title='bbox 1589 443 1669 494; x_wconf 87' lang='lat' dir='ltr'><strong>unus</strong></span> <span class='ocrx_word' id='word_1_18' title='bbox 1684 429 1767 492; x_wconf 90' lang='lat' dir='ltr'><strong>Ordo</strong></span> <span class='ocrx_word' id='word_1_19' title='bbox 1780 443 1843 490; x_wconf 93' lang='lat' dir='ltr'><strong>noo</strong></span> <span class='ocrx_word' id='word_1_20' title='bbox 1861 444 1944 508; x_wconf 85' lang='lat' dir='ltr'><strong>peu·</strong></span> 
     </span>
     <span class='ocr_line' id='line_1_3' title="bbox 165 511 1944 596; baseline -0.006 -15"><span class='ocrx_word' id='word_1_21' title='bbox 165 525 313 582; x_wconf 88' lang='lat' dir='ltr'><strong>mentum.</strong></span> <span class='ocrx_word' id='word_1_22' title='bbox 330 517 487 580; x_wconf 84' lang='lat' dir='ltr'><strong>Secundo:</strong></span> <span class='ocrx_word' id='word_1_23' title='bbox 505 515 581 587; x_wconf 81' lang='lat' dir='ltr'><strong>Quia</strong></span> <span class='ocrx_word' id='word_1_24' title='bbox 602 516 629 576; x_wconf 92' lang='lat' dir='ltr'><strong>si</strong></span> <span class='ocrx_word' id='word_1_25' title='bbox 651 516 848 596; x_wconf 71' lang='lat' dir='ltr'>episcopatus</span> <span class='ocrx_word' id='word_1_26' title='bbox 870 521 910 582; x_wconf 92' lang='lat' dir='ltr'><strong>sit</strong></span> <span class='ocrx_word' id='word_1_27' title='bbox 924 534 1024 578; x_wconf 88' lang='lat' dir='ltr'><strong>sacra·</strong></span> <span class='ocrx_word' id='word_1_28' title='bbox 1069 521 1121 578; x_wconf 93' lang='lat' dir='ltr'><strong>det</strong></span> <span class='ocrx_word' id='word_1_29' title='bbox 1132 519 1169 578; x_wconf 90' lang='lat' dir='ltr'><strong>eb</strong></span> <span class='ocrx_word' id='word_1_30' title='bbox 1185 516 1256 586; x_wconf 86' lang='lat' dir='ltr'><strong>alio,</strong></span> <span class='ocrx_word' id='word_1_31' title='bbox 1274 523 1306 578; x_wconf 91' lang='lat' dir='ltr'><strong>ut</strong></span> <span class='ocrx_word' id='word_1_32' title='bbox 1322 515 1491 592; x_wconf 78' lang='grc' dir='ltr'>ριιειιεειι</span> <span class='ocrx_word' id='word_1_33' title='bbox 1508 514 1533 576; x_wconf 89' lang='grc' dir='ltr'><strong>ει</strong></span> <span class='ocrx_word' id='word_1_34' title='bbox 1546 515 1616 592; x_wconf 87' lang='lat' dir='ltr'><strong>quis</strong></span> <span class='ocrx_word' id='word_1_35' title='bbox 1631 512 1791 578; x_wconf 71' lang='lat' dir='ltr'>ordinetur</span> <span class='ocrx_word' id='word_1_36' title='bbox 1805 511 1944 590; x_wconf 88' lang='lat' dir='ltr'><strong>presby·</strong></span> 
     </span>
     <span class='ocr_line' id='line_1_4' title="bbox 166 597 1942 678; baseline -0.005 -16"><span class='ocrx_word' id='word_1_37' title='bbox 166 607 303 662; x_wconf 88' lang='lat' dir='ltr'><strong>mentum</strong></span> <span class='ocrx_word' id='word_1_38' title='bbox 317 618 334 661; x_wconf 91' lang='grc' dir='ltr'><strong>ε</strong></span> <span class='ocrx_word' id='word_1_39' title='bbox 349 600 561 678; x_wconf 68' lang='lat' dir='ltr'><strong>presbyteratu</strong></span> <span class='ocrx_word' id='word_1_40' title='bbox 576 598 776 674; x_wconf 91' lang='lat' dir='ltr'><strong>distinctum,</strong></span> <span class='ocrx_word' id='word_1_41' title='bbox 798 600 887 663; x_wconf 89' lang='lat' dir='ltr'><strong>laeile</strong></span> <span class='ocrx_word' id='word_1_42' title='bbox 902 602 960 662; x_wconf 90' lang='lat' dir='ltr'><strong>erit</strong></span> <span class='ocrx_word' id='word_1_43' title='bbox 973 601 1028 661; x_wconf 93' lang='lat' dir='ltr'><strong>de·</strong></span> <span class='ocrx_word' id='word_1_44' title='bbox 1069 607 1126 671; x_wconf 89' lang='lat' dir='ltr'><strong>ter,</strong></span> <span class='ocrx_word' id='word_1_45' title='bbox 1143 599 1196 678; x_wconf 87' lang='lat' dir='ltr'><strong>qui</strong></span> <span class='ocrx_word' id='word_1_46' title='bbox 1211 605 1299 659; x_wconf 86' lang='lat' dir='ltr'><strong>antea</strong></span> <span class='ocrx_word' id='word_1_47' title='bbox 1314 615 1375 659; x_wconf 92' lang='lat' dir='ltr'><strong>non</strong></span> <span class='ocrx_word' id='word_1_48' title='bbox 1393 599 1483 660; x_wconf 91' lang='lat' dir='ltr'><strong>tuerit</strong></span> <span class='ocrx_word' id='word_1_49' title='bbox 1495 597 1654 662; x_wconf 84' lang='lat' dir='ltr'><strong>diaconus.</strong></span> <span class='ocrx_word' id='word_1_50' title='bbox 1672 597 1725 656; x_wconf 92' lang='lat' dir='ltr'><strong>illc</strong></span> <span class='ocrx_word' id='word_1_51' title='bbox 1737 601 1786 658; x_wconf 90' lang='lat' dir='ltr'><strong>est</strong></span> <span class='ocrx_word' id='word_1_52' title='bbox 1801 611 1874 656; x_wconf 88' lang='lat' dir='ltr'><strong>rere</strong></span> <span class='ocrx_word' id='word_1_53' title='bbox 1892 611 1942 656; x_wconf 90' lang='lat' dir='ltr'><strong>or·</strong></span> 
     </span>
     <span class='ocr_line' id='line_1_5' title="bbox 166 675 1945 761; baseline -0.004 -17"><span class='ocrx_word' id='word_1_54' title='bbox 166 684 292 745; x_wconf 89' lang='lat' dir='ltr'><strong>tendere</strong></span> <span class='ocrx_word' id='word_1_55' title='bbox 308 684 493 760; x_wconf 86' lang='lat' dir='ltr'><strong>episcopum·</strong></span> <span class='ocrx_word' id='word_1_56' title='bbox 503 681 573 759; x_wconf 83' lang='lat' dir='ltr'><strong>jure</strong></span> <span class='ocrx_word' id='word_1_57' title='bbox 589 681 691 744; x_wconf 83' lang='lat' dir='ltr'><strong>diuino</strong></span> <span class='ocrx_word' id='word_1_58' title='bbox 708 687 851 757; x_wconf 81' lang='lat' dir='ltr'><strong>majorem</strong></span> <span class='ocrx_word' id='word_1_59' title='bbox 873 699 944 746; x_wconf 88' lang='lat' dir='ltr'><strong>esse</strong></span> <span class='ocrx_word' id='word_1_60' title='bbox 959 697 1026 761; x_wconf 88' lang='lat' dir='ltr'><strong>pre·</strong></span> <span class='ocrx_word' id='word_1_61' title='bbox 1071 681 1205 745; x_wconf 88' lang='lat' dir='ltr'><strong>dinatus.</strong></span> <span class='ocrx_word' id='word_1_62' title='bbox 1222 681 1396 742; x_wconf 88' lang='lat' dir='ltr'><strong>Secundum</strong></span> <span class='ocrx_word' id='word_1_63' title='bbox 1413 681 1553 760; x_wconf 89' lang='lat' dir='ltr'><strong>probant,</strong></span> <span class='ocrx_word' id='word_1_64' title='bbox 1569 681 1638 757; x_wconf 84' lang='lat' dir='ltr'><strong>quia</strong></span> <span class='ocrx_word' id='word_1_65' title='bbox 1654 695 1779 756; x_wconf 80' lang='lat' dir='ltr'><strong>semper</strong></span> <span class='ocrx_word' id='word_1_66' title='bbox 1793 675 1879 740; x_wconf 91' lang='lat' dir='ltr'><strong>Ordo</strong></span> <span class='ocrx_word' id='word_1_67' title='bbox 1897 679 1945 738; x_wconf 93' lang='lat' dir='ltr'><strong>in·</strong></span> 
     </span>
     <span class='ocr_line' id='line_1_6' title="bbox 168 761 1943 846; baseline -0.003 -20"><span class='ocrx_word' id='word_1_68' title='bbox 168 767 305 846; x_wconf 90' lang='lat' dir='ltr'><strong>sbytero‚</strong></span> <span class='ocrx_word' id='word_1_69' title='bbox 321 771 378 825; x_wconf 91' lang='lat' dir='ltr'><strong>tam</strong></span> <span class='ocrx_word' id='word_1_70' title='bbox 395 763 504 824; x_wconf 91' lang='lat' dir='ltr'><strong>ordine</strong></span> <span class='ocrx_word' id='word_1_71' title='bbox 518 780 609 840; x_wconf 83' lang='lat' dir='ltr'><strong>quam</strong></span> <span class='ocrx_word' id='word_1_72' title='bbox 622 764 851 842; x_wconf 75' lang='lat' dir='ltr'><strong>jurisdictione:</strong></span> <span class='ocrx_word' id='word_1_73' title='bbox 867 767 947 845; x_wconf 83' lang='lat' dir='ltr'><strong>quod</strong></span> <span class='ocrx_word' id='word_1_74' title='bbox 965 768 1026 826; x_wconf 88' lang='lat' dir='ltr'><strong>bon</strong></span> <span class='ocrx_word' id='word_1_75' title='bbox 1073 765 1163 827; x_wconf 87' lang='lat' dir='ltr'><strong>terior</strong></span> <span class='ocrx_word' id='word_1_76' title='bbox 1178 765 1351 827; x_wconf 90' lang='lat' dir='ltr'><strong>continetur</strong></span> <span class='ocrx_word' id='word_1_77' title='bbox 1367 765 1397 824; x_wconf 92' lang='lat' dir='ltr'><strong>in</strong></span> <span class='ocrx_word' id='word_1_78' title='bbox 1413 763 1586 842; x_wconf 76' lang='lat' dir='ltr'><strong>superiore:</strong></span> <span class='ocrx_word' id='word_1_79' title='bbox 1612 764 1721 824; x_wconf 90' lang='lat' dir='ltr'><strong>saltem</strong></span> <span class='ocrx_word' id='word_1_80' title='bbox 1744 763 1774 822; x_wconf 90' lang='lat' dir='ltr'><strong>in</strong></span> <span class='ocrx_word' id='word_1_81' title='bbox 1801 761 1917 822; x_wconf 79' lang='lat' dir='ltr'><strong>uirtute</strong></span> <span class='ocrx_word' id='word_1_82' title='bbox 1934 777 1943 822; x_wconf 75' lang='grc' dir='ltr'><strong>ι</strong></span> 
     </span>
     <span class='ocr_line' id='line_1_7' title="bbox 167 842 1945 928; baseline -0.003 -19"><span class='ocrx_word' id='word_1_83' title='bbox 167 857 307 926; x_wconf 91' lang='lat' dir='ltr'><strong>tempore</strong></span> <span class='ocrx_word' id='word_1_84' title='bbox 322 862 431 909; x_wconf 91' lang='lat' dir='ltr'><strong>omnes</strong></span> <span class='ocrx_word' id='word_1_85' title='bbox 445 847 591 908; x_wconf 89' lang='lat' dir='ltr'><strong>baeretici</strong></span> <span class='ocrx_word' id='word_1_86' title='bbox 608 854 732 928; x_wconf 86' lang='lat' dir='ltr'><strong>negant:</strong></span> <span class='ocrx_word' id='word_1_87' title='bbox 749 849 863 928; x_wconf 82' lang='lat' dir='ltr'>alioqui</span> <span class='ocrx_word' id='word_1_88' title='bbox 890 864 982 928; x_wconf 89' lang='lat' dir='ltr'><strong>aegre</strong></span> <span class='ocrx_word' id='word_1_89' title='bbox 997 847 1028 908; x_wconf 96' lang='lat' dir='ltr'><strong>id</strong></span> <span class='ocrx_word' id='word_1_90' title='bbox 1073 853 1179 924; x_wconf 90' lang='lat' dir='ltr'><strong>posset</strong></span> <span class='ocrx_word' id='word_1_91' title='bbox 1200 847 1283 908; x_wconf 91' lang='lat' dir='ltr'><strong>enim</strong></span> <span class='ocrx_word' id='word_1_92' title='bbox 1299 847 1458 926; x_wconf 77' lang='lat' dir='ltr'><strong>presbyter</strong></span> <span class='ocrx_word' id='word_1_93' title='bbox 1480 846 1565 922; x_wconf 87' lang='lat' dir='ltr'><strong>iungi</strong></span> <span class='ocrx_word' id='word_1_94' title='bbox 1582 860 1710 906; x_wconf 92' lang='lat' dir='ltr'><strong>munere</strong></span> <span class='ocrx_word' id='word_1_95' title='bbox 1727 842 1852 906; x_wconf 88' lang='lat' dir='ltr'><strong>diaconi</strong></span> <span class='ocrx_word' id='word_1_96' title='bbox 1869 891 1879 918; x_wconf 96' lang='lat'><strong>,</strong></span> <span class='ocrx_word' id='word_1_97' title='bbox 1898 849 1945 906; x_wconf 90' lang='lat' dir='ltr'><strong>et·</strong></span> 
     </span>
     <span class='ocr_line' id='line_1_8' title="bbox 168 927 1686 1010; baseline -0.005 -16"><span class='ocrx_word' id='word_1_98' title='bbox 168 931 291 994; x_wconf 88' lang='lat' dir='ltr'><strong>delendi</strong></span> <span class='ocrx_word' id='word_1_99' title='bbox 307 930 429 1010; x_wconf 88' lang='lat' dir='ltr'><strong>poterit.</strong></span> <span class='ocrx_word' id='word_1_100' title='bbox 1072 930 1161 993; x_wconf 89' lang='lat' dir='ltr'><strong>iamsi</strong></span> <span class='ocrx_word' id='word_1_101' title='bbox 1175 928 1321 993; x_wconf 85' lang='lat' dir='ltr'><strong>Ordinem</strong></span> <span class='ocrx_word' id='word_1_102' title='bbox 1332 930 1454 991; x_wconf 89' lang='lat' dir='ltr'><strong>diaconi</strong></span> <span class='ocrx_word' id='word_1_103' title='bbox 1470 945 1530 990; x_wconf 94' lang='lat' dir='ltr'><strong>non</strong></span> <span class='ocrx_word' id='word_1_104' title='bbox 1548 927 1686 990; x_wconf 89' lang='lat' dir='ltr'><strong>baberet.</strong></span> 
     </span>
    </p>

    <p class='ocr_par' dir='ltr' id='par_1_3' title="bbox 171 1009 1948 1504">
     <span class='ocr_line' id='line_1_9' title="bbox 206 1009 1945 1091; baseline -0.002 -17"><span class='ocrx_word' id='word_1_105' title='bbox 206 1014 313 1091; x_wconf 82' lang='lat' dir='ltr'><strong>licque</strong></span> <span class='ocrx_word' id='word_1_106' title='bbox 327 1012 473 1083; x_wconf 84' lang='lat' dir='ltr'><strong>rationes,</strong></span> <span class='ocrx_word' id='word_1_107' title='bbox 490 1026 569 1090; x_wconf 87' lang='lat' dir='ltr'><strong>quae</strong></span> <span class='ocrx_word' id='word_1_108' title='bbox 584 1018 688 1074; x_wconf 87' lang='lat' dir='ltr'><strong>eontra</strong></span> <span class='ocrx_word' id='word_1_109' title='bbox 704 1013 798 1091; x_wconf 85' lang='lat' dir='ltr'><strong>objici</strong></span> <span class='ocrx_word' id='word_1_110' title='bbox 823 1014 935 1088; x_wconf 89' lang='lat' dir='ltr'><strong>solent,</strong></span> <span class='ocrx_word' id='word_1_111' title='bbox 954 1029 1026 1074; x_wconf 93' lang='lat' dir='ltr'><strong>con·</strong></span> <span class='ocrx_word' id='word_1_112' title='bbox 1113 1011 1307 1091; x_wconf 89' lang='lat' dir='ltr'><strong>Respondeo:</strong></span> <span class='ocrx_word' id='word_1_113' title='bbox 1320 1011 1401 1073; x_wconf 92' lang='lat' dir='ltr'><strong>Nibil</strong></span> <span class='ocrx_word' id='word_1_114' title='bbox 1415 1028 1521 1074; x_wconf 91' lang='lat' dir='ltr'><strong>corum</strong></span> <span class='ocrx_word' id='word_1_115' title='bbox 1534 1011 1635 1089; x_wconf 83' lang='lat' dir='ltr'><strong>sequi.</strong></span> <span class='ocrx_word' id='word_1_116' title='bbox 1651 1010 1724 1070; x_wconf 85' lang='lat' dir='ltr'><strong>dam</strong></span> <span class='ocrx_word' id='word_1_117' title='bbox 1740 1009 1945 1088; x_wconf 87' lang='lat' dir='ltr'><strong>impossibiie</strong></span> 
     </span>
     <span class='ocr_line' id='line_1_10' title="bbox 171 1094 1947 1174; baseline 0 -20"><span class='ocrx_word' id='word_1_118' title='bbox 171 1097 309 1170; x_wconf 87' lang='lat' dir='ltr'><strong>rincunt,</strong></span> <span class='ocrx_word' id='word_1_119' title='bbox 326 1095 425 1156; x_wconf 82' lang='lat' dir='ltr'><strong>Primo</strong></span> <span class='ocrx_word' id='word_1_120' title='bbox 441 1094 818 1174; x_wconf 77' lang='lat' dir='ltr'><strong>objiciuotzb&#39;piscopotue</strong></span> <span class='ocrx_word' id='word_1_121' title='bbox 832 1111 902 1158; x_wconf 83' lang='lat' dir='ltr'><strong>nou</strong></span> <span class='ocrx_word' id='word_1_122' title='bbox 915 1101 960 1158; x_wconf 84' lang='lat' dir='ltr'><strong>est</strong></span> <span class='ocrx_word' id='word_1_123' title='bbox 977 1094 1030 1157; x_wconf 85' lang='lat' dir='ltr'><strong>Or·</strong></span> <span class='ocrx_word' id='word_1_124' title='bbox 1074 1102 1122 1158; x_wconf 88' lang='lat' dir='ltr'><strong>est</strong></span> <span class='ocrx_word' id='word_1_125' title='bbox 1135 1095 1268 1157; x_wconf 89' lang='lat' dir='ltr'><strong>ordinari</strong></span> <span class='ocrx_word' id='word_1_126' title='bbox 1284 1095 1477 1173; x_wconf 88' lang='lat' dir='ltr'><strong>episcopum,</strong></span> <span class='ocrx_word' id='word_1_127' title='bbox 1504 1094 1555 1174; x_wconf 88' lang='lat' dir='ltr'><strong>qni</strong></span> <span class='ocrx_word' id='word_1_128' title='bbox 1572 1095 1618 1154; x_wconf 87' lang='lat' dir='ltr'><strong>rel</strong></span> <span class='ocrx_word' id='word_1_129' title='bbox 1636 1098 1722 1153; x_wconf 88' lang='lat' dir='ltr'><strong>antea</strong></span> <span class='ocrx_word' id='word_1_130' title='bbox 1736 1095 1853 1155; x_wconf 88' lang='lat' dir='ltr'><strong>nonsit</strong></span> <span class='ocrx_word' id='word_1_131' title='bbox 1869 1109 1947 1170; x_wconf 90' lang='lat' dir='ltr'><strong>pre·</strong></span> 
     </span>
     <span class='ocr_line' id='line_1_11' title="bbox 172 1174 1944 1258; baseline -0.003 -16"><span class='ocrx_word' id='word_1_132' title='bbox 172 1181 214 1242; x_wconf 89' lang='lat' dir='ltr'><strong>do</strong></span> <span class='ocrx_word' id='word_1_133' title='bbox 229 1193 342 1253; x_wconf 85' lang='lat' dir='ltr'><strong>nonus,</strong></span> <span class='ocrx_word' id='word_1_134' title='bbox 359 1177 485 1255; x_wconf 78' lang='lat' dir='ltr'><strong>otioque·</strong></span> <span class='ocrx_word' id='word_1_135' title='bbox 508 1175 641 1239; x_wconf 76' lang='grc' dir='ltr'>Οιιιιεει</span> <span class='ocrx_word' id='word_1_136' title='bbox 665 1185 769 1240; x_wconf 79' lang='lat' dir='ltr'><strong>essent</strong></span> <span class='ocrx_word' id='word_1_137' title='bbox 792 1179 901 1257; x_wconf 85' lang='lat' dir='ltr'><strong>plures</strong></span> <span class='ocrx_word' id='word_1_138' title='bbox 930 1193 1031 1255; x_wconf 83' lang='lat' dir='ltr'><strong>quom</strong></span> <span class='ocrx_word' id='word_1_139' title='bbox 1073 1177 1239 1258; x_wconf 88' lang='lat' dir='ltr'><strong>sbyter‚rei</strong></span> <span class='ocrx_word' id='word_1_140' title='bbox 1255 1185 1339 1240; x_wconf 90' lang='lat' dir='ltr'><strong>certe</strong></span> <span class='ocrx_word' id='word_1_141' title='bbox 1355 1194 1416 1239; x_wconf 95' lang='lat' dir='ltr'><strong>non</strong></span> <span class='ocrx_word' id='word_1_142' title='bbox 1432 1184 1504 1239; x_wconf 92' lang='lat' dir='ltr'><strong>tune</strong></span> <span class='ocrx_word' id='word_1_143' title='bbox 1519 1177 1610 1238; x_wconf 92' lang='lat' dir='ltr'><strong>simui</strong></span> <span class='ocrx_word' id='word_1_144' title='bbox 1626 1174 1755 1252; x_wconf 90' lang='lat' dir='ltr'><strong>accipiat</strong></span> <span class='ocrx_word' id='word_1_145' title='bbox 1774 1178 1944 1256; x_wconf 87' lang='lat' dir='ltr'><strong>utramque</strong></span> 
     </span>
     <span class='ocr_line' id='line_1_12' title="bbox 171 1257 1946 1340; baseline -0.002 -18"><span class='ocrx_word' id='word_1_146' title='bbox 171 1267 302 1339; x_wconf 86' lang='lat' dir='ltr'><strong>septem.</strong></span> <span class='ocrx_word' id='word_1_147' title='bbox 320 1260 355 1322; x_wconf 83' lang='lat' dir='ltr'><strong>Si</strong></span> <span class='ocrx_word' id='word_1_148' title='bbox 368 1265 477 1321; x_wconf 84' lang='lat' dir='ltr'><strong>cutam</strong></span> <span class='ocrx_word' id='word_1_149' title='bbox 487 1275 556 1321; x_wconf 83' lang='lat' dir='ltr'><strong>oon</strong></span> <span class='ocrx_word' id='word_1_150' title='bbox 565 1275 668 1322; x_wconf 81' lang='lat' dir='ltr'><strong>nouus</strong></span> <span class='ocrx_word' id='word_1_151' title='bbox 686 1259 780 1329; x_wconf 81' lang='lat' dir='ltr'><strong>Ordo,</strong></span> <span class='ocrx_word' id='word_1_152' title='bbox 796 1268 881 1323; x_wconf 89' lang='lat' dir='ltr'><strong>certe</strong></span> <span class='ocrx_word' id='word_1_153' title='bbox 900 1277 1029 1322; x_wconf 84' lang='lat' dir='ltr'><strong>necno·</strong></span> <span class='ocrx_word' id='word_1_154' title='bbox 1074 1260 1389 1340; x_wconf 83' lang='lat' dir='ltr'><strong>Ordinationem3quia</strong></span> <span class='ocrx_word' id='word_1_155' title='bbox 1410 1267 1442 1322; x_wconf 93' lang='grc' dir='ltr'><strong>ει</strong></span> <span class='ocrx_word' id='word_1_156' title='bbox 1458 1258 1531 1334; x_wconf 79' lang='lat' dir='ltr'><strong>diri,</strong></span> <span class='ocrx_word' id='word_1_157' title='bbox 1547 1265 1674 1335; x_wconf 78' lang='lat' dir='ltr'><strong>utraque</strong></span> <span class='ocrx_word' id='word_1_158' title='bbox 1687 1263 1736 1320; x_wconf 90' lang='lat' dir='ltr'><strong>est</strong></span> <span class='ocrx_word' id='word_1_159' title='bbox 1749 1257 1789 1319; x_wconf 91' lang='lat' dir='ltr'><strong>dc</strong></span> <span class='ocrx_word' id='word_1_160' title='bbox 1804 1261 1946 1322; x_wconf 84' lang='lat' dir='ltr'><strong>essentie</strong></span> 
     </span>
     <span class='ocr_line' id='line_1_13' title="bbox 172 1339 1946 1420; baseline -0.002 -15"><span class='ocrx_word' id='word_1_161' title='bbox 172 1345 647 1405; x_wconf 70' lang='lat' dir='ltr'><strong>urmaccrcmautummcmai</strong></span> <span class='ocrx_word' id='word_1_162' title='bbox 665 1350 906 1406; x_wconf 84' lang='lat' dir='ltr'><strong>sacromentum</strong></span> <span class='ocrx_word' id='word_1_163' title='bbox 929 1350 1030 1417; x_wconf 83' lang='lat' dir='ltr'><strong>esaei,</strong></span> <span class='ocrx_word' id='word_1_164' title='bbox 1074 1344 1282 1420; x_wconf 87' lang='lat' dir='ltr'><strong>episcopatus.</strong></span> <span class='ocrx_word' id='word_1_165' title='bbox 1301 1345 1360 1404; x_wconf 87' lang='lat' dir='ltr'><strong>tice</strong></span> <span class='ocrx_word' id='word_1_166' title='bbox 1377 1351 1558 1417; x_wconf 83' lang='grc' dir='ltr'>εειιεειιι,</span> <span class='ocrx_word' id='word_1_167' title='bbox 1590 1357 1685 1402; x_wconf 92' lang='lat' dir='ltr'><strong>unum</strong></span> <span class='ocrx_word' id='word_1_168' title='bbox 1714 1339 1864 1403; x_wconf 86' lang='lat' dir='ltr'><strong>Ordinem</strong></span> <span class='ocrx_word' id='word_1_169' title='bbox 1881 1358 1946 1402; x_wconf 90' lang='lat' dir='ltr'><strong>non</strong></span> 
     </span>
     <span class='ocr_line' id='line_1_14' title="bbox 174 1424 1948 1504; baseline -0.002 -17"><span class='ocrx_word' id='word_1_170' title='bbox 174 1430 254 1488; x_wconf 81' lang='lat' dir='ltr'><strong>esset</strong></span> <span class='ocrx_word' id='word_1_171' title='bbox 265 1427 630 1504; x_wconf 80' lang='lat' dir='ltr'><strong>utiqueaccrumcntum</strong></span> <span class='ocrx_word' id='word_1_172' title='bbox 647 1424 787 1489; x_wconf 80' lang='lat' dir='ltr'><strong>Ordinis.</strong></span> <span class='ocrx_word' id='word_1_173' title='bbox 1076 1426 1213 1504; x_wconf 88' lang='lat' dir='ltr'><strong>pendero</strong></span> <span class='ocrx_word' id='word_1_174' title='bbox 1228 1427 1266 1488; x_wconf 90' lang='lat' dir='ltr'><strong>ab</strong></span> <span class='ocrx_word' id='word_1_175' title='bbox 1279 1427 1350 1498; x_wconf 90' lang='lat' dir='ltr'><strong>elio,</strong></span> <span class='ocrx_word' id='word_1_176' title='bbox 1371 1426 1429 1486; x_wconf 92' lang='lat' dir='ltr'><strong>nisi</strong></span> <span class='ocrx_word' id='word_1_177' title='bbox 1446 1424 1477 1486; x_wconf 90' lang='lat' dir='ltr'><strong>in</strong></span> <span class='ocrx_word' id='word_1_178' title='bbox 1494 1424 1544 1490; x_wconf 87' lang='lat' dir='ltr'><strong>iis.</strong></span> <span class='ocrx_word' id='word_1_179' title='bbox 1561 1439 1692 1502; x_wconf 83' lang='lat' dir='ltr'><strong>quorum</strong></span> <span class='ocrx_word' id='word_1_180' title='bbox 1718 1440 1798 1484; x_wconf 90' lang='lat' dir='ltr'><strong>unus</strong></span> <span class='ocrx_word' id='word_1_181' title='bbox 1815 1441 1879 1486; x_wconf 94' lang='lat' dir='ltr'><strong>non</strong></span> <span class='ocrx_word' id='word_1_182' title='bbox 1898 1431 1948 1484; x_wconf 91' lang='lat' dir='ltr'><strong>est</strong></span> 
     </span>
    </p>

    <p class='ocr_par' dir='ltr' id='par_1_4' title="bbox 215 1506 1947 1586">
     <span class='ocr_line' id='line_1_15' title="bbox 215 1506 1947 1586; baseline -0.001 -16"><span class='ocrx_word' id='word_1_183' title='bbox 215 1507 411 1586; x_wconf 82' lang='lat' dir='ltr'><strong>Respondeo:</strong></span> <span class='ocrx_word' id='word_1_184' title='bbox 427 1507 646 1585; x_wconf 85' lang='lat' dir='ltr'><strong>Episcopatum</strong></span> <span class='ocrx_word' id='word_1_185' title='bbox 674 1524 746 1570; x_wconf 89' lang='lat' dir='ltr'><strong>esse</strong></span> <span class='ocrx_word' id='word_1_186' title='bbox 768 1508 912 1570; x_wconf 87' lang='lat' dir='ltr'><strong>Ordinem</strong></span> <span class='ocrx_word' id='word_1_187' title='bbox 936 1523 1031 1570; x_wconf 91' lang='lat' dir='ltr'><strong>unum</strong></span> <span class='ocrx_word' id='word_1_188' title='bbox 1076 1511 1115 1570; x_wconf 90' lang='lat' dir='ltr'><strong>de</strong></span> <span class='ocrx_word' id='word_1_189' title='bbox 1130 1512 1263 1570; x_wconf 88' lang='lat' dir='ltr'><strong>essentia</strong></span> <span class='ocrx_word' id='word_1_190' title='bbox 1280 1507 1421 1570; x_wconf 87' lang='lat' dir='ltr'><strong>alterius:</strong></span> <span class='ocrx_word' id='word_1_191' title='bbox 1439 1523 1497 1569; x_wconf 88' lang='lat' dir='ltr'><strong>nco</strong></span> <span class='ocrx_word' id='word_1_192' title='bbox 1513 1508 1594 1570; x_wconf 90' lang='lat' dir='ltr'><strong>ralct</strong></span> <span class='ocrx_word' id='word_1_193' title='bbox 1618 1506 1789 1567; x_wconf 90' lang='lat' dir='ltr'><strong>similitudo</strong></span> <span class='ocrx_word' id='word_1_194' title='bbox 1819 1507 1947 1569; x_wconf 88' lang='lat' dir='ltr'><strong>diaconi</strong></span> 
     </span>
    </p>
   </div>
   <div class='ocr_carea' id='block_1_3' title="bbox 174 1590 2031 1672">
    <p class='ocr_par' dir='ltr' id='par_1_5' title="bbox 174 1590 2031 1672">
     <span class='ocr_line' id='line_1_16' title="bbox 174 1590 2031 1672; baseline -0.002 -20"><span class='ocrx_word' id='word_1_195' title='bbox 174 1608 244 1652; x_wconf 92' lang='lat' dir='ltr'><strong>oum</strong></span> <span class='ocrx_word' id='word_1_196' title='bbox 257 1591 479 1670; x_wconf 89' lang='lat' dir='ltr'><strong>presbyteratu,</strong></span> <span class='ocrx_word' id='word_1_197' title='bbox 496 1590 551 1651; x_wconf 90' lang='lat' dir='ltr'><strong>sed</strong></span> <span class='ocrx_word' id='word_1_198' title='bbox 568 1592 681 1666; x_wconf 87' lang='lat' dir='ltr'><strong>gradus</strong></span> <span class='ocrx_word' id='word_1_199' title='bbox 696 1606 767 1653; x_wconf 90' lang='lat' dir='ltr'><strong>esse</strong></span> <span class='ocrx_word' id='word_1_200' title='bbox 781 1591 931 1652; x_wconf 88' lang='lat' dir='ltr'><strong>dirersos:</strong></span> <span class='ocrx_word' id='word_1_201' title='bbox 944 1590 1031 1652; x_wconf 91' lang='lat' dir='ltr'><strong>Ordi·</strong></span> <span class='ocrx_word' id='word_1_202' title='bbox 1078 1591 1308 1672; x_wconf 85' lang='lat' dir='ltr'><strong>etpresbyteri,</strong></span> <span class='ocrx_word' id='word_1_203' title='bbox 1329 1591 1399 1671; x_wconf 86' lang='lat' dir='ltr'><strong>quia</strong></span> <span class='ocrx_word' id='word_1_204' title='bbox 1416 1591 1646 1670; x_wconf 74' lang='lat' dir='ltr'><strong>presbyteratus</strong></span> <span class='ocrx_word' id='word_1_205' title='bbox 1662 1605 1722 1650; x_wconf 93' lang='lat' dir='ltr'><strong>uon</strong></span> <span class='ocrx_word' id='word_1_206' title='bbox 1750 1590 1885 1652; x_wconf 90' lang='lat' dir='ltr'><strong>includit</strong></span> <span class='ocrx_word' id='word_1_207' title='bbox 1901 1607 1948 1650; x_wconf 87' lang='lat' dir='ltr'><strong>es·</strong></span> <span class='ocrx_word' id='word_1_208' title='bbox 2030 1611 2031 1616; x_wconf 46' lang='lat'>¹</span> 
     </span>
    </p>
   </div>
   <div class='ocr_carea' id='block_1_4' title="bbox 175 1670 1949 1751">
    <p class='ocr_par' dir='ltr' id='par_1_6' title="bbox 175 1670 1949 1751">
     <span class='ocr_line' id='line_1_17' title="bbox 175 1670 1949 1751; baseline -0.001 -19"><span class='ocrx_word' id='word_1_209' title='bbox 175 1689 232 1734; x_wconf 89' lang='lat' dir='ltr'><strong>nes</strong></span> <span class='ocrx_word' id='word_1_210' title='bbox 247 1674 328 1734; x_wconf 91' lang='lat' dir='ltr'><strong>euim</strong></span> <span class='ocrx_word' id='word_1_211' title='bbox 344 1677 506 1734; x_wconf 90' lang='lat' dir='ltr'><strong>sumuntur</strong></span> <span class='ocrx_word' id='word_1_212' title='bbox 519 1671 558 1732; x_wconf 91' lang='lat' dir='ltr'><strong>ab</strong></span> <span class='ocrx_word' id='word_1_213' title='bbox 570 1672 748 1734; x_wconf 91' lang='lat' dir='ltr'><strong>bobitndino</strong></span> <span class='ocrx_word' id='word_1_214' title='bbox 759 1690 851 1751; x_wconf 85' lang='lat' dir='ltr'><strong>quem</strong></span> <span class='ocrx_word' id='word_1_215' title='bbox 867 1676 981 1735; x_wconf 79' lang='lat' dir='ltr'><strong>liabent</strong></span> <span class='ocrx_word' id='word_1_216' title='bbox 994 1671 1032 1733; x_wconf 89' lang='lat' dir='ltr'><strong>ad</strong></span> <span class='ocrx_word' id='word_1_217' title='bbox 1078 1674 1247 1737; x_wconf 89' lang='lat' dir='ltr'><strong>sentieliter</strong></span> <span class='ocrx_word' id='word_1_218' title='bbox 1262 1674 1468 1750; x_wconf 88' lang='lat' dir='ltr'><strong>diaconatum,</strong></span> <span class='ocrx_word' id='word_1_219' title='bbox 1486 1675 1567 1734; x_wconf 89' lang='lat' dir='ltr'><strong>sicul</strong></span> <span class='ocrx_word' id='word_1_220' title='bbox 1591 1673 1789 1750; x_wconf 89' lang='lat' dir='ltr'><strong>episcopatus</strong></span> <span class='ocrx_word' id='word_1_221' title='bbox 1815 1670 1949 1733; x_wconf 90' lang='lat' dir='ltr'><strong>includit</strong></span> 
     </span>
    </p>
   </div>
   <div class='ocr_carea' id='block_1_5' title="bbox 174 1751 2031 1837">
    <p class='ocr_par' dir='ltr' id='par_1_7' title="bbox 174 1751 2031 1837">
     <span class='ocr_line' id='line_1_18' title="bbox 174 1751 2031 1837; baseline 0 -21"><span class='ocrx_word' id='word_1_222' title='bbox 174 1754 411 1830; x_wconf 82' lang='lat' dir='ltr'><strong>Eucharistiam3</strong></span> <span class='ocrx_word' id='word_1_223' title='bbox 427 1760 458 1816; x_wconf 90' lang='grc' dir='ltr'><strong>ει</strong></span> <span class='ocrx_word' id='word_1_224' title='bbox 472 1755 544 1832; x_wconf 86' lang='lat' dir='ltr'><strong>quia</strong></span> <span class='ocrx_word' id='word_1_225' title='bbox 559 1771 677 1816; x_wconf 90' lang='lat' dir='ltr'><strong>summa</strong></span> <span class='ocrx_word' id='word_1_226' title='bbox 700 1751 782 1818; x_wconf 87' lang='lat' dir='ltr'><strong>circa</strong></span> <span class='ocrx_word' id='word_1_227' title='bbox 809 1756 1033 1817; x_wconf 80' lang='lat' dir='ltr'><strong>Eucharistiam</strong></span> <span class='ocrx_word' id='word_1_228' title='bbox 1078 1758 1333 1837; x_wconf 88' lang='lat' dir='ltr'><strong>presbyteratum.</strong></span> <span class='ocrx_word' id='word_1_229' title='bbox 1352 1757 1418 1817; x_wconf 89' lang='lat' dir='ltr'><strong>Pari</strong></span> <span class='ocrx_word' id='word_1_230' title='bbox 1435 1757 1555 1817; x_wconf 91' lang='lat' dir='ltr'><strong>ratione</strong></span> <span class='ocrx_word' id='word_1_231' title='bbox 1577 1769 1639 1815; x_wconf 93' lang='lat' dir='ltr'><strong>non</strong></span> <span class='ocrx_word' id='word_1_232' title='bbox 1665 1755 1810 1832; x_wconf 84' lang='lat' dir='ltr'><strong>sequitur</strong></span> <span class='ocrx_word' id='word_1_233' title='bbox 1825 1799 1834 1824; x_wconf 86' lang='lat'><strong>,</strong></span> <span class='ocrx_word' id='word_1_234' title='bbox 1852 1771 1949 1833; x_wconf 90' lang='lat' dir='ltr'><strong>posse</strong></span> <span class='ocrx_word' id='word_1_235' title='bbox 2030 1793 2031 1800; x_wconf 33' lang='grc' dir='ltr'><strong>ι</strong></span> 
     </span>
    </p>
   </div>
   <div class='ocr_carea' id='block_1_6' title="bbox 175 1836 1950 2168">
    <p class='ocr_par' dir='ltr' id='par_1_8' title="bbox 175 1836 1950 2168">
     <span class='ocr_line' id='line_1_19' title="bbox 175 1836 1950 1919; baseline -0.001 -20"><span class='ocrx_word' id='word_1_236' title='bbox 175 1844 223 1899; x_wconf 86' lang='grc' dir='ltr'><strong>εει</strong></span> <span class='ocrx_word' id='word_1_237' title='bbox 236 1844 374 1916; x_wconf 88' lang='lat' dir='ltr'><strong>potestas</strong></span> <span class='ocrx_word' id='word_1_238' title='bbox 389 1837 487 1916; x_wconf 81' lang='lat' dir='ltr'><strong>ipsam</strong></span> <span class='ocrx_word' id='word_1_239' title='bbox 503 1836 688 1900; x_wconf 86' lang='lat' dir='ltr'><strong>conficiendi</strong></span> <span class='ocrx_word' id='word_1_240' title='bbox 706 1885 715 1913; x_wconf 93' lang='lat'><strong>,</strong></span> <span class='ocrx_word' id='word_1_241' title='bbox 732 1840 801 1900; x_wconf 90' lang='lat' dir='ltr'><strong>ideo</strong></span> <span class='ocrx_word' id='word_1_242' title='bbox 818 1841 936 1915; x_wconf 90' lang='lat' dir='ltr'><strong>primus</strong></span> <span class='ocrx_word' id='word_1_243' title='bbox 950 1837 1034 1900; x_wconf 90' lang='lat' dir='ltr'><strong>Ordo</strong></span> <span class='ocrx_word' id='word_1_244' title='bbox 1078 1841 1271 1918; x_wconf 82' lang='lat' dir='ltr'><strong>episcopum.</strong></span> <span class='ocrx_word' id='word_1_245' title='bbox 1286 1841 1337 1919; x_wconf 85' lang='lat' dir='ltr'><strong>qui</strong></span> <span class='ocrx_word' id='word_1_246' title='bbox 1354 1855 1414 1901; x_wconf 96' lang='lat' dir='ltr'><strong>non</strong></span> <span class='ocrx_word' id='word_1_247' title='bbox 1431 1840 1470 1908; x_wconf 91' lang='grc' dir='ltr'><strong>ειι</strong></span> <span class='ocrx_word' id='word_1_248' title='bbox 1486 1837 1669 1916; x_wconf 89' lang='lat' dir='ltr'><strong>presbyter,</strong></span> <span class='ocrx_word' id='word_1_249' title='bbox 1687 1853 1876 1898; x_wconf 88' lang='lat' dir='ltr'><strong>consecrare</strong></span> <span class='ocrx_word' id='word_1_250' title='bbox 1892 1838 1950 1897; x_wconf 78' lang='lat' dir='ltr'><strong>iin-</strong></span> 
     </span>
     <span class='ocr_line' id='line_1_20' title="bbox 176 1919 1946 1999; baseline 0 -18"><span class='ocrx_word' id='word_1_251' title='bbox 176 1928 224 1981; x_wconf 87' lang='lat' dir='ltr'><strong>est</strong></span> <span class='ocrx_word' id='word_1_252' title='bbox 238 1919 449 1993; x_wconf 91' lang='lat' dir='ltr'><strong>sacerdotalis,</strong></span> <span class='ocrx_word' id='word_1_253' title='bbox 467 1919 571 1994; x_wconf 89' lang='lat' dir='ltr'><strong>idest,</strong></span> <span class='ocrx_word' id='word_1_254' title='bbox 594 1937 700 1982; x_wconf 89' lang='lat' dir='ltr'><strong>corum</strong></span> <span class='ocrx_word' id='word_1_255' title='bbox 729 1921 781 1998; x_wconf 81' lang='lat' dir='ltr'><strong>qui</strong></span> <span class='ocrx_word' id='word_1_256' title='bbox 810 1921 1033 1983; x_wconf 81' lang='lat' dir='ltr'><strong>Eucharistiam</strong></span> <span class='ocrx_word' id='word_1_257' title='bbox 1078 1923 1265 1983; x_wconf 81' lang='lat' dir='ltr'><strong>otiaristiam:</strong></span> <span class='ocrx_word' id='word_1_258' title='bbox 1283 1939 1342 1983; x_wconf 91' lang='lat' dir='ltr'><strong>oon</strong></span> <span class='ocrx_word' id='word_1_259' title='bbox 1360 1921 1442 1982; x_wconf 87' lang='lat' dir='ltr'><strong>enlm</strong></span> <span class='ocrx_word' id='word_1_260' title='bbox 1459 1921 1661 1999; x_wconf 89' lang='lat' dir='ltr'><strong>episcopatus</strong></span> <span class='ocrx_word' id='word_1_261' title='bbox 1687 1920 1756 1980; x_wconf 91' lang='lat' dir='ltr'><strong>sine</strong></span> <span class='ocrx_word' id='word_1_262' title='bbox 1783 1921 1946 1999; x_wconf 89' lang='lat' dir='ltr'><strong>presbytc-</strong></span> 
     </span>
     <span class='ocr_line' id='line_1_21' title="bbox 176 2000 1949 2082; baseline 0.001 -19"><span class='ocrx_word' id='word_1_263' title='bbox 176 2019 358 2063; x_wconf 80' lang='grc' dir='ltr'>εειιεειιι</span> <span class='ocrx_word' id='word_1_264' title='bbox 373 2009 513 2079; x_wconf 90' lang='lat' dir='ltr'><strong>possunt:</strong></span> <span class='ocrx_word' id='word_1_265' title='bbox 530 2019 589 2064; x_wconf 91' lang='lat' dir='ltr'><strong>nec</strong></span> <span class='ocrx_word' id='word_1_266' title='bbox 602 2020 694 2081; x_wconf 90' lang='lat' dir='ltr'><strong>supra</strong></span> <span class='ocrx_word' id='word_1_267' title='bbox 719 2005 802 2065; x_wconf 92' lang='lat' dir='ltr'><strong>bunc</strong></span> <span class='ocrx_word' id='word_1_268' title='bbox 830 2010 931 2082; x_wconf 90' lang='lat' dir='ltr'><strong>potest</strong></span> <span class='ocrx_word' id='word_1_269' title='bbox 958 2002 1033 2082; x_wconf 84' lang='lat' dir='ltr'><strong>fingi</strong></span> <span class='ocrx_word' id='word_1_270' title='bbox 1077 2010 1155 2082; x_wconf 93' lang='lat' dir='ltr'><strong>ratu,</strong></span> <span class='ocrx_word' id='word_1_271' title='bbox 1172 2013 1219 2067; x_wconf 91' lang='lat' dir='ltr'><strong>est</strong></span> <span class='ocrx_word' id='word_1_272' title='bbox 1233 2004 1315 2067; x_wconf 91' lang='lat' dir='ltr'><strong>Ordo</strong></span> <span class='ocrx_word' id='word_1_273' title='bbox 1328 2005 1481 2082; x_wconf 85' lang='lat' dir='ltr'><strong>superior,</strong></span> <span class='ocrx_word' id='word_1_274' title='bbox 1497 2005 1591 2064; x_wconf 90' lang='lat' dir='ltr'><strong>immo</strong></span> <span class='ocrx_word' id='word_1_275' title='bbox 1607 2000 1682 2063; x_wconf 90' lang='lat' dir='ltr'><strong>nibil</strong></span> <span class='ocrx_word' id='word_1_276' title='bbox 1699 2008 1748 2063; x_wconf 89' lang='lat' dir='ltr'><strong>est</strong></span> <span class='ocrx_word' id='word_1_277' title='bbox 1762 2001 1796 2064; x_wconf 90' lang='lat' dir='ltr'><strong>in</strong></span> <span class='ocrx_word' id='word_1_278' title='bbox 1813 2019 1862 2072; x_wconf 91' lang='lat' dir='ltr'><strong>rc,</strong></span> <span class='ocrx_word' id='word_1_279' title='bbox 1893 2005 1949 2065; x_wconf 88' lang='lat' dir='ltr'><strong>sed</strong></span> 
     </span>
     <span class='ocr_line' id='line_1_22' title="bbox 176 2083 1946 2168; baseline 0.002 -25"><span class='ocrx_word' id='word_1_280' title='bbox 176 2087 254 2145; x_wconf 88' lang='lat' dir='ltr'><strong>atius</strong></span> <span class='ocrx_word' id='word_1_281' title='bbox 270 2083 351 2146; x_wconf 90' lang='lat' dir='ltr'><strong>Ordo</strong></span> <span class='ocrx_word' id='word_1_282' title='bbox 368 2085 476 2161; x_wconf 71' lang='lat' dir='ltr'><strong>iunior,</strong></span> <span class='ocrx_word' id='word_1_283' title='bbox 492 2086 540 2145; x_wconf 88' lang='lat' dir='ltr'><strong>rel</strong></span> <span class='ocrx_word' id='word_1_284' title='bbox 565 2087 718 2164; x_wconf 88' lang='lat' dir='ltr'><strong>superior.</strong></span> <span class='ocrx_word' id='word_1_285' title='bbox 744 2087 821 2162; x_wconf 82' lang='lat' dir='ltr'><strong>Ouia</strong></span> <span class='ocrx_word' id='word_1_286' title='bbox 838 2094 938 2147; x_wconf 90' lang='lat' dir='ltr'><strong>tamen</strong></span> <span class='ocrx_word' id='word_1_287' title='bbox 954 2087 1035 2146; x_wconf 88' lang='lat' dir='ltr'><strong>bano</strong></span> <span class='ocrx_word' id='word_1_288' title='bbox 1077 2103 1194 2148; x_wconf 90' lang='lat' dir='ltr'><strong>merum</strong></span> <span class='ocrx_word' id='word_1_289' title='bbox 1207 2086 1387 2168; x_wconf 81' lang='lat' dir='ltr'><strong>figmentum</strong></span> <span class='ocrx_word' id='word_1_290' title='bbox 1408 2088 1438 2148; x_wconf 93' lang='lat' dir='ltr'><strong>in</strong></span> <span class='ocrx_word' id='word_1_291' title='bbox 1455 2093 1578 2154; x_wconf 90' lang='lat' dir='ltr'><strong>mente,</strong></span> <span class='ocrx_word' id='word_1_292' title='bbox 1605 2085 1761 2163; x_wconf 85' lang='lat' dir='ltr'><strong>quomodo</strong></span> <span class='ocrx_word' id='word_1_293' title='bbox 1788 2087 1946 2163; x_wconf 87' lang='lat' dir='ltr'><strong>arcbicpi-</strong></span> 
     </span>
    </p>
   </div>
   <div class='ocr_carea' id='block_1_7' title="bbox 177 2167 2031 2250">
    <p class='ocr_par' dir='ltr' id='par_1_9' title="bbox 177 2167 2031 2250">
     <span class='ocr_line' id='line_1_23' title="bbox 177 2167 2031 2250; baseline 0.001 -21"><span class='ocrx_word' id='word_1_294' title='bbox 177 2175 357 2242; x_wconf 87' lang='lat' dir='ltr'><strong>potestatem</strong></span> <span class='ocrx_word' id='word_1_295' title='bbox 369 2169 452 2228; x_wconf 85' lang='lat' dir='ltr'><strong>uario</strong></span> <span class='ocrx_word' id='word_1_296' title='bbox 469 2169 558 2229; x_wconf 91' lang='lat' dir='ltr'><strong>modo</strong></span> <span class='ocrx_word' id='word_1_297' title='bbox 573 2170 757 2248; x_wconf 84' lang='lat' dir='ltr'><strong>participant</strong></span> <span class='ocrx_word' id='word_1_298' title='bbox 771 2169 942 2248; x_wconf 90' lang='lat' dir='ltr'><strong>presbyteri</strong></span> <span class='ocrx_word' id='word_1_299' title='bbox 958 2175 989 2228; x_wconf 91' lang='lat' dir='ltr'><strong>et</strong></span> <span class='ocrx_word' id='word_1_300' title='bbox 1003 2185 1035 2229; x_wconf 91' lang='lat' dir='ltr'><strong>e·</strong></span> <span class='ocrx_word' id='word_1_301' title='bbox 1078 2185 1205 2246; x_wconf 85' lang='lat' dir='ltr'><strong>scopus,</strong></span> <span class='ocrx_word' id='word_1_302' title='bbox 1222 2171 1273 2247; x_wconf 87' lang='lat' dir='ltr'><strong>qui</strong></span> <span class='ocrx_word' id='word_1_303' title='bbox 1290 2187 1351 2232; x_wconf 94' lang='lat' dir='ltr'><strong>non</strong></span> <span class='ocrx_word' id='word_1_304' title='bbox 1368 2171 1407 2233; x_wconf 90' lang='lat' dir='ltr'><strong>sit</strong></span> <span class='ocrx_word' id='word_1_305' title='bbox 1421 2170 1601 2250; x_wconf 90' lang='lat' dir='ltr'><strong>episcopus,</strong></span> <span class='ocrx_word' id='word_1_306' title='bbox 1618 2169 1665 2230; x_wconf 89' lang='lat' dir='ltr'><strong>rel</strong></span> <span class='ocrx_word' id='word_1_307' title='bbox 1691 2167 1843 2229; x_wconf 91' lang='lat' dir='ltr'><strong>rationale</strong></span> <span class='ocrx_word' id='word_1_308' title='bbox 1860 2170 1944 2248; x_wconf 82' lang='lat' dir='ltr'><strong>quod</strong></span> <span class='ocrx_word' id='word_1_309' title='bbox 2030 2169 2031 2210; x_wconf 72' lang='lat' dir='ltr'><strong>l</strong></span> 
     </span>
    </p>
   </div>
   <div class='ocr_carea' id='block_1_8' title="bbox 176 2248 1949 2496">
    <p class='ocr_par' dir='ltr' id='par_1_10' title="bbox 176 2248 1949 2496">
     <span class='ocr_line' id='line_1_24' title="bbox 179 2248 1599 2329; baseline 0.004 -19"><span class='ocrx_word' id='word_1_310' title='bbox 179 2249 385 2327; x_wconf 86' lang='lat' dir='ltr'><strong>piscopi,inde</strong></span> <span class='ocrx_word' id='word_1_311' title='bbox 400 2256 472 2310; x_wconf 90' lang='lat' dir='ltr'><strong>sunt</strong></span> <span class='ocrx_word' id='word_1_312' title='bbox 486 2248 547 2311; x_wconf 92' lang='lat' dir='ltr'><strong>duo</strong></span> <span class='ocrx_word' id='word_1_313' title='bbox 561 2252 676 2329; x_wconf 86' lang='lat' dir='ltr'><strong>gradus</strong></span> <span class='ocrx_word' id='word_1_314' title='bbox 691 2252 898 2314; x_wconf 67' lang='lat' dir='ltr'><strong>sacerdotum:</strong></span> <span class='ocrx_word' id='word_1_315' title='bbox 909 2252 1036 2329; x_wconf 83' lang='lat' dir='ltr'><strong>Presby·</strong></span> <span class='ocrx_word' id='word_1_316' title='bbox 1079 2268 1141 2314; x_wconf 92' lang='lat' dir='ltr'><strong>oon</strong></span> <span class='ocrx_word' id='word_1_317' title='bbox 1158 2254 1198 2314; x_wconf 90' lang='lat' dir='ltr'><strong>sit</strong></span> <span class='ocrx_word' id='word_1_318' title='bbox 1214 2255 1338 2314; x_wconf 90' lang='lat' dir='ltr'><strong>animai.</strong></span> <span class='ocrx_word' id='word_1_319' title='bbox 1374 2288 1376 2298; x_wconf 91' lang='lat'>·</span> <span class='ocrx_word' id='word_1_320' title='bbox 1593 2285 1599 2294; x_wconf 94' lang='lat'><strong>·</strong></span> 
     </span>
     <span class='ocr_line' id='line_1_25' title="bbox 176 2331 1947 2415; baseline 0.002 -23"><span class='ocrx_word' id='word_1_321' title='bbox 176 2333 231 2392; x_wconf 88' lang='lat' dir='ltr'><strong>teri</strong></span> <span class='ocrx_word' id='word_1_322' title='bbox 247 2334 278 2392; x_wconf 91' lang='grc' dir='ltr'><strong>ιιι</strong></span> <span class='ocrx_word' id='word_1_323' title='bbox 293 2332 501 2392; x_wconf 82' lang='lat' dir='ltr'><strong>consecranda</strong></span> <span class='ocrx_word' id='word_1_324' title='bbox 518 2331 730 2408; x_wconf 77' lang='lat' dir='ltr'><strong>Eucharistia,</strong></span> <span class='ocrx_word' id='word_1_325' title='bbox 752 2335 859 2396; x_wconf 87' lang='lat' dir='ltr'><strong>saltem</strong></span> <span class='ocrx_word' id='word_1_326' title='bbox 885 2335 984 2413; x_wconf 85' lang='lat' dir='ltr'><strong>quoad</strong></span> <span class='ocrx_word' id='word_1_327' title='bbox 1001 2351 1035 2394; x_wconf 92' lang='lat' dir='ltr'><strong>u·</strong></span> <span class='ocrx_word' id='word_1_328' title='bbox 1119 2335 1254 2398; x_wconf 82' lang='lat' dir='ltr'><strong>Tertium</strong></span> <span class='ocrx_word' id='word_1_329' title='bbox 1269 2341 1494 2415; x_wconf 84' lang='lat' dir='ltr'><strong>argumentum:</strong></span> <span class='ocrx_word' id='word_1_330' title='bbox 1523 2331 1556 2395; x_wconf 87' lang='lat' dir='ltr'><strong>Si</strong></span> <span class='ocrx_word' id='word_1_331' title='bbox 1571 2331 1758 2410; x_wconf 88' lang='lat' dir='ltr'><strong>episcopalis</strong></span> <span class='ocrx_word' id='word_1_332' title='bbox 1789 2331 1947 2396; x_wconf 77' lang='lat' dir='ltr'><strong>Ordinatio</strong></span> 
     </span>
     <span class='ocr_line' id='line_1_26' title="bbox 178 2415 1949 2496; baseline 0.001 -22"><span class='ocrx_word' id='word_1_333' title='bbox 178 2431 260 2487; x_wconf 91' lang='lat' dir='ltr'><strong>sum,</strong></span> <span class='ocrx_word' id='word_1_334' title='bbox 277 2415 414 2488; x_wconf 90' lang='lat' dir='ltr'><strong>pendent</strong></span> <span class='ocrx_word' id='word_1_335' title='bbox 427 2415 465 2475; x_wconf 92' lang='lat' dir='ltr'><strong>ab</strong></span> <span class='ocrx_word' id='word_1_336' title='bbox 487 2416 655 2494; x_wconf 89' lang='lat' dir='ltr'><strong>episcopis,</strong></span> <span class='ocrx_word' id='word_1_337' title='bbox 673 2421 725 2496; x_wconf 90' lang='lat' dir='ltr'><strong>qui</strong></span> <span class='ocrx_word' id='word_1_338' title='bbox 738 2423 868 2495; x_wconf 90' lang='lat' dir='ltr'><strong>possunt</strong></span> <span class='ocrx_word' id='word_1_339' title='bbox 882 2419 929 2478; x_wconf 89' lang='lat' dir='ltr'><strong>eis</strong></span> <span class='ocrx_word' id='word_1_340' title='bbox 945 2418 1037 2478; x_wconf 91' lang='lat' dir='ltr'><strong>inter·</strong></span> <span class='ocrx_word' id='word_1_341' title='bbox 1080 2424 1126 2479; x_wconf 91' lang='lat' dir='ltr'><strong>cst</strong></span> <span class='ocrx_word' id='word_1_342' title='bbox 1141 2425 1376 2490; x_wconf 88' lang='lat' dir='ltr'><strong>sacramentum,</strong></span> <span class='ocrx_word' id='word_1_343' title='bbox 1394 2420 1601 2480; x_wconf 85' lang='lat' dir='ltr'><strong>characterem</strong></span> <span class='ocrx_word' id='word_1_344' title='bbox 1618 2421 1702 2477; x_wconf 90' lang='lat' dir='ltr'><strong>certe</strong></span> <span class='ocrx_word' id='word_1_345' title='bbox 1724 2415 1886 2494; x_wconf 70' lang='lat' dir='ltr'><strong>imprimit:</strong></span> <span class='ocrx_word' id='word_1_346' title='bbox 1900 2419 1949 2478; x_wconf 87' lang='lat' dir='ltr'><strong>ret</strong></span> 
     </span>
    </p>
   </div>
   <div class='ocr_carea' id='block_1_9' title="bbox 178 2496 2031 2579">
    <p class='ocr_par' dir='ltr' id='par_1_11' title="bbox 178 2496 2031 2579">
     <span class='ocr_line' id='line_1_27' title="bbox 178 2496 2031 2579; baseline 0.002 -25"><span class='ocrx_word' id='word_1_347' title='bbox 178 2498 282 2559; x_wconf 84' lang='lat' dir='ltr'><strong>uicere</strong></span> <span class='ocrx_word' id='word_1_348' title='bbox 295 2512 334 2558; x_wconf 91' lang='lat' dir='ltr'><strong>ne</strong></span> <span class='ocrx_word' id='word_1_349' title='bbox 349 2505 546 2570; x_wconf 90' lang='lat' dir='ltr'><strong>consecrent,</strong></span> <span class='ocrx_word' id='word_1_350' title='bbox 561 2501 609 2559; x_wconf 89' lang='lat' dir='ltr'><strong>ret</strong></span> <span class='ocrx_word' id='word_1_351' title='bbox 624 2501 818 2578; x_wconf 88' lang='lat' dir='ltr'><strong>suspendere</strong></span> <span class='ocrx_word' id='word_1_352' title='bbox 832 2501 869 2561; x_wconf 90' lang='lat' dir='ltr'><strong>ad</strong></span> <span class='ocrx_word' id='word_1_353' title='bbox 887 2506 1010 2577; x_wconf 87' lang='lat' dir='ltr'><strong>tempus</strong></span> <span class='ocrx_word' id='word_1_354' title='bbox 1026 2544 1034 2575; x_wconf 91' lang='lat'><strong>,</strong></span> <span class='ocrx_word' id='word_1_355' title='bbox 1080 2515 1154 2579; x_wconf 88' lang='lat' dir='ltr'><strong>ergo</strong></span> <span class='ocrx_word' id='word_1_356' title='bbox 1170 2502 1196 2562; x_wconf 93' lang='lat' dir='ltr'><strong>is</strong></span> <span class='ocrx_word' id='word_1_357' title='bbox 1212 2502 1370 2564; x_wconf 87' lang='lat' dir='ltr'><strong>character</strong></span> <span class='ocrx_word' id='word_1_358' title='bbox 1385 2507 1432 2562; x_wconf 91' lang='grc' dir='ltr'><strong>εει</strong></span> <span class='ocrx_word' id='word_1_359' title='bbox 1447 2500 1542 2578; x_wconf 87' lang='lat' dir='ltr'><strong>major</strong></span> <span class='ocrx_word' id='word_1_360' title='bbox 1555 2496 1780 2578; x_wconf 83' lang='lat' dir='ltr'><strong>presbyterali,</strong></span> <span class='ocrx_word' id='word_1_361' title='bbox 1799 2499 1851 2560; x_wconf 89' lang='lat' dir='ltr'><strong>rel</strong></span> <span class='ocrx_word' id='word_1_362' title='bbox 1869 2514 1927 2560; x_wconf 92' lang='lat' dir='ltr'><strong>non</strong></span> <span class='ocrx_word' id='word_1_363' title='bbox 1943 2517 1951 2558; x_wconf 78' lang='grc' dir='ltr'><strong>ι</strong></span> <span class='ocrx_word' id='word_1_364' title='bbox 2030 2517 2031 2524; x_wconf 54' lang='grc'><strong>“</strong></span> 
     </span>
    </p>
   </div>
   <div class='ocr_carea' id='block_1_10' title="bbox 177 2579 1955 2993">
    <p class='ocr_par' dir='ltr' id='par_1_12' title="bbox 177 2579 1955 2993">
     <span class='ocr_line' id='line_1_28' title="bbox 178 2579 1954 2663; baseline 0.003 -27"><span class='ocrx_word' id='word_1_365' title='bbox 178 2580 224 2641; x_wconf 81' lang='lat' dir='ltr'><strong>rel</strong></span> <span class='ocrx_word' id='word_1_366' title='bbox 241 2579 431 2658; x_wconf 80' lang='lat' dir='ltr'><strong>praecipere,</strong></span> <span class='ocrx_word' id='word_1_367' title='bbox 449 2589 481 2640; x_wconf 92' lang='grc' dir='ltr'><strong>ει</strong></span> <span class='ocrx_word' id='word_1_368' title='bbox 497 2581 546 2640; x_wconf 91' lang='lat' dir='ltr'><strong>tali</strong></span> <span class='ocrx_word' id='word_1_369' title='bbox 559 2581 640 2648; x_wconf 85' lang='lat' dir='ltr'><strong>loco.</strong></span> <span class='ocrx_word' id='word_1_370' title='bbox 658 2584 708 2643; x_wconf 90' lang='lat' dir='ltr'><strong>tali</strong></span> <span class='ocrx_word' id='word_1_371' title='bbox 723 2582 880 2654; x_wconf 86' lang='lat' dir='ltr'><strong>modo,tali</strong></span> <span class='ocrx_word' id='word_1_372' title='bbox 897 2588 1036 2660; x_wconf 91' lang='lat' dir='ltr'><strong>tempore</strong></span> <span class='ocrx_word' id='word_1_373' title='bbox 1080 2585 1105 2645; x_wconf 93' lang='lat' dir='ltr'><strong>si</strong></span> <span class='ocrx_word' id='word_1_374' title='bbox 1123 2583 1228 2662; x_wconf 86' lang='lat' dir='ltr'><strong>major,</strong></span> <span class='ocrx_word' id='word_1_375' title='bbox 1246 2599 1320 2663; x_wconf 85' lang='lat' dir='ltr'><strong>ergo</strong></span> <span class='ocrx_word' id='word_1_376' title='bbox 1336 2591 1383 2645; x_wconf 90' lang='lat' dir='ltr'><strong>est</strong></span> <span class='ocrx_word' id='word_1_377' title='bbox 1397 2583 1513 2662; x_wconf 87' lang='lat' dir='ltr'><strong>aliquid</strong></span> <span class='ocrx_word' id='word_1_378' title='bbox 1530 2579 1629 2658; x_wconf 87' lang='lat' dir='ltr'><strong>majus</strong></span> <span class='ocrx_word' id='word_1_379' title='bbox 1659 2585 1812 2660; x_wconf 86' lang='lat' dir='ltr'><strong>potestate</strong></span> <span class='ocrx_word' id='word_1_380' title='bbox 1839 2596 1954 2643; x_wconf 90' lang='lat' dir='ltr'><strong>eonse-</strong></span> 
     </span>
     <span class='ocr_line' id='line_1_29' title="bbox 178 2661 1952 2744; baseline 0.003 -23"><span class='ocrx_word' id='word_1_381' title='bbox 178 2663 348 2723; x_wconf 86' lang='lat' dir='ltr'><strong>ceicbrcot.</strong></span> <span class='ocrx_word' id='word_1_382' title='bbox 365 2661 402 2722; x_wconf 84' lang='lat' dir='ltr'><strong>Et</strong></span> <span class='ocrx_word' id='word_1_383' title='bbox 417 2669 572 2740; x_wconf 87' lang='lat' dir='ltr'><strong>praeterea</strong></span> <span class='ocrx_word' id='word_1_384' title='bbox 588 2664 760 2744; x_wconf 88' lang='lat' dir='ltr'><strong>presbyteri</strong></span> <span class='ocrx_word' id='word_1_385' title='bbox 787 2682 848 2727; x_wconf 93' lang='lat' dir='ltr'><strong>uon</strong></span> <span class='ocrx_word' id='word_1_386' title='bbox 865 2666 905 2726; x_wconf 91' lang='lat' dir='ltr'><strong>ita</strong></span> <span class='ocrx_word' id='word_1_387' title='bbox 920 2667 1035 2726; x_wconf 86' lang='lat' dir='ltr'><strong>babent</strong></span> <span class='ocrx_word' id='word_1_388' title='bbox 1080 2667 1186 2728; x_wconf 89' lang='lat' dir='ltr'><strong>orandi</strong></span> <span class='ocrx_word' id='word_1_389' title='bbox 1201 2666 1433 2737; x_wconf 78' lang='lat' dir='ltr'><strong>Eucharistiam,</strong></span> <span class='ocrx_word' id='word_1_390' title='bbox 1451 2664 1533 2744; x_wconf 87' lang='lat' dir='ltr'><strong>qnod</strong></span> <span class='ocrx_word' id='word_1_391' title='bbox 1549 2679 1658 2725; x_wconf 88' lang='lat' dir='ltr'><strong>ornnes</strong></span> <span class='ocrx_word' id='word_1_392' title='bbox 1674 2669 1801 2740; x_wconf 81' lang='lat' dir='ltr'><strong>negant3</strong></span> <span class='ocrx_word' id='word_1_393' title='bbox 1819 2670 1852 2726; x_wconf 90' lang='lat' dir='ltr'><strong>ct</strong></span> <span class='ocrx_word' id='word_1_394' title='bbox 1869 2682 1952 2742; x_wconf 89' lang='lat' dir='ltr'><strong>prae·</strong></span> 
     </span>
     <span class='ocr_line' id='line_1_30' title="bbox 179 2746 1954 2828; baseline 0.002 -26"><span class='ocrx_word' id='word_1_395' title='bbox 179 2747 257 2805; x_wconf 88' lang='lat' dir='ltr'><strong>nanc</strong></span> <span class='ocrx_word' id='word_1_396' title='bbox 273 2751 468 2820; x_wconf 90' lang='lat' dir='ltr'><strong>potestatem,</strong></span> <span class='ocrx_word' id='word_1_397' title='bbox 484 2751 518 2806; x_wconf 94' lang='lat' dir='ltr'><strong>ut</strong></span> <span class='ocrx_word' id='word_1_398' title='bbox 532 2761 600 2807; x_wconf 91' lang='lat' dir='ltr'><strong>eam</strong></span> <span class='ocrx_word' id='word_1_399' title='bbox 615 2747 685 2808; x_wconf 88' lang='lat' dir='ltr'><strong>aliis</strong></span> <span class='ocrx_word' id='word_1_400' title='bbox 703 2749 939 2810; x_wconf 88' lang='lat' dir='ltr'><strong>commonicare</strong></span> <span class='ocrx_word' id='word_1_401' title='bbox 965 2764 1035 2823; x_wconf 90' lang='lat' dir='ltr'><strong>pos·</strong></span> <span class='ocrx_word' id='word_1_402' title='bbox 1080 2753 1162 2810; x_wconf 86' lang='lat' dir='ltr'><strong>terea</strong></span> <span class='ocrx_word' id='word_1_403' title='bbox 1178 2748 1251 2810; x_wconf 89' lang='lat' dir='ltr'><strong>binc</strong></span> <span class='ocrx_word' id='word_1_404' title='bbox 1265 2754 1458 2828; x_wconf 78' lang='lat' dir='ltr'><strong>sequeretur,</strong></span> <span class='ocrx_word' id='word_1_405' title='bbox 1472 2762 1544 2810; x_wconf 88' lang='lat' dir='ltr'><strong>esse</strong></span> <span class='ocrx_word' id='word_1_406' title='bbox 1559 2746 1698 2806; x_wconf 90' lang='lat' dir='ltr'><strong>ordinem</strong></span> <span class='ocrx_word' id='word_1_407' title='bbox 1713 2746 1851 2824; x_wconf 82' lang='lat' dir='ltr'><strong>aliquem</strong></span> <span class='ocrx_word' id='word_1_408' title='bbox 1871 2749 1954 2808; x_wconf 87' lang='lat' dir='ltr'><strong>attio·</strong></span> 
     </span>
     <span class='ocr_line' id='line_1_31' title="bbox 178 2827 1954 2912; baseline 0.002 -26"><span class='ocrx_word' id='word_1_409' title='bbox 178 2829 251 2887; x_wconf 83' lang='lat' dir='ltr'><strong>sint:</strong></span> <span class='ocrx_word' id='word_1_410' title='bbox 268 2827 412 2904; x_wconf 83' lang='lat' dir='ltr'><strong>Episcopi</strong></span> <span class='ocrx_word' id='word_1_411' title='bbox 427 2834 541 2903; x_wconf 91' lang='lat' dir='ltr'><strong>autem,</strong></span> <span class='ocrx_word' id='word_1_412' title='bbox 557 2830 727 2906; x_wconf 86' lang='lat' dir='ltr'><strong>cibo-bont,</strong></span> <span class='ocrx_word' id='word_1_413' title='bbox 751 2836 782 2893; x_wconf 90' lang='lat' dir='ltr'><strong>ct</strong></span> <span class='ocrx_word' id='word_1_414' title='bbox 806 2831 1035 2892; x_wconf 90' lang='lat' dir='ltr'><strong>communicare</strong></span> <span class='ocrx_word' id='word_1_415' title='bbox 1080 2847 1144 2892; x_wconf 91' lang='lat' dir='ltr'><strong>rem</strong></span> <span class='ocrx_word' id='word_1_416' title='bbox 1162 2832 1355 2906; x_wconf 84' lang='lat' dir='ltr'><strong>sacerdotali,</strong></span> <span class='ocrx_word' id='word_1_417' title='bbox 1373 2837 1425 2912; x_wconf 86' lang='lat' dir='ltr'><strong>qni</strong></span> <span class='ocrx_word' id='word_1_418' title='bbox 1446 2831 1510 2910; x_wconf 86' lang='lat' dir='ltr'><strong>jam</strong></span> <span class='ocrx_word' id='word_1_419' title='bbox 1526 2829 1654 2890; x_wconf 90' lang='lat' dir='ltr'><strong>deberet</strong></span> <span class='ocrx_word' id='word_1_420' title='bbox 1684 2830 1839 2890; x_wconf 89' lang='lat' dir='ltr'><strong>numerari</strong></span> <span class='ocrx_word' id='word_1_421' title='bbox 1874 2839 1954 2891; x_wconf 88' lang='lat' dir='ltr'><strong>octa·</strong></span> 
     </span>
     <span class='ocr_line' id='line_1_32' title="bbox 177 2911 1955 2993; baseline 0.003 -25"><span class='ocrx_word' id='word_1_422' title='bbox 177 2911 247 2970; x_wconf 89' lang='lat' dir='ltr'><strong>aliis</strong></span> <span class='ocrx_word' id='word_1_423' title='bbox 262 2914 403 2988; x_wconf 86' lang='lat' dir='ltr'><strong>possunt.</strong></span> <span class='ocrx_word' id='word_1_424' title='bbox 1078 2929 1147 2991; x_wconf 73' lang='lat' dir='ltr'><strong>rus:</strong></span> <span class='ocrx_word' id='word_1_425' title='bbox 1163 2915 1189 2976; x_wconf 89' lang='lat' dir='ltr'><strong>si</strong></span> <span class='ocrx_word' id='word_1_426' title='bbox 1205 2930 1266 2975; x_wconf 92' lang='lat' dir='ltr'><strong>nou</strong></span> <span class='ocrx_word' id='word_1_427' title='bbox 1281 2921 1329 2976; x_wconf 91' lang='lat' dir='ltr'><strong>est</strong></span> <span class='ocrx_word' id='word_1_428' title='bbox 1342 2914 1452 2993; x_wconf 85' lang='lat' dir='ltr'><strong>major,</strong></span> <span class='ocrx_word' id='word_1_429' title='bbox 1469 2928 1543 2990; x_wconf 89' lang='lat' dir='ltr'><strong>ergo</strong></span> <span class='ocrx_word' id='word_1_430' title='bbox 1559 2911 1748 2990; x_wconf 89' lang='lat' dir='ltr'><strong>episcopus.</strong></span> <span class='ocrx_word' id='word_1_431' title='bbox 1780 2917 1813 2972; x_wconf 92' lang='lat' dir='ltr'><strong>ut</strong></span> <span class='ocrx_word' id='word_1_432' title='bbox 1831 2913 1955 2990; x_wconf 88' lang='lat' dir='ltr'><strong>episco-</strong></span> 
     </span>
    </p>
   </div>
   <div class='ocr_carea' id='block_1_11' title="bbox 178 2990 2031 3161">
    <p class='ocr_par' dir='ltr' id='par_1_13' title="bbox 178 2990 2031 3161">
     <span class='ocr_line' id='line_1_33' title="bbox 217 2990 2031 3082; baseline 0.002 -30"><span class='ocrx_word' id='word_1_433' title='bbox 217 2992 318 3075; x_wconf 86' lang='lat' dir='ltr'><strong>Diees:</strong></span> <span class='ocrx_word' id='word_1_434' title='bbox 336 2992 398 3052; x_wconf 86' lang='lat' dir='ltr'><strong>lion</strong></span> <span class='ocrx_word' id='word_1_435' title='bbox 414 2991 533 3053; x_wconf 88' lang='lat' dir='ltr'><strong>ridetur</strong></span> <span class='ocrx_word' id='word_1_436' title='bbox 547 2990 578 3055; x_wconf 95' lang='lat' dir='ltr'><strong>id</strong></span> <span class='ocrx_word' id='word_1_437' title='bbox 594 3008 664 3056; x_wconf 89' lang='lat' dir='ltr'><strong>esse</strong></span> <span class='ocrx_word' id='word_1_438' title='bbox 687 3011 803 3071; x_wconf 74' lang='lat' dir='ltr'><strong>rerum:</strong></span> <span class='ocrx_word' id='word_1_439' title='bbox 830 3013 899 3056; x_wconf 89' lang='lat' dir='ltr'><strong>nam</strong></span> <span class='ocrx_word' id='word_1_440' title='bbox 915 2995 1037 3072; x_wconf 90' lang='lat' dir='ltr'><strong>episeo·</strong></span> <span class='ocrx_word' id='word_1_441' title='bbox 1080 3013 1150 3075; x_wconf 88' lang='lat' dir='ltr'><strong>pus,</strong></span> <span class='ocrx_word' id='word_1_442' title='bbox 1169 3012 1228 3060; x_wconf 92' lang='lat' dir='ltr'><strong>non</strong></span> <span class='ocrx_word' id='word_1_443' title='bbox 1245 3005 1292 3058; x_wconf 91' lang='lat' dir='ltr'><strong>est</strong></span> <span class='ocrx_word' id='word_1_444' title='bbox 1307 2997 1402 3068; x_wconf 82' lang='lat' dir='ltr'><strong>maior</strong></span> <span class='ocrx_word' id='word_1_445' title='bbox 1418 2994 1599 3073; x_wconf 87' lang='lat' dir='ltr'><strong>presbytero</strong></span> <span class='ocrx_word' id='word_1_446' title='bbox 1617 3040 1624 3066; x_wconf 87' lang='lat'><strong>,</strong></span> <span class='ocrx_word' id='word_1_447' title='bbox 1640 2994 1698 3056; x_wconf 91' lang='lat' dir='ltr'><strong>scd</strong></span> <span class='ocrx_word' id='word_1_448' title='bbox 1727 2996 1886 3071; x_wconf 86' lang='lat' dir='ltr'><strong>aequalis,</strong></span> <span class='ocrx_word' id='word_1_449' title='bbox 1903 2997 1951 3056; x_wconf 88' lang='lat' dir='ltr'><strong>rel</strong></span> <span class='ocrx_word' id='word_1_450' title='bbox 2030 2993 2031 3082; x_wconf 74' lang='lat' dir='ltr'><strong>l</strong></span> 
     </span>
     <span class='ocr_line' id='line_1_34' title="bbox 178 3075 2031 3161; baseline 0.003 -27"><span class='ocrx_word' id='word_1_451' title='bbox 178 3091 238 3149; x_wconf 87' lang='lat' dir='ltr'><strong>pus</strong></span> <span class='ocrx_word' id='word_1_452' title='bbox 252 3091 290 3134; x_wconf 82' lang='grc' dir='ltr'><strong>ει</strong></span> <span class='ocrx_word' id='word_1_453' title='bbox 303 3091 359 3134; x_wconf 88' lang='grc' dir='ltr'><strong>εει</strong></span> <span class='ocrx_word' id='word_1_454' title='bbox 373 3075 606 3143; x_wconf 87' lang='lat' dir='ltr'><strong>consecratione</strong></span> <span class='ocrx_word' id='word_1_455' title='bbox 622 3093 684 3139; x_wconf 92' lang='lat' dir='ltr'><strong>non</strong></span> <span class='ocrx_word' id='word_1_456' title='bbox 699 3076 803 3150; x_wconf 88' lang='lat' dir='ltr'><strong>babet,</strong></span> <span class='ocrx_word' id='word_1_457' title='bbox 818 3084 849 3140; x_wconf 93' lang='lat' dir='ltr'><strong>ut</strong></span> <span class='ocrx_word' id='word_1_458' title='bbox 863 3083 962 3155; x_wconf 89' lang='lat' dir='ltr'><strong>possit</strong></span> <span class='ocrx_word' id='word_1_459' title='bbox 977 3078 1036 3139; x_wconf 81' lang='lat' dir='ltr'><strong>Eu·</strong></span> <span class='ocrx_word' id='word_1_460' title='bbox 1080 3080 1182 3160; x_wconf 91' lang='lat' dir='ltr'><strong>potius</strong></span> <span class='ocrx_word' id='word_1_461' title='bbox 1196 3081 1307 3157; x_wconf 91' lang='lat' dir='ltr'><strong>minor,</strong></span> <span class='ocrx_word' id='word_1_462' title='bbox 1325 3081 1396 3161; x_wconf 90' lang='lat' dir='ltr'><strong>quie</strong></span> <span class='ocrx_word' id='word_1_463' title='bbox 1412 3079 1517 3142; x_wconf 91' lang='lat' dir='ltr'><strong>nullus</strong></span> <span class='ocrx_word' id='word_1_464' title='bbox 1543 3076 1701 3140; x_wconf 87' lang='lat' dir='ltr'><strong>character</strong></span> <span class='ocrx_word' id='word_1_465' title='bbox 1725 3083 1775 3140; x_wconf 89' lang='lat' dir='ltr'><strong>est</strong></span> <span class='ocrx_word' id='word_1_466' title='bbox 1801 3081 1947 3155; x_wconf 84' lang='lat' dir='ltr'><strong>aequalis</strong></span> <span class='ocrx_word' id='word_1_467' title='bbox 2030 3089 2031 3094; x_wconf 74' lang='grc'>’</span> 
     </span>
    </p>
   </div>
   <div class='ocr_carea' id='block_1_12' title="bbox 175 3158 1955 5553">
    <p class='ocr_par' dir='ltr' id='par_1_14' title="bbox 175 3158 1955 5553">
     <span class='ocr_line' id='line_1_35' title="bbox 177 3158 1279 3237; baseline 0.005 -18"><span class='ocrx_word' id='word_1_468' title='bbox 177 3158 352 3219; x_wconf 88' lang='lat' dir='ltr'><strong>cbaristiam</strong></span> <span class='ocrx_word' id='word_1_469' title='bbox 369 3173 564 3231; x_wconf 85' lang='lat' dir='ltr'><strong>consecrare,</strong></span> <span class='ocrx_word' id='word_1_470' title='bbox 580 3160 636 3221; x_wconf 92' lang='lat' dir='ltr'><strong>sed</strong></span> <span class='ocrx_word' id='word_1_471' title='bbox 648 3162 749 3223; x_wconf 91' lang='lat' dir='ltr'><strong>solum</strong></span> <span class='ocrx_word' id='word_1_472' title='bbox 764 3168 798 3221; x_wconf 95' lang='grc' dir='ltr'><strong>ει</strong></span> <span class='ocrx_word' id='word_1_473' title='bbox 811 3162 909 3237; x_wconf 92' lang='lat' dir='ltr'><strong>possit</strong></span> <span class='ocrx_word' id='word_1_474' title='bbox 925 3162 1037 3224; x_wconf 89' lang='lat' dir='ltr'><strong>coniir·</strong></span> <span class='ocrx_word' id='word_1_475' title='bbox 1083 3163 1279 3225; x_wconf 88' lang='lat' dir='ltr'><strong>sacerdotali.</strong></span> 
     </span>
     <span class='ocr_line' id='line_1_36' title="bbox 177 3239 1952 3323; baseline 0.001 -22"><span class='ocrx_word' id='word_1_476' title='bbox 177 3256 260 3301; x_wconf 89' lang='lat' dir='ltr'><strong>marc</strong></span> <span class='ocrx_word' id='word_1_477' title='bbox 276 3247 306 3300; x_wconf 92' lang='lat' dir='ltr'><strong>ct</strong></span> <span class='ocrx_word' id='word_1_478' title='bbox 320 3239 474 3301; x_wconf 90' lang='lat' dir='ltr'><strong>ordinare:</strong></span> <span class='ocrx_word' id='word_1_479' title='bbox 502 3258 563 3303; x_wconf 94' lang='lat' dir='ltr'><strong>non</strong></span> <span class='ocrx_word' id='word_1_480' title='bbox 574 3240 822 3319; x_wconf 85' lang='lat' dir='ltr'><strong>igiturconrenit</strong></span> <span class='ocrx_word' id='word_1_481' title='bbox 836 3260 951 3321; x_wconf 89' lang='lat' dir='ltr'><strong>genere</strong></span> <span class='ocrx_word' id='word_1_482' title='bbox 965 3262 1036 3306; x_wconf 91' lang='lat' dir='ltr'><strong>cum</strong></span> <span class='ocrx_word' id='word_1_483' title='bbox 1123 3246 1320 3323; x_wconf 77' lang='lat' dir='ltr'><strong>despondeo:</strong></span> <span class='ocrx_word' id='word_1_484' title='bbox 1337 3244 1549 3307; x_wconf 86' lang='lat' dir='ltr'><strong>Obnraclerem</strong></span> <span class='ocrx_word' id='word_1_485' title='bbox 1566 3240 1776 3321; x_wconf 88' lang='lat' dir='ltr'><strong>episcopalem</strong></span> <span class='ocrx_word' id='word_1_486' title='bbox 1795 3242 1952 3321; x_wconf 89' lang='lat' dir='ltr'><strong>integrum</strong></span> 
     </span>
     <span class='ocr_line' id='line_1_37' title="bbox 178 3322 1955 3405; baseline 0.003 -23"><span class='ocrx_word' id='word_1_487' title='bbox 178 3322 401 3401; x_wconf 85' lang='lat' dir='ltr'><strong>presbyteratu,</strong></span> <span class='ocrx_word' id='word_1_488' title='bbox 418 3323 474 3383; x_wconf 87' lang='lat' dir='ltr'><strong>sed</strong></span> <span class='ocrx_word' id='word_1_489' title='bbox 489 3330 537 3384; x_wconf 90' lang='grc' dir='ltr'><strong>εει</strong></span> <span class='ocrx_word' id='word_1_490' title='bbox 550 3324 609 3385; x_wconf 90' lang='lat' dir='ltr'><strong>alia</strong></span> <span class='ocrx_word' id='word_1_491' title='bbox 624 3342 676 3386; x_wconf 92' lang='lat' dir='ltr'><strong>res</strong></span> <span class='ocrx_word' id='word_1_492' title='bbox 689 3326 912 3387; x_wconf 82' lang='lat' dir='ltr'><strong>diuersissima.</strong></span> <span class='ocrx_word' id='word_1_493' title='bbox 1082 3332 1113 3389; x_wconf 92' lang='grc' dir='ltr'><strong>ει</strong></span> <span class='ocrx_word' id='word_1_494' title='bbox 1128 3329 1308 3405; x_wconf 88' lang='lat' dir='ltr'><strong>perlectum,</strong></span> <span class='ocrx_word' id='word_1_495' title='bbox 1324 3344 1395 3390; x_wconf 89' lang='lat' dir='ltr'><strong>csse</strong></span> <span class='ocrx_word' id='word_1_496' title='bbox 1411 3325 1556 3405; x_wconf 74' lang='lat' dir='ltr'><strong>maiorem</strong></span> <span class='ocrx_word' id='word_1_497' title='bbox 1573 3324 1775 3403; x_wconf 89' lang='lat' dir='ltr'><strong>presbyterali</strong></span> <span class='ocrx_word' id='word_1_498' title='bbox 1792 3371 1802 3399; x_wconf 97' lang='lat'><strong>,</strong></span> <span class='ocrx_word' id='word_1_499' title='bbox 1834 3328 1909 3404; x_wconf 87' lang='lat' dir='ltr'><strong>quia</strong></span> <span class='ocrx_word' id='word_1_500' title='bbox 1923 3328 1955 3387; x_wconf 94' lang='lat' dir='ltr'><strong>il·</strong></span> 
     </span>
     <span class='ocr_line' id='line_1_38' title="bbox 218 3405 1950 3487; baseline 0 -21"><span class='ocrx_word' id='word_1_501' title='bbox 218 3405 414 3482; x_wconf 83' lang='lat' dir='ltr'><strong>ilespondeo:</strong></span> <span class='ocrx_word' id='word_1_502' title='bbox 431 3405 646 3483; x_wconf 82' lang='lat' dir='ltr'><strong>Episcopatum</strong></span> <span class='ocrx_word' id='word_1_503' title='bbox 660 3408 820 3471; x_wconf 90' lang='lat' dir='ltr'><strong>includere</strong></span> <span class='ocrx_word' id='word_1_504' title='bbox 834 3410 865 3469; x_wconf 93' lang='lat' dir='ltr'><strong>in</strong></span> <span class='ocrx_word' id='word_1_505' title='bbox 878 3426 932 3471; x_wconf 89' lang='grc' dir='ltr'><strong>εει</strong></span> <span class='ocrx_word' id='word_1_506' title='bbox 945 3409 1036 3471; x_wconf 89' lang='lat' dir='ltr'><strong>retio-</strong></span> <span class='ocrx_word' id='word_1_507' title='bbox 1082 3410 1146 3473; x_wconf 89' lang='lat' dir='ltr'><strong>lum</strong></span> <span class='ocrx_word' id='word_1_508' title='bbox 1162 3411 1336 3473; x_wconf 90' lang='lat' dir='ltr'><strong>includit.et</strong></span> <span class='ocrx_word' id='word_1_509' title='bbox 1351 3426 1445 3472; x_wconf 93' lang='lat' dir='ltr'><strong>unum</strong></span> <span class='ocrx_word' id='word_1_510' title='bbox 1463 3408 1736 3487; x_wconf 81' lang='lat' dir='ltr'><strong>praetereuntium,</strong></span> <span class='ocrx_word' id='word_1_511' title='bbox 1752 3412 1784 3467; x_wconf 92' lang='grc' dir='ltr'><strong>ει</strong></span> <span class='ocrx_word' id='word_1_512' title='bbox 1801 3408 1950 3469; x_wconf 77' lang='lat' dir='ltr'><strong>diximus:</strong></span> 
     </span>
     <span class='ocr_line' id='line_1_39' title="bbox 177 3488 1955 3571; baseline 0.002 -24"><span class='ocrx_word' id='word_1_513' title='bbox 177 3502 219 3549; x_wconf 91' lang='lat' dir='ltr'><strong>ne</strong></span> <span class='ocrx_word' id='word_1_514' title='bbox 244 3493 276 3548; x_wconf 91' lang='lat' dir='ltr'><strong>et</strong></span> <span class='ocrx_word' id='word_1_515' title='bbox 290 3488 425 3548; x_wconf 88' lang='lat' dir='ltr'><strong>essentia</strong></span> <span class='ocrx_word' id='word_1_516' title='bbox 440 3489 659 3563; x_wconf 91' lang='lat' dir='ltr'><strong>sacerdotium,</strong></span> <span class='ocrx_word' id='word_1_517' title='bbox 676 3491 832 3569; x_wconf 87' lang='lat' dir='ltr'><strong>loquendo</strong></span> <span class='ocrx_word' id='word_1_518' title='bbox 847 3494 886 3553; x_wconf 89' lang='lat' dir='ltr'><strong>dc</strong></span> <span class='ocrx_word' id='word_1_519' title='bbox 901 3498 1035 3569; x_wconf 85' lang='lat' dir='ltr'><strong>potesta·</strong></span> <span class='ocrx_word' id='word_1_520' title='bbox 1082 3502 1112 3555; x_wconf 91' lang='lat' dir='ltr'><strong>et</strong></span> <span class='ocrx_word' id='word_1_521' title='bbox 1127 3495 1185 3555; x_wconf 91' lang='lat' dir='ltr'><strong>boc</strong></span> <span class='ocrx_word' id='word_1_522' title='bbox 1201 3495 1291 3555; x_wconf 92' lang='lat' dir='ltr'><strong>modo</strong></span> <span class='ocrx_word' id='word_1_523' title='bbox 1306 3508 1519 3571; x_wconf 90' lang='lat' dir='ltr'><strong>comparamus</strong></span> <span class='ocrx_word' id='word_1_524' title='bbox 1540 3490 1706 3568; x_wconf 88' lang='lat' dir='ltr'><strong>episcopos</strong></span> <span class='ocrx_word' id='word_1_525' title='bbox 1731 3506 1806 3551; x_wconf 89' lang='lat' dir='ltr'><strong>cum</strong></span> <span class='ocrx_word' id='word_1_526' title='bbox 1823 3494 1955 3571; x_wconf 92' lang='lat' dir='ltr'><strong>presby·</strong></span> 
     </span>
     <span class='ocr_line' id='line_1_40' title="bbox 179 3568 1953 3651; baseline 0.003 -21"><span class='ocrx_word' id='word_1_527' title='bbox 179 3576 208 3630; x_wconf 92' lang='lat' dir='ltr'><strong>te</strong></span> <span class='ocrx_word' id='word_1_528' title='bbox 222 3568 359 3641; x_wconf 92' lang='lat' dir='ltr'><strong>Ordinis,</strong></span> <span class='ocrx_word' id='word_1_529' title='bbox 375 3569 414 3631; x_wconf 93' lang='lat' dir='ltr'><strong>de</strong></span> <span class='ocrx_word' id='word_1_530' title='bbox 429 3586 488 3647; x_wconf 87' lang='lat' dir='ltr'><strong>qua</strong></span> <span class='ocrx_word' id='word_1_531' title='bbox 503 3571 570 3633; x_wconf 90' lang='lat' dir='ltr'><strong>sola</strong></span> <span class='ocrx_word' id='word_1_532' title='bbox 593 3571 644 3634; x_wconf 88' lang='lat' dir='ltr'><strong>bio</strong></span> <span class='ocrx_word' id='word_1_533' title='bbox 665 3573 830 3651; x_wconf 85' lang='lat' dir='ltr'><strong>loquimur.</strong></span> <span class='ocrx_word' id='word_1_534' title='bbox 859 3575 924 3636; x_wconf 87' lang='lat' dir='ltr'><strong>Non</strong></span> <span class='ocrx_word' id='word_1_535' title='bbox 950 3575 1033 3636; x_wconf 85' lang='lat' dir='ltr'><strong>enirn</strong></span> <span class='ocrx_word' id='word_1_536' title='bbox 1083 3576 1168 3650; x_wconf 88' lang='lat' dir='ltr'><strong>ieris,</strong></span> <span class='ocrx_word' id='word_1_537' title='bbox 1186 3592 1254 3638; x_wconf 84' lang='lat' dir='ltr'><strong>curn</strong></span> <span class='ocrx_word' id='word_1_538' title='bbox 1266 3578 1398 3645; x_wconf 86' lang='lat' dir='ltr'><strong>dicimus</strong></span> <span class='ocrx_word' id='word_1_539' title='bbox 1414 3575 1490 3637; x_wconf 89' lang='lat' dir='ltr'><strong>alios</strong></span> <span class='ocrx_word' id='word_1_540' title='bbox 1505 3590 1575 3635; x_wconf 91' lang='lat' dir='ltr'><strong>esse</strong></span> <span class='ocrx_word' id='word_1_541' title='bbox 1591 3572 1781 3651; x_wconf 80' lang='lat' dir='ltr'><strong>superiores.</strong></span> <span class='ocrx_word' id='word_1_542' title='bbox 1811 3574 1894 3635; x_wconf 92' lang='lat' dir='ltr'><strong>alios</strong></span> <span class='ocrx_word' id='word_1_543' title='bbox 1910 3576 1953 3635; x_wconf 92' lang='lat' dir='ltr'><strong>in·</strong></span> 
     </span>
     <span class='ocr_line' id='line_1_41' title="bbox 176 3652 1950 3737; baseline 0.002 -23"><span class='ocrx_word' id='word_1_544' title='bbox 176 3660 278 3729; x_wconf 88' lang='lat' dir='ltr'><strong>potest</strong></span> <span class='ocrx_word' id='word_1_545' title='bbox 294 3652 422 3732; x_wconf 78' lang='lat' dir='ltr'><strong>intelligi</strong></span> <span class='ocrx_word' id='word_1_546' title='bbox 436 3652 613 3732; x_wconf 90' lang='lat' dir='ltr'><strong>episcopus,</strong></span> <span class='ocrx_word' id='word_1_547' title='bbox 630 3658 681 3733; x_wconf 82' lang='lat' dir='ltr'><strong>qui</strong></span> <span class='ocrx_word' id='word_1_548' title='bbox 703 3672 764 3717; x_wconf 92' lang='lat' dir='ltr'><strong>non</strong></span> <span class='ocrx_word' id='word_1_549' title='bbox 793 3658 834 3718; x_wconf 93' lang='lat' dir='ltr'><strong>sit</strong></span> <span class='ocrx_word' id='word_1_550' title='bbox 860 3659 1007 3719; x_wconf 90' lang='lat' dir='ltr'><strong>sacerdos</strong></span> <span class='ocrx_word' id='word_1_551' title='bbox 1025 3702 1033 3732; x_wconf 89' lang='lat'><strong>,</strong></span> <span class='ocrx_word' id='word_1_552' title='bbox 1084 3660 1257 3721; x_wconf 74' lang='lat' dir='ltr'><strong>leriorestsi</strong></span> <span class='ocrx_word' id='word_1_553' title='bbox 1275 3665 1376 3720; x_wconf 89' lang='lat' dir='ltr'><strong>tamen</strong></span> <span class='ocrx_word' id='word_1_554' title='bbox 1393 3660 1462 3737; x_wconf 87' lang='lat' dir='ltr'><strong>quis</strong></span> <span class='ocrx_word' id='word_1_555' title='bbox 1477 3656 1614 3718; x_wconf 84' lang='lat' dir='ltr'><strong>corrierat</strong></span> <span class='ocrx_word' id='word_1_556' title='bbox 1627 3656 1950 3735; x_wconf 78' lang='lat' dir='ltr'><strong>characteremqucm</strong></span> 
     </span>
     <span class='ocr_line' id='line_1_42' title="bbox 179 3735 1951 3819; baseline 0.003 -25"><span class='ocrx_word' id='word_1_557' title='bbox 179 3752 249 3795; x_wconf 86' lang='lat' dir='ltr'><strong>curn</strong></span> <span class='ocrx_word' id='word_1_558' title='bbox 261 3735 339 3796; x_wconf 86' lang='lat' dir='ltr'><strong>nibil</strong></span> <span class='ocrx_word' id='word_1_559' title='bbox 354 3735 486 3796; x_wconf 89' lang='lat' dir='ltr'><strong>sitaliud</strong></span> <span class='ocrx_word' id='word_1_560' title='bbox 503 3738 693 3815; x_wconf 90' lang='lat' dir='ltr'><strong>episcopus,</strong></span> <span class='ocrx_word' id='word_1_561' title='bbox 721 3738 779 3800; x_wconf 91' lang='lat' dir='ltr'><strong>nisi</strong></span> <span class='ocrx_word' id='word_1_562' title='bbox 809 3756 962 3808; x_wconf 78' lang='lat' dir='ltr'><strong>semotus.</strong></span> <span class='ocrx_word' id='word_1_563' title='bbox 978 3752 1036 3801; x_wconf 87' lang='lat' dir='ltr'><strong>seu</strong></span> <span class='ocrx_word' id='word_1_564' title='bbox 1082 3743 1177 3804; x_wconf 87' lang='lat' dir='ltr'><strong>babet</strong></span> <span class='ocrx_word' id='word_1_565' title='bbox 1191 3742 1359 3819; x_wconf 89' lang='lat' dir='ltr'><strong>episcopus</strong></span> <span class='ocrx_word' id='word_1_566' title='bbox 1374 3756 1411 3802; x_wconf 85' lang='grc' dir='ltr'><strong>ει</strong></span> <span class='ocrx_word' id='word_1_567' title='bbox 1428 3740 1531 3801; x_wconf 88' lang='grc' dir='ltr'>ειιιιει</span> <span class='ocrx_word' id='word_1_568' title='bbox 1545 3754 1599 3798; x_wconf 85' lang='grc' dir='ltr'><strong>εει</strong></span> <span class='ocrx_word' id='word_1_569' title='bbox 1611 3737 1865 3813; x_wconf 91' lang='lat' dir='ltr'><strong>consecratione,</strong></span> <span class='ocrx_word' id='word_1_570' title='bbox 1883 3757 1951 3800; x_wconf 91' lang='lat' dir='ltr'><strong>cum</strong></span> 
     </span>
     <span class='ocr_line' id='line_1_43' title="bbox 179 3818 1950 3902; baseline 0.002 -23"><span class='ocrx_word' id='word_1_571' title='bbox 179 3818 296 3893; x_wconf 89' lang='lat' dir='ltr'><strong>primus</strong></span> <span class='ocrx_word' id='word_1_572' title='bbox 312 3818 471 3878; x_wconf 87' lang='lat' dir='ltr'><strong>sacerdos:</strong></span> <span class='ocrx_word' id='word_1_573' title='bbox 487 3819 567 3880; x_wconf 90' lang='lat' dir='ltr'><strong>sicut</strong></span> <span class='ocrx_word' id='word_1_574' title='bbox 581 3825 709 3897; x_wconf 90' lang='lat' dir='ltr'><strong>papatus</strong></span> <span class='ocrx_word' id='word_1_575' title='bbox 724 3821 855 3884; x_wconf 87' lang='lat' dir='ltr'><strong>includit</strong></span> <span class='ocrx_word' id='word_1_576' title='bbox 869 3822 1038 3885; x_wconf 87' lang='lat' dir='ltr'><strong>intrinsece</strong></span> <span class='ocrx_word' id='word_1_577' title='bbox 1082 3826 1365 3902; x_wconf 83' lang='lat' dir='ltr'><strong>oberanterc‚quem</strong></span> <span class='ocrx_word' id='word_1_578' title='bbox 1379 3823 1472 3885; x_wconf 87' lang='lat' dir='ltr'><strong>babet</strong></span> <span class='ocrx_word' id='word_1_579' title='bbox 1483 3836 1519 3882; x_wconf 86' lang='lat' dir='ltr'><strong>ex</strong></span> <span class='ocrx_word' id='word_1_580' title='bbox 1532 3819 1727 3883; x_wconf 91' lang='lat' dir='ltr'><strong>Ordinatione</strong></span> <span class='ocrx_word' id='word_1_581' title='bbox 1737 3820 1950 3897; x_wconf 72' lang='lat' dir='ltr'><strong>presbyterali:</strong></span> 
     </span>
     <span class='ocr_line' id='line_1_44' title="bbox 179 3899 1947 3984; baseline 0.002 -23"><span class='ocrx_word' id='word_1_582' title='bbox 179 3907 210 3961; x_wconf 89' lang='lat' dir='ltr'><strong>et</strong></span> <span class='ocrx_word' id='word_1_583' title='bbox 225 3899 429 3962; x_wconf 87' lang='lat' dir='ltr'><strong>essentialiter</strong></span> <span class='ocrx_word' id='word_1_584' title='bbox 443 3900 666 3979; x_wconf 86' lang='lat' dir='ltr'><strong>episcopatum.</strong></span> <span class='ocrx_word' id='word_1_585' title='bbox 689 3903 761 3965; x_wconf 89' lang='lat' dir='ltr'><strong>lieet</strong></span> <span class='ocrx_word' id='word_1_586' title='bbox 781 3905 875 3966; x_wconf 89' lang='lat' dir='ltr'><strong>multa</strong></span> <span class='ocrx_word' id='word_1_587' title='bbox 890 3907 1038 3983; x_wconf 88' lang='lat' dir='ltr'><strong>superad·</strong></span> <span class='ocrx_word' id='word_1_588' title='bbox 1083 3911 1156 3968; x_wconf 92' lang='lat' dir='ltr'><strong>tunc</strong></span> <span class='ocrx_word' id='word_1_589' title='bbox 1171 3907 1228 3969; x_wconf 89' lang='lat' dir='ltr'><strong>istc</strong></span> <span class='ocrx_word' id='word_1_590' title='bbox 1244 3914 1292 3969; x_wconf 91' lang='lat' dir='ltr'><strong>est</strong></span> <span class='ocrx_word' id='word_1_591' title='bbox 1306 3906 1402 3984; x_wconf 86' lang='lat' dir='ltr'><strong>major</strong></span> <span class='ocrx_word' id='word_1_592' title='bbox 1415 3904 1577 3979; x_wconf 87' lang='lat' dir='ltr'><strong>intensive,</strong></span> <span class='ocrx_word' id='word_1_593' title='bbox 1591 3904 1660 3980; x_wconf 88' lang='lat' dir='ltr'><strong>qnia</strong></span> <span class='ocrx_word' id='word_1_594' title='bbox 1676 3918 1795 3964; x_wconf 92' lang='lat' dir='ltr'><strong>summa</strong></span> <span class='ocrx_word' id='word_1_595' title='bbox 1814 3911 1947 3981; x_wconf 88' lang='lat' dir='ltr'><strong>potestas</strong></span> 
     </span>
     <span class='ocr_line' id='line_1_45' title="bbox 180 3982 1943 4068; baseline 0.003 -27"><span class='ocrx_word' id='word_1_596' title='bbox 180 3984 241 4043; x_wconf 89' lang='lat' dir='ltr'><strong>dat.</strong></span> <span class='ocrx_word' id='word_1_597' title='bbox 257 3982 336 4043; x_wconf 85' lang='lat' dir='ltr'><strong>Hinc</strong></span> <span class='ocrx_word' id='word_1_598' title='bbox 350 3988 451 4043; x_wconf 90' lang='lat' dir='ltr'><strong>autem</strong></span> <span class='ocrx_word' id='word_1_599' title='bbox 466 3984 615 4059; x_wconf 87' lang='lat' dir='ltr'><strong>sequitnr,</strong></span> <span class='ocrx_word' id='word_1_600' title='bbox 632 3991 666 4046; x_wconf 91' lang='lat' dir='ltr'><strong>nt</strong></span> <span class='ocrx_word' id='word_1_601' title='bbox 678 3987 866 4065; x_wconf 91' lang='lat' dir='ltr'><strong>episcopalis</strong></span> <span class='ocrx_word' id='word_1_602' title='bbox 879 3987 1039 4050; x_wconf 87' lang='lat' dir='ltr'><strong>Ordinatio</strong></span> <span class='ocrx_word' id='word_1_603' title='bbox 1083 3996 1142 4058; x_wconf 84' lang='lat' dir='ltr'><strong>cst,</strong></span> <span class='ocrx_word' id='word_1_604' title='bbox 1160 4005 1252 4068; x_wconf 89' lang='lat' dir='ltr'><strong>posse</strong></span> <span class='ocrx_word' id='word_1_605' title='bbox 1267 4003 1450 4051; x_wconf 89' lang='lat' dir='ltr'><strong>consecrare</strong></span> <span class='ocrx_word' id='word_1_606' title='bbox 1466 3984 1699 4047; x_wconf 80' lang='lat' dir='ltr'><strong>Eucharistiam:</strong></span> <span class='ocrx_word' id='word_1_607' title='bbox 1715 3983 1769 4046; x_wconf 91' lang='lat' dir='ltr'><strong>ille</strong></span> <span class='ocrx_word' id='word_1_608' title='bbox 1785 3993 1839 4047; x_wconf 90' lang='grc' dir='ltr'><strong>εει</strong></span> <span class='ocrx_word' id='word_1_609' title='bbox 1853 3987 1943 4065; x_wconf 83' lang='lat' dir='ltr'><strong>major</strong></span> 
     </span>
     <span class='ocr_line' id='line_1_46' title="bbox 179 4065 1948 4150; baseline 0.003 -26"><span class='ocrx_word' id='word_1_610' title='bbox 179 4065 296 4145; x_wconf 91' lang='lat' dir='ltr'><strong>integra</strong></span> <span class='ocrx_word' id='word_1_611' title='bbox 313 4070 477 4142; x_wconf 90' lang='lat' dir='ltr'><strong>consurget</strong></span> <span class='ocrx_word' id='word_1_612' title='bbox 491 4081 528 4127; x_wconf 84' lang='lat' dir='ltr'><strong>er</strong></span> <span class='ocrx_word' id='word_1_613' title='bbox 542 4066 658 4143; x_wconf 82' lang='lat' dir='ltr'><strong>duplici</strong></span> <span class='ocrx_word' id='word_1_614' title='bbox 678 4067 894 4142; x_wconf 88' lang='lat' dir='ltr'><strong>Ordinatione,</strong></span> <span class='ocrx_word' id='word_1_615' title='bbox 922 4078 953 4132; x_wconf 94' lang='lat' dir='ltr'><strong>et</strong></span> <span class='ocrx_word' id='word_1_616' title='bbox 967 4073 1038 4132; x_wconf 87' lang='lat' dir='ltr'><strong>cba-</strong></span> <span class='ocrx_word' id='word_1_617' title='bbox 1084 4072 1253 4144; x_wconf 87' lang='lat' dir='ltr'><strong>exlcnsire,</strong></span> <span class='ocrx_word' id='word_1_618' title='bbox 1270 4071 1339 4150; x_wconf 87' lang='lat' dir='ltr'><strong>quia</strong></span> <span class='ocrx_word' id='word_1_619' title='bbox 1354 4070 1392 4133; x_wconf 90' lang='lat' dir='ltr'><strong>ad</strong></span> <span class='ocrx_word' id='word_1_620' title='bbox 1408 4072 1495 4150; x_wconf 88' lang='lat' dir='ltr'><strong>plura</strong></span> <span class='ocrx_word' id='word_1_621' title='bbox 1521 4084 1555 4131; x_wconf 90' lang='lat' dir='ltr'><strong>se</strong></span> <span class='ocrx_word' id='word_1_622' title='bbox 1581 4068 1729 4130; x_wconf 79' lang='lat' dir='ltr'><strong>extendit.</strong></span> <span class='ocrx_word' id='word_1_623' title='bbox 1757 4067 1823 4129; x_wconf 89' lang='lat' dir='ltr'><strong>Sed</strong></span> <span class='ocrx_word' id='word_1_624' title='bbox 1849 4070 1948 4132; x_wconf 92' lang='lat' dir='ltr'><strong>debis</strong></span> 
     </span>
     <span class='ocr_line' id='line_1_47' title="bbox 178 4148 1363 4229; baseline 0.011 -22"><span class='ocrx_word' id='word_1_625' title='bbox 178 4155 277 4208; x_wconf 91' lang='lat' dir='ltr'><strong>rnctcr</strong></span> <span class='ocrx_word' id='word_1_626' title='bbox 298 4148 486 4225; x_wconf 87' lang='lat' dir='ltr'><strong>episcopalis</strong></span> <span class='ocrx_word' id='word_1_627' title='bbox 507 4149 627 4225; x_wconf 83' lang='lat' dir='ltr'><strong>integer</strong></span> <span class='ocrx_word' id='word_1_628' title='bbox 654 4157 686 4211; x_wconf 90' lang='lat' dir='ltr'><strong>et</strong></span> <span class='ocrx_word' id='word_1_629' title='bbox 710 4153 891 4229; x_wconf 85' lang='lat' dir='ltr'><strong>perlectus,</strong></span> <span class='ocrx_word' id='word_1_630' title='bbox 923 4155 1039 4215; x_wconf 90' lang='lat' dir='ltr'><strong>nonsit</strong></span> <span class='ocrx_word' id='word_1_631' title='bbox 1082 4157 1170 4217; x_wconf 90' lang='lat' dir='ltr'><strong>satis.</strong></span> <span class='ocrx_word' id='word_1_632' title='bbox 1358 4222 1363 4229; x_wconf 80' lang='grc'><em>,</em></span> 
     </span>
     <span class='ocr_line' id='line_1_48' title="bbox 180 4230 1614 4313; baseline 0.013 -25"><span class='ocrx_word' id='word_1_633' title='bbox 180 4247 238 4289; x_wconf 92' lang='lat' dir='ltr'><strong>noa</strong></span> <span class='ocrx_word' id='word_1_634' title='bbox 255 4231 385 4307; x_wconf 79' lang='lat' dir='ltr'><strong>simplex</strong></span> <span class='ocrx_word' id='word_1_635' title='bbox 400 4230 541 4303; x_wconf 79' lang='lat' dir='ltr'><strong>unalitas,</strong></span> <span class='ocrx_word' id='word_1_636' title='bbox 554 4232 609 4293; x_wconf 90' lang='lat' dir='ltr'><strong>sed</strong></span> <span class='ocrx_word' id='word_1_637' title='bbox 622 4231 695 4311; x_wconf 86' lang='lat' dir='ltr'><strong>quid</strong></span> <span class='ocrx_word' id='word_1_638' title='bbox 710 4236 913 4313; x_wconf 89' lang='lat' dir='ltr'><strong>compositum</strong></span> <span class='ocrx_word' id='word_1_639' title='bbox 929 4252 966 4297; x_wconf 83' lang='lat' dir='ltr'><strong>ex</strong></span> <span class='ocrx_word' id='word_1_640' title='bbox 981 4236 1038 4298; x_wconf 87' lang='lat' dir='ltr'><strong>du·</strong></span> <span class='ocrx_word' id='word_1_641' title='bbox 1609 4284 1614 4293; x_wconf 54' lang='grc' dir='ltr'>ι</span> 
     </span>
     <span class='ocr_line' id='line_1_49' title="bbox 179 4284 1604 4388; baseline 0.01 -17"><span class='ocrx_word' id='word_1_642' title='bbox 179 4314 252 4387; x_wconf 88' lang='lat' dir='ltr'><strong>plici</strong></span> <span class='ocrx_word' id='word_1_643' title='bbox 268 4314 456 4373; x_wconf 85' lang='lat' dir='ltr'><strong>charactere:</strong></span> <span class='ocrx_word' id='word_1_644' title='bbox 484 4314 612 4388; x_wconf 89' lang='lat' dir='ltr'><strong>proinde</strong></span> <span class='ocrx_word' id='word_1_645' title='bbox 640 4317 731 4376; x_wconf 90' lang='lat' dir='ltr'><strong>ctiam</strong></span> <span class='ocrx_word' id='word_1_646' title='bbox 759 4318 820 4379; x_wconf 92' lang='lat' dir='ltr'><strong>duo</strong></span> <span class='ocrx_word' id='word_1_647' title='bbox 848 4325 1038 4381; x_wconf 87' lang='lat' dir='ltr'><strong>sacramenta</strong></span> <span class='ocrx_word' id='word_1_648' title='bbox 1420 4284 1604 4349; x_wconf 61' lang='lat' dir='ltr'><strong>CAPUTVI·</strong></span> 
     </span>
     <span class='ocr_line' id='line_1_50' title="bbox 180 4394 900 4474; baseline 0.011 -20"><span class='ocrx_word' id='word_1_649' title='bbox 180 4394 377 4470; x_wconf 81' lang='lat' dir='ltr'><strong>requiruntur</strong></span> <span class='ocrx_word' id='word_1_650' title='bbox 388 4395 425 4455; x_wconf 91' lang='lat' dir='ltr'><strong>ad</strong></span> <span class='ocrx_word' id='word_1_651' title='bbox 441 4399 622 4474; x_wconf 89' lang='lat' dir='ltr'><strong>episcopum</strong></span> <span class='ocrx_word' id='word_1_652' title='bbox 638 4400 900 4461; x_wconf 88' lang='lat' dir='ltr'><strong>constituendum.</strong></span> 
     </span>
     <span class='ocr_line' id='line_1_51' title="bbox 221 4466 1870 4561; baseline 0.009 -25"><span class='ocrx_word' id='word_1_653' title='bbox 221 4476 326 4554; x_wconf 80' lang='grc' dir='ltr'>ιιιεεε</span> <span class='ocrx_word' id='word_1_654' title='bbox 341 4476 378 4536; x_wconf 92' lang='lat' dir='ltr'><strong>nd</strong></span> <span class='ocrx_word' id='word_1_655' title='bbox 395 4487 607 4554; x_wconf 85' lang='lat' dir='ltr'><strong>argumentum</strong></span> <span class='ocrx_word' id='word_1_656' title='bbox 627 4478 826 4559; x_wconf 84' lang='lat' dir='ltr'><strong>Respondeo:</strong></span> <span class='ocrx_word' id='word_1_657' title='bbox 852 4483 1039 4561; x_wconf 87' lang='lat' dir='ltr'><strong>lipiscopum</strong></span> <span class='ocrx_word' id='word_1_658' title='bbox 1176 4466 1392 4533; x_wconf 82' lang='lat' dir='ltr'><strong>Oiccouotttm</strong></span> <span class='ocrx_word' id='word_1_659' title='bbox 1406 4481 1473 4529; x_wconf 72' lang='lat'><strong>⁰⁸³0</strong></span> <span class='ocrx_word' id='word_1_660' title='bbox 1485 4480 1598 4529; x_wconf 62' lang='lat' dir='ltr'><strong>”mm</strong></span> <span class='ocrx_word' id='word_1_661' title='bbox 1612 4470 1870 4532; x_wconf 58' lang='lat' dir='ltr'><strong><em>mmmmm·</em></strong></span> 
     </span>
     <span class='ocr_line' id='line_1_52' title="bbox 180 4560 1040 4637; baseline 0.01 -18"><span class='ocrx_word' id='word_1_662' title='bbox 180 4575 241 4619; x_wconf 93' lang='lat' dir='ltr'><strong>non</strong></span> <span class='ocrx_word' id='word_1_663' title='bbox 259 4560 384 4625; x_wconf 82' lang='lat' dir='ltr'><strong>babere.</strong></span> <span class='ocrx_word' id='word_1_664' title='bbox 398 4566 430 4619; x_wconf 92' lang='grc' dir='ltr'><strong>ει</strong></span> <span class='ocrx_word' id='word_1_665' title='bbox 442 4560 544 4637; x_wconf 91' lang='lat' dir='ltr'><strong>possit</strong></span> <span class='ocrx_word' id='word_1_666' title='bbox 554 4573 737 4625; x_wconf 82' lang='lat' dir='ltr'><strong>consecrare</strong></span> <span class='ocrx_word' id='word_1_667' title='bbox 752 4564 987 4637; x_wconf 79' lang='lat' dir='ltr'><strong>Eucharistiam,</strong></span> <span class='ocrx_word' id='word_1_668' title='bbox 1001 4583 1040 4629; x_wconf 85' lang='lat' dir='ltr'><strong>ex</strong></span> 
     </span>
     <span class='ocr_line' id='line_1_53' title="bbox 178 4639 1954 4721; baseline 0 -20"><span class='ocrx_word' id='word_1_669' title='bbox 178 4658 232 4701; x_wconf 89' lang='lat' dir='ltr'><strong>sna</strong></span> <span class='ocrx_word' id='word_1_670' title='bbox 246 4642 348 4701; x_wconf 89' lang='lat' dir='ltr'><strong>ultima</strong></span> <span class='ocrx_word' id='word_1_671' title='bbox 362 4639 677 4716; x_wconf 86' lang='lat' dir='ltr'><strong>Ordinatione,tameo</strong></span> <span class='ocrx_word' id='word_1_672' title='bbox 693 4646 722 4707; x_wconf 93' lang='lat' dir='ltr'><strong>id</strong></span> <span class='ocrx_word' id='word_1_673' title='bbox 738 4647 853 4710; x_wconf 87' lang='lat' dir='ltr'><strong>bebere</strong></span> <span class='ocrx_word' id='word_1_674' title='bbox 865 4664 903 4711; x_wconf 88' lang='lat' dir='ltr'><strong>ex</strong></span> <span class='ocrx_word' id='word_1_675' title='bbox 917 4650 973 4710; x_wconf 91' lang='lat' dir='ltr'><strong>alia</strong></span> <span class='ocrx_word' id='word_1_676' title='bbox 985 4648 1042 4712; x_wconf 91' lang='lat' dir='ltr'><strong>Or·</strong></span> <span class='ocrx_word' id='word_1_677' title='bbox 1127 4647 1219 4709; x_wconf 89' lang='lat' dir='ltr'><strong>Porro</strong></span> <span class='ocrx_word' id='word_1_678' title='bbox 1241 4646 1280 4708; x_wconf 92' lang='lat' dir='ltr'><strong>de</strong></span> <span class='ocrx_word' id='word_1_679' title='bbox 1301 4643 1441 4707; x_wconf 88' lang='lat' dir='ltr'><strong>diaconis</strong></span> <span class='ocrx_word' id='word_1_680' title='bbox 1458 4691 1465 4713; x_wconf 83' lang='lat'><strong>,</strong></span> <span class='ocrx_word' id='word_1_681' title='bbox 1486 4644 1575 4705; x_wconf 86' lang='lat' dir='ltr'><strong>ratde</strong></span> <span class='ocrx_word' id='word_1_682' title='bbox 1596 4642 1755 4721; x_wconf 89' lang='lat' dir='ltr'><strong>probabile</strong></span> <span class='ocrx_word' id='word_1_683' title='bbox 1777 4649 1807 4705; x_wconf 91' lang='grc' dir='ltr'><strong>ει</strong></span> <span class='ocrx_word' id='word_1_684' title='bbox 1823 4640 1954 4705; x_wconf 90' lang='lat' dir='ltr'><strong>omnino</strong></span> 
     </span>
     <span class='ocr_line' id='line_1_54' title="bbox 179 4724 1951 4805; baseline -0.001 -21"><span class='ocrx_word' id='word_1_685' title='bbox 179 4724 336 4785; x_wconf 90' lang='lat' dir='ltr'><strong>dinatiooe</strong></span> <span class='ocrx_word' id='word_1_686' title='bbox 351 4725 569 4802; x_wconf 89' lang='lat' dir='ltr'><strong>praecedente,</strong></span> <span class='ocrx_word' id='word_1_687' title='bbox 586 4744 664 4805; x_wconf 82' lang='lat' dir='ltr'><strong>quac</strong></span> <span class='ocrx_word' id='word_1_688' title='bbox 679 4734 728 4789; x_wconf 90' lang='lat' dir='ltr'><strong>est</strong></span> <span class='ocrx_word' id='word_1_689' title='bbox 742 4730 832 4791; x_wconf 89' lang='lat' dir='ltr'><strong>etiem</strong></span> <span class='ocrx_word' id='word_1_690' title='bbox 848 4732 887 4792; x_wconf 94' lang='lat' dir='ltr'><strong>de</strong></span> <span class='ocrx_word' id='word_1_691' title='bbox 903 4733 1040 4795; x_wconf 86' lang='lat' dir='ltr'><strong>essentia</strong></span> <span class='ocrx_word' id='word_1_692' title='bbox 1087 4731 1253 4793; x_wconf 88' lang='lat' dir='ltr'><strong>tenendum</strong></span> <span class='ocrx_word' id='word_1_693' title='bbox 1281 4735 1329 4790; x_wconf 91' lang='lat' dir='ltr'><strong>cst</strong></span> <span class='ocrx_word' id='word_1_694' title='bbox 1350 4743 1455 4789; x_wconf 85' lang='lat' dir='ltr'><strong>corum</strong></span> <span class='ocrx_word' id='word_1_695' title='bbox 1477 4724 1707 4789; x_wconf 87' lang='lat' dir='ltr'><strong>Ordinationem</strong></span> <span class='ocrx_word' id='word_1_696' title='bbox 1723 4732 1951 4789; x_wconf 88' lang='lat' dir='ltr'><strong>sacramentnm</strong></span> 
     </span>
     <span class='ocr_line' id='line_1_55' title="bbox 179 4805 1954 4886; baseline 0.001 -20"><span class='ocrx_word' id='word_1_697' title='bbox 179 4806 389 4883; x_wconf 90' lang='lat' dir='ltr'><strong>episcopatos.</strong></span> <span class='ocrx_word' id='word_1_698' title='bbox 406 4805 492 4869; x_wconf 88' lang='lat' dir='ltr'><strong>Sicut</strong></span> <span class='ocrx_word' id='word_1_699' title='bbox 506 4809 600 4870; x_wconf 90' lang='lat' dir='ltr'><strong>bomo</strong></span> <span class='ocrx_word' id='word_1_700' title='bbox 626 4825 687 4871; x_wconf 90' lang='lat' dir='ltr'><strong>noo</strong></span> <span class='ocrx_word' id='word_1_701' title='bbox 704 4811 796 4874; x_wconf 88' lang='lat' dir='ltr'><strong>babet</strong></span> <span class='ocrx_word' id='word_1_702' title='bbox 810 4830 846 4875; x_wconf 84' lang='lat' dir='ltr'><strong>ex</strong></span> <span class='ocrx_word' id='word_1_703' title='bbox 861 4814 1037 4878; x_wconf 87' lang='lat' dir='ltr'><strong>dillerentia</strong></span> <span class='ocrx_word' id='word_1_704' title='bbox 1085 4830 1168 4886; x_wconf 86' lang='lat' dir='ltr'><strong>esse,</strong></span> <span class='ocrx_word' id='word_1_705' title='bbox 1192 4814 1263 4874; x_wconf 90' lang='lat' dir='ltr'><strong>licet</strong></span> <span class='ocrx_word' id='word_1_706' title='bbox 1277 4811 1308 4873; x_wconf 92' lang='lat' dir='ltr'><strong>id</strong></span> <span class='ocrx_word' id='word_1_707' title='bbox 1324 4827 1384 4871; x_wconf 92' lang='lat' dir='ltr'><strong>non</strong></span> <span class='ocrx_word' id='word_1_708' title='bbox 1400 4810 1441 4871; x_wconf 90' lang='lat' dir='ltr'><strong>sit</strong></span> <span class='ocrx_word' id='word_1_709' title='bbox 1455 4816 1571 4871; x_wconf 89' lang='lat' dir='ltr'><strong>eertum</strong></span> <span class='ocrx_word' id='word_1_710' title='bbox 1589 4824 1626 4871; x_wconf 88' lang='grc' dir='ltr'><strong>ειι</strong></span> <span class='ocrx_word' id='word_1_711' title='bbox 1640 4808 1712 4870; x_wconf 88' lang='lat' dir='ltr'><strong>fide.</strong></span> <span class='ocrx_word' id='word_1_712' title='bbox 1729 4808 1817 4882; x_wconf 86' lang='lat' dir='ltr'><strong>Onod</strong></span> <span class='ocrx_word' id='word_1_713' title='bbox 1832 4824 1895 4869; x_wconf 94' lang='lat' dir='ltr'><strong>non</strong></span> <span class='ocrx_word' id='word_1_714' title='bbox 1913 4808 1954 4869; x_wconf 91' lang='lat' dir='ltr'><strong>sit</strong></span> 
     </span>
     <span class='ocr_line' id='line_1_56' title="bbox 178 4887 1946 4971; baseline 0 -22"><span class='ocrx_word' id='word_1_715' title='bbox 178 4906 232 4949; x_wconf 91' lang='grc' dir='ltr'><strong>εει</strong></span> <span class='ocrx_word' id='word_1_716' title='bbox 248 4887 404 4966; x_wconf 89' lang='lat' dir='ltr'><strong>specilloa,</strong></span> <span class='ocrx_word' id='word_1_717' title='bbox 422 4894 455 4951; x_wconf 94' lang='lat' dir='ltr'><strong>ut</strong></span> <span class='ocrx_word' id='word_1_718' title='bbox 469 4890 509 4951; x_wconf 92' lang='lat' dir='ltr'><strong>sit</strong></span> <span class='ocrx_word' id='word_1_719' title='bbox 520 4890 692 4969; x_wconf 87' lang='lat' dir='ltr'><strong>sensibilis,</strong></span> <span class='ocrx_word' id='word_1_720' title='bbox 708 4900 810 4957; x_wconf 88' lang='grc' dir='ltr'>ιεειεε</span> <span class='ocrx_word' id='word_1_721' title='bbox 841 4896 871 4958; x_wconf 92' lang='lat' dir='ltr'><strong>id</strong></span> <span class='ocrx_word' id='word_1_722' title='bbox 891 4896 986 4958; x_wconf 88' lang='lat' dir='ltr'><strong>babet</strong></span> <span class='ocrx_word' id='word_1_723' title='bbox 999 4916 1037 4960; x_wconf 83' lang='lat' dir='ltr'><strong>er</strong></span> <span class='ocrx_word' id='word_1_724' title='bbox 1083 4902 1198 4959; x_wconf 87' lang='lat' dir='ltr'><strong>eertum</strong></span> <span class='ocrx_word' id='word_1_725' title='bbox 1215 4910 1251 4955; x_wconf 89' lang='grc' dir='ltr'><strong>ει</strong></span> <span class='ocrx_word' id='word_1_726' title='bbox 1266 4892 1338 4967; x_wconf 90' lang='lat' dir='ltr'><strong>ilde,</strong></span> <span class='ocrx_word' id='word_1_727' title='bbox 1353 4898 1449 4971; x_wconf 89' lang='lat' dir='ltr'><strong>patet,</strong></span> <span class='ocrx_word' id='word_1_728' title='bbox 1461 4891 1531 4971; x_wconf 90' lang='lat' dir='ltr'><strong>quia</strong></span> <span class='ocrx_word' id='word_1_729' title='bbox 1543 4908 1605 4953; x_wconf 92' lang='lat' dir='ltr'><strong>non</strong></span> <span class='ocrx_word' id='word_1_730' title='bbox 1619 4896 1720 4967; x_wconf 92' lang='lat' dir='ltr'><strong>potest</strong></span> <span class='ocrx_word' id='word_1_731' title='bbox 1734 4891 1764 4952; x_wconf 93' lang='lat' dir='ltr'><strong>id</strong></span> <span class='ocrx_word' id='word_1_732' title='bbox 1782 4892 1946 4953; x_wconf 84' lang='lat' dir='ltr'><strong>evidenter</strong></span> 
     </span>
     <span class='ocr_line' id='line_1_57' title="bbox 177 4971 1953 5060; baseline 0 -28"><span class='ocrx_word' id='word_1_733' title='bbox 177 4986 292 5049; x_wconf 87' lang='lat' dir='ltr'><strong>gcoerc</strong></span> <span class='ocrx_word' id='word_1_734' title='bbox 306 4986 376 5043; x_wconf 90' lang='lat' dir='ltr'><strong>suo,</strong></span> <span class='ocrx_word' id='word_1_735' title='bbox 392 4971 524 5058; x_wconf 84' lang='lat' dir='ltr'><strong>proinde</strong></span> <span class='ocrx_word' id='word_1_736' title='bbox 539 4988 576 5035; x_wconf 88' lang='grc' dir='ltr'><strong>ει</strong></span> <span class='ocrx_word' id='word_1_737' title='bbox 592 4981 697 5038; x_wconf 90' lang='lat' dir='ltr'><strong>natura</strong></span> <span class='ocrx_word' id='word_1_738' title='bbox 713 4993 780 5051; x_wconf 89' lang='lat' dir='ltr'><strong>sua,</strong></span> <span class='ocrx_word' id='word_1_739' title='bbox 797 4995 876 5057; x_wconf 87' lang='lat' dir='ltr'><strong>quae</strong></span> <span class='ocrx_word' id='word_1_740' title='bbox 891 4996 929 5041; x_wconf 81' lang='lat' dir='ltr'><strong>ex</strong></span> <span class='ocrx_word' id='word_1_741' title='bbox 942 4996 1037 5060; x_wconf 85' lang='lat' dir='ltr'><strong>gene·</strong></span> <span class='ocrx_word' id='word_1_742' title='bbox 1083 4978 1194 5040; x_wconf 88' lang='lat' dir='ltr'><strong>deduci</strong></span> <span class='ocrx_word' id='word_1_743' title='bbox 1210 4992 1246 5038; x_wconf 87' lang='lat' dir='ltr'><strong>ea</strong></span> <span class='ocrx_word' id='word_1_744' title='bbox 1261 4976 1355 5037; x_wconf 90' lang='lat' dir='ltr'><strong>rerbo</strong></span> <span class='ocrx_word' id='word_1_745' title='bbox 1367 4975 1420 5036; x_wconf 88' lang='lat' dir='ltr'><strong>Oci</strong></span> <span class='ocrx_word' id='word_1_746' title='bbox 1436 4976 1564 5052; x_wconf 88' lang='lat' dir='ltr'><strong>scripto,</strong></span> <span class='ocrx_word' id='word_1_747' title='bbox 1581 4974 1626 5035; x_wconf 89' lang='lat' dir='ltr'><strong>rel</strong></span> <span class='ocrx_word' id='word_1_748' title='bbox 1643 4974 1763 5035; x_wconf 92' lang='lat' dir='ltr'><strong>tradito:</strong></span> <span class='ocrx_word' id='word_1_749' title='bbox 1780 4988 1887 5051; x_wconf 82' lang='lat' dir='ltr'><strong>neque</strong></span> <span class='ocrx_word' id='word_1_750' title='bbox 1903 4989 1953 5033; x_wconf 87' lang='lat' dir='ltr'><strong>ex·</strong></span> 
     </span>
     <span class='ocr_line' id='line_1_58' title="bbox 176 5053 1953 5136; baseline 0.001 -23"><span class='ocrx_word' id='word_1_751' title='bbox 176 5068 211 5114; x_wconf 87' lang='lat' dir='ltr'><strong>ra</strong></span> <span class='ocrx_word' id='word_1_752' title='bbox 227 5061 257 5114; x_wconf 91' lang='lat' dir='ltr'><strong>et</strong></span> <span class='ocrx_word' id='word_1_753' title='bbox 272 5053 443 5114; x_wconf 87' lang='lat' dir='ltr'><strong>ditlerentia</strong></span> <span class='ocrx_word' id='word_1_754' title='bbox 458 5060 589 5118; x_wconf 83' lang='lat' dir='ltr'><strong>constat.</strong></span> <span class='ocrx_word' id='word_1_755' title='bbox 1084 5066 1143 5123; x_wconf 88' lang='lat' dir='ltr'><strong>stat</strong></span> <span class='ocrx_word' id='word_1_756' title='bbox 1164 5060 1224 5121; x_wconf 92' lang='lat' dir='ltr'><strong>ulla</strong></span> <span class='ocrx_word' id='word_1_757' title='bbox 1246 5057 1405 5122; x_wconf 88' lang='lat' dir='ltr'><strong>Ecclesiae</strong></span> <span class='ocrx_word' id='word_1_758' title='bbox 1427 5058 1467 5119; x_wconf 94' lang='lat' dir='ltr'><strong>dc</strong></span> <span class='ocrx_word' id='word_1_759' title='bbox 1482 5057 1540 5119; x_wconf 89' lang='lat' dir='ltr'><strong>bac</strong></span> <span class='ocrx_word' id='word_1_760' title='bbox 1566 5072 1598 5117; x_wconf 89' lang='lat' dir='ltr'><strong>re</strong></span> <span class='ocrx_word' id='word_1_761' title='bbox 1629 5072 1774 5136; x_wconf 82' lang='lat' dir='ltr'><strong>expressa</strong></span> <span class='ocrx_word' id='word_1_762' title='bbox 1804 5054 1953 5117; x_wconf 89' lang='lat' dir='ltr'><strong>determi-</strong></span> 
     </span>
     <span class='ocr_line' id='line_1_59' title="bbox 217 5136 1473 5224; baseline 0.009 -27"><span class='ocrx_word' id='word_1_763' title='bbox 217 5136 1039 5224; x_wconf 81' lang='lat' dir='ltr'><strong>ltqocbincsolruoturomniaaliaergnmeuta,qoae</strong></span> <span class='ocrx_word' id='word_1_764' title='bbox 1086 5143 1180 5205; x_wconf 90' lang='lat' dir='ltr'><strong>natio.</strong></span> <span class='ocrx_word' id='word_1_765' title='bbox 1468 5183 1473 5194; x_wconf 92' lang='lat'>·</span> 
     </span>
     <span class='ocr_line' id='line_1_60' title="bbox 178 5218 1952 5300; baseline -0.001 -22"><span class='ocrx_word' id='word_1_766' title='bbox 178 5218 269 5280; x_wconf 84' lang='lat' dir='ltr'><strong>Sotus</strong></span> <span class='ocrx_word' id='word_1_767' title='bbox 283 5226 314 5279; x_wconf 91' lang='lat' dir='ltr'><strong>ct</strong></span> <span class='ocrx_word' id='word_1_768' title='bbox 328 5218 379 5279; x_wconf 91' lang='lat' dir='ltr'><strong>alii</strong></span> <span class='ocrx_word' id='word_1_769' title='bbox 395 5220 610 5297; x_wconf 88' lang='lat' dir='ltr'><strong>multiplicant.</strong></span> <span class='ocrx_word' id='word_1_770' title='bbox 628 5220 682 5284; x_wconf 80' lang='lat' dir='ltr'><strong>Est</strong></span> <span class='ocrx_word' id='word_1_771' title='bbox 696 5224 778 5285; x_wconf 93' lang='lat' dir='ltr'><strong>enim</strong></span> <span class='ocrx_word' id='word_1_772' title='bbox 794 5224 970 5289; x_wconf 86' lang='lat' dir='ltr'><strong>Secundum</strong></span> <span class='ocrx_word' id='word_1_773' title='bbox 987 5245 1038 5290; x_wconf 90' lang='lat' dir='ltr'><strong>eo·</strong></span> <span class='ocrx_word' id='word_1_774' title='bbox 1126 5224 1211 5297; x_wconf 90' lang='lat' dir='ltr'><strong>Ouod</strong></span> <span class='ocrx_word' id='word_1_775' title='bbox 1225 5220 1366 5285; x_wconf 88' lang='lat' dir='ltr'><strong>autemid</strong></span> <span class='ocrx_word' id='word_1_776' title='bbox 1380 5221 1420 5284; x_wconf 89' lang='lat' dir='ltr'><strong>sit</strong></span> <span class='ocrx_word' id='word_1_777' title='bbox 1434 5220 1522 5283; x_wconf 86' lang='lat' dir='ltr'><strong>ratde</strong></span> <span class='ocrx_word' id='word_1_778' title='bbox 1537 5220 1707 5300; x_wconf 89' lang='lat' dir='ltr'><strong>probabile,</strong></span> <span class='ocrx_word' id='word_1_779' title='bbox 1725 5218 1825 5281; x_wconf 84' lang='lat' dir='ltr'><strong>Primo</strong></span> <span class='ocrx_word' id='word_1_780' title='bbox 1841 5219 1952 5296; x_wconf 92' lang='lat' dir='ltr'><strong>proba·</strong></span> 
     </span>
     <span class='ocr_line' id='line_1_61' title="bbox 177 5303 1950 5386; baseline 0.004 -30"><span class='ocrx_word' id='word_1_781' title='bbox 177 5314 244 5359; x_wconf 91' lang='lat' dir='ltr'><strong>rum</strong></span> <span class='ocrx_word' id='word_1_782' title='bbox 259 5308 471 5379; x_wconf 78' lang='lat' dir='ltr'><strong>argumentum</strong></span> <span class='ocrx_word' id='word_1_783' title='bbox 486 5303 651 5381; x_wconf 87' lang='lat' dir='ltr'><strong>ejusmodi:</strong></span> <span class='ocrx_word' id='word_1_784' title='bbox 682 5304 720 5367; x_wconf 76' lang='lat' dir='ltr'><strong>Sa·</strong></span> <span class='ocrx_word' id='word_1_785' title='bbox 732 5308 935 5386; x_wconf 79' lang='lat' dir='ltr'><strong>episcopatus</strong></span> <span class='ocrx_word' id='word_1_786' title='bbox 960 5316 1041 5375; x_wconf 83' lang='lat' dir='ltr'><strong>esset</strong></span> <span class='ocrx_word' id='word_1_787' title='bbox 1086 5316 1134 5371; x_wconf 90' lang='lat' dir='ltr'><strong>tor</strong></span> <span class='ocrx_word' id='word_1_788' title='bbox 1144 5324 1182 5370; x_wconf 83' lang='lat' dir='ltr'><strong>ea</strong></span> <span class='ocrx_word' id='word_1_789' title='bbox 1193 5305 1348 5369; x_wconf 91' lang='lat' dir='ltr'><strong>communi</strong></span> <span class='ocrx_word' id='word_1_790' title='bbox 1360 5306 1511 5367; x_wconf 88' lang='lat' dir='ltr'><strong>sententia</strong></span> <span class='ocrx_word' id='word_1_791' title='bbox 1525 5305 1749 5383; x_wconf 82' lang='lat' dir='ltr'><strong>theologorum:</strong></span> <span class='ocrx_word' id='word_1_792' title='bbox 1765 5303 1854 5365; x_wconf 89' lang='lat' dir='ltr'><strong>solus</strong></span> <span class='ocrx_word' id='word_1_793' title='bbox 1867 5304 1950 5363; x_wconf 92' lang='lat' dir='ltr'><strong>enim</strong></span> 
     </span>
     <span class='ocr_line' id='line_1_62' title="bbox 175 5386 1952 5471; baseline 0.001 -28"><span class='ocrx_word' id='word_1_794' title='bbox 175 5389 440 5454; x_wconf 74' lang='lat' dir='ltr'><strong>sacramentum,</strong></span> <span class='ocrx_word' id='word_1_795' title='bbox 462 5394 648 5464; x_wconf 69' lang='lat' dir='ltr'><strong>reponetur</strong></span> <span class='ocrx_word' id='word_1_796' title='bbox 666 5403 759 5465; x_wconf 80' lang='lat' dir='ltr'><strong>pocae</strong></span> <span class='ocrx_word' id='word_1_797' title='bbox 785 5390 929 5471; x_wconf 86' lang='lat' dir='ltr'><strong>ciipuem</strong></span> <span class='ocrx_word' id='word_1_798' title='bbox 950 5395 1037 5456; x_wconf 86' lang='lat' dir='ltr'><strong>ordi·</strong></span> <span class='ocrx_word' id='word_1_799' title='bbox 1081 5392 1201 5454; x_wconf 85' lang='lat' dir='ltr'><strong>ridetur</strong></span> <span class='ocrx_word' id='word_1_800' title='bbox 1223 5404 1293 5452; x_wconf 91' lang='lat' dir='ltr'><strong>esse</strong></span> <span class='ocrx_word' id='word_1_801' title='bbox 1309 5388 1481 5461; x_wconf 80' lang='lat' dir='ltr'><strong>Bumodus,</strong></span> <span class='ocrx_word' id='word_1_802' title='bbox 1497 5388 1550 5465; x_wconf 82' lang='lat' dir='ltr'><strong>gui</strong></span> <span class='ocrx_word' id='word_1_803' title='bbox 1566 5386 1676 5448; x_wconf 91' lang='lat' dir='ltr'><strong>asserit</strong></span> <span class='ocrx_word' id='word_1_804' title='bbox 1690 5386 1790 5449; x_wconf 92' lang='lat' dir='ltr'><strong>solum</strong></span> <span class='ocrx_word' id='word_1_805' title='bbox 1805 5386 1952 5447; x_wconf 89' lang='lat' dir='ltr'><strong>sacerdo·</strong></span> 
     </span>
     <span class='ocr_line' id='line_1_63' title="bbox 176 5466 1950 5553; baseline -0.006 -16"><span class='ocrx_word' id='word_1_806' title='bbox 176 5466 255 5525; x_wconf 74' lang='lat' dir='ltr'><strong>acre</strong></span> <span class='ocrx_word' id='word_1_807' title='bbox 265 5467 462 5542; x_wconf 83' lang='lat' dir='ltr'><strong>episcopum,</strong></span> <span class='ocrx_word' id='word_1_808' title='bbox 476 5470 892 5553; x_wconf 59' lang='lat' dir='ltr'><strong>paracoemumenum</strong></span> <span class='ocrx_word' id='word_1_809' title='bbox 903 5480 1036 5553; x_wconf 85' lang='lat' dir='ltr'><strong>ctpoeac</strong></span> <span class='ocrx_word' id='word_1_810' title='bbox 1084 5476 1157 5535; x_wconf 87' lang='grc' dir='ltr'>ιιειιι</span> <span class='ocrx_word' id='word_1_811' title='bbox 1173 5489 1243 5535; x_wconf 89' lang='lat' dir='ltr'><strong>esse</strong></span> <span class='ocrx_word' id='word_1_812' title='bbox 1255 5474 1480 5534; x_wconf 88' lang='lat' dir='ltr'><strong>sacramentum</strong></span> <span class='ocrx_word' id='word_1_813' title='bbox 1495 5468 1631 5537; x_wconf 81' lang='lat' dir='ltr'><strong>Ordinis,</strong></span> <span class='ocrx_word' id='word_1_814' title='bbox 1648 5470 1678 5529; x_wconf 93' lang='lat' dir='ltr'><strong>in</strong></span> <span class='ocrx_word' id='word_1_815' title='bbox 1695 5468 1725 5529; x_wconf 78' lang='grc' dir='ltr'><strong>ι.</strong></span> <span class='ocrx_word' id='word_1_816' title='bbox 1742 5468 1880 5530; x_wconf 88' lang='grc' dir='ltr'>ιιιειιιιει.</span> <span class='ocrx_word' id='word_1_817' title='bbox 1898 5466 1950 5528; x_wconf 64' lang='grc' dir='ltr'><strong>ἐι.</strong></span> 
     </span>
    </p>
   </div>
   <div class='ocr_carea' id='block_1_13' title="bbox 177 5544 1946 5708">
    <p class='ocr_par' dir='ltr' id='par_1_15' title="bbox 177 5544 1946 5708">
     <span class='ocr_line' id='line_1_64' title="bbox 178 5544 1946 5635; baseline 0.007 -34"><span class='ocrx_word' id='word_1_818' title='bbox 178 5544 329 5609; x_wconf 78' lang='grc' dir='ltr'>ιιιειεειε</span> <span class='ocrx_word' id='word_1_819' title='bbox 347 5549 539 5615; x_wconf 80' lang='lat' dir='ltr'><strong>ordinatum</strong></span> <span class='ocrx_word' id='word_1_820' title='bbox 559 5566 748 5616; x_wconf 77' lang='lat' dir='ltr'><strong>consecrare</strong></span> <span class='ocrx_word' id='word_1_821' title='bbox 772 5556 1035 5635; x_wconf 70' lang='lat' dir='ltr'><strong>darboniacum:</strong></span> <span class='ocrx_word' id='word_1_822' title='bbox 1083 5562 1203 5633; x_wconf 80' lang='lat' dir='ltr'><strong>quaest.</strong></span> <span class='ocrx_word' id='word_1_823' title='bbox 1225 5556 1256 5617; x_wconf 78' lang='lat'><strong>2.</strong></span> <span class='ocrx_word' id='word_1_824' title='bbox 1280 5570 1350 5617; x_wconf 90' lang='grc' dir='ltr'>εεει</span> <span class='ocrx_word' id='word_1_825' title='bbox 1372 5552 1528 5635; x_wconf 81' lang='lat' dir='ltr'><strong>Ooy&#39;etano,</strong></span> <span class='ocrx_word' id='word_1_826' title='bbox 1551 5558 1633 5614; x_wconf 93' lang='lat' dir='ltr'><strong>torno</strong></span> <span class='ocrx_word' id='word_1_827' title='bbox 1657 5553 1686 5614; x_wconf 90' lang='grc' dir='ltr'><strong>ι.</strong></span> <span class='ocrx_word' id='word_1_828' title='bbox 1709 5551 1946 5629; x_wconf 89' lang='lat' dir='ltr'><strong>opusculorum,</strong></span> 
     </span>
     <span class='ocr_line' id='line_1_65' title="bbox 177 5634 1454 5708; baseline 0.01 -22"><span class='ocrx_word' id='word_1_829' title='bbox 177 5639 316 5700; x_wconf 78' lang='lat' dir='ltr'><strong>natorum</strong></span> <span class='ocrx_word' id='word_1_830' title='bbox 332 5635 506 5708; x_wconf 83' lang='lat' dir='ltr'><strong>utrumque</strong></span> <span class='ocrx_word' id='word_1_831' title='bbox 518 5638 563 5694; x_wconf 90' lang='lat' dir='ltr'><strong>cat</strong></span> <span class='ocrx_word' id='word_1_832' title='bbox 585 5634 705 5708; x_wconf 72' lang='lat' dir='ltr'><strong>sebum</strong></span> <span class='ocrx_word' id='word_1_833' title='bbox 726 5654 769 5700; x_wconf 75' lang='lat' dir='ltr'><strong>aar</strong></span> <span class='ocrx_word' id='word_1_834' title='bbox 790 5641 1036 5704; x_wconf 82' lang='lat' dir='ltr'><strong>communiren-</strong></span> <span class='ocrx_word' id='word_1_835' title='bbox 1084 5647 1168 5701; x_wconf 84' lang='lat' dir='ltr'><strong>tract.</strong></span> <span class='ocrx_word' id='word_1_836' title='bbox 1186 5639 1235 5699; x_wconf 88' lang='lat' dir='ltr'><strong>ll.</strong></span> <span class='ocrx_word' id='word_1_837' title='bbox 1450 5648 1454 5659; x_wconf 84' lang='lat'><strong>·</strong></span> 
     </span>
    </p>
   </div>
   <div class='ocr_carea' id='block_1_14' title="bbox 0 0 2060 6275">
    <p class='ocr_par' dir='ltr' id='par_1_16' title="bbox 0 0 2060 6275">
     <span class='ocr_line' id='line_1_66' title="bbox 0 0 2060 6275; baseline 0 0"><span class='ocrx_word' id='word_1_838' title='bbox 0 0 2060 6275; x_wconf 95' lang='lat' dir='ltr'><strong> </strong></span> 
     </span>
    </p>
   </div>
  </div>
 </body>
</html>
