4084 6275
268 313 320 372 tin
927 312 1210 373 ua't’usttttunatt

196 447 448 526 quaestiosnlum
461 445 971 530 intereatbalicosest,prubebitur
984 466 1056 514 sea·
1420 446 1537 512 lelll'
1561 447 1641 516 xit.

197 530 289 594 tretia
304 536 406 594 uestra
422 547 459 592 er
474 525 658 594 testimoniis
672 532 748 609 iltis,
763 549 842 614 quae
863 551 881 596 a
896 532 1057 597 catholicis

196 613 567 677 amnibusudmittaatur.
679 648 682 654 -
727 645 729 650 ·

235 693 369 758 Primum
382 694 474 775 iqitur
489 695 686 758 tridentinum
705 697 886 772 ‘coneilinm
902 713 984 761 sess.
1001 699 1056 762 tl.

196 792 265 856 cap.
281 776 312 840 3.
325 777 558 850 docet,larmam
569 780 750 842 sacramenti
764 779 973 844 Paenitentiae
985 796 1057 846 asse
1912 848 1920 862 ,
1938 846 1958 861 ,,

195 860 288 922 rerba
303 859 369 923 illu:
380 860 447 938 uqa
461 863 491 922 le
506 860 634 924 obsoleo
655 869 713 924 etc.
739 869 825 926 actus
850 879 923 927 raro
947 864 1058 943 poeni·
1143 858 1230 924 liunc
1244 855 1437 937 abjectiones
1448 853 1616 919 diluendae
1627 858 1712 929 auat,
1724 857 1791 916 tum
1804 852 1976 946 llemnrtn,

194 944 289 1004 tentis
305 957 376 1004 esse
391 944 478 1023 quasi
496 944 664 1006 materiam:
681 949 711 1006 el
736 945 828 1023 paula
854 952 924 1024 past
947 947 1057 1020 addit,
1102 948 1165 1006 tum
1180 940 1271 1004 etiam
1285 940 1459 1019 aliquarum
1472 938 1707 1001 catlvuliearum.
1718 935 1900 1000 Kemultius
1914 949 1973 1012 rqi-

199 1030 257 1084 tam
271 1023 511 1097 absolutionem,
527 1041 619 1105 quam
632 1031 720 1089 actus
742 1029 940 1107 poeniteatis,
957 1030 995 1091 ad
1011 1029 1059 1090 iu·
1103 1033 1152 1090 tur
1165 1024 1197 1086 in
1211 1022 1243 1086 2.
1258 1039 1325 1102 per.
1341 1037 1439 1084 eram.
1455 1036 1526 1102 paq.
1537 1019 1757 1084 ldbreiellere
1769 1018 1879 1080 nititur
1890 1032 1975 1110 coa·

197 1105 369 1183 tegritatem
381 1111 564 1170 sacramenti
579 1108 745 1187 pertinere.
762 1109 828 1184 Qua
843 1111 968 1174 decreta
982 1111 1059 1174 satia
1103 1109 1166 1172 citit
1180 1104 1336 1169 tridentini
1351 1104 1522 1166 doctrinam
1535 1103 1575 1166 de
1589 1103 1729 1181 pertibus
1739 1097 1975 1194 essentialibus

195 1195 300 1266 auena
312 1189 478 1258 concillum
492 1190 636 1253 docuisse
651 1192 780 1267 ridetur,
810 1209 872 1255 naa
889 1193 953 1256 sola
969 1194 1059 1256 abso·
1103 1189 1283 1255 sacramenti
1299 1186 1561 1259 Paenitentiae‚ac
1576 1185 1675 1248 Prima
1690 1183 1810 1264 objicit:
1824 1185 1973 1257 Antiqua-

198 1270 314 1334 tutloue
338 1270 491 1350 integrum
516 1281 741 1336 sacramentum
767 1275 931 1342 coutiueri:
954 1291 1060 1339 naue·
1082 1331 1086 1336 .
1105 1273 1156 1336 tati
1172 1287 1244 1335 esse
1258 1271 1393 1350 ignotam
1409 1269 1490 1332 lreac
1504 1268 1758 1347 disputationem.
1773 1281 1814 1328 aa
1835 1267 1871 1327 ιιι
1893 1263 1974 1327 Pae·

197 1351 261 1414 nim
273 1351 422 1434 distinqui
437 1354 544 1420 debuit
558 1355 652 1418 iarma
669 1374 685 1419 a
700 1357 868 1432 materiasi
881 1359 970 1420 unica
986 1359 1060 1422 sim·
1104 1356 1232 1420 nitentia
1247 1354 1288 1416 sit
1302 1351 1428 1414 materia
1443 1356 1476 1414 et
1490 1349 1589 1414 larme
1604 1346 1872 1442 sacramentalis..

199 1435 270 1514 olea
284 1436 364 1499 antio
379 1437 547 1500 sacerdotis
568 1443 664 1500 tatum
690 1447 915 1502 sacramentum
946 1441 1060 1504 causti·
1149 1436 1345 1517 despondeo:
1360 1432 1489 1496 Nomina
1505 1433 1650 1496 materiae
1666 1441 1696 1496 et
1720 1432 1837 1494 lormae
1863 1445 1897 1491 ιιι
1923 1443 1975 1492 aa·

199 1518 267 1580 tuit.
283 1516 319 1578 itt
333 1518 500 1597 quamodo,
516 1535 644 1599 quaeso,
670 1521 709 1583 od
725 1522 908 1586 sacramenti
932 1522 1060 1602 integri·
1105 1517 1407 1592 crementis,inveuta
1422 1521 1496 1579 aunt
1511 1533 1527 1578 a
1543 1514 1768 1594 posterioribus
1788 1511 1975 1576 doctoribus

199 1605 290 1662 tatem
304 1615 369 1662 uno
382 1600 484 1664 minus
498 1601 663 1681 requiritur
673 1605 1058 1684 actiopoenitauttsquam
1106 1606 1144 1667 ad
1159 1619 1224 1667 rem
1239 1598 1677 1678 luciliusexplicandamzideo
1695 1597 1773 1660 nibil
1783 1602 1832 1660 cat
1843 1595 1975 1666 mirum,

200 1681 352 1746 absolutio
367 1684 578 1760 saeerdotis‚si
590 1688 654 1748 sola
666 1686 818 1750 absolutio
833 1693 1061 1753 sacramentum
1105 1689 1132 1751 si
1147 1685 1233 1767 apud
1243 1688 1364 1747 ratores
1379 1697 1442 1743 aen
1456 1681 1611 1761 legantur.
1627 1679 1702 1742 liam
1728 1694 1831 1757 aeque
1857 1678 1892 1740 ia
1916 1676 1971 1738 ba·

201 1763 336 1844 perlicit?
537 1827 538 1832 ,
1106 1764 1482 1851 ptismoetducbaristia,
1498 1759 1973 1828 saacbl’atresitarerbumab

242 1845 360 1908 Deinde
377 1847 543 1911 concilium
572 1849 768 1914 florentinum
798 1853 829 1914 in
858 1851 1061 1918 instructione
1106 1855 1263 1916 elementa
1277 1847 1494 1923 distinxerunt,
1510 1852 1544 1909 ut
1557 1861 1654 1909 unum
1675 1845 1815 1917 termam,
1837 1844 1973 1904 alterum

201 1931 413 2003 armenorum,
436 1932 534 2010 ipsam
550 1932 771 1996 Paenitentiam
786 1941 873 1998 vacat
886 1943 1061 1998 sacramen·
1107 1935 1263 1998 materiem
1277 1930 1480 2009 appellarant:
1496 1935 1528 1993 et
1540 1935 1641 1992 tamea
1657 1943 1720 1990 aaa
1736 1934 1829 2006 negat
1841 1925 1974 2020 llernai·

203 2017 312 2082 tumet
326 2010 395 2090 ejus
411 2020 512 2091 partes
527 2017 700 2078 materiales
715 2033 787 2078 esse
799 2019 875 2080 diolt
888 2023 974 2079 actus
991 2033 1063 2096 noe·
1107 2023 1180 2090 tius,
1195 2030 1306 2094 aquam
1321 2015 1352 2075 in
1366 2011 1522 2091 baptisma
1537 2019 1621 2075 reate
1634 2009 1736 2074 vocari
1763 2015 1930 2072 materiam
1943 2013 1974 2070 ct

204 2093 340 2165 nitentis,
356 2094 482 2158 termam
498 2104 598 2159 autern
614 2098 706 2161 narba
733 2101 914 2162 sacerdotis:
944 2100 1012 2182 Eqa
1033 2105 1064 2164 ta
1105 2101 1233 2163 verbum
1256 2092 1394 2159 termam.
1420 2093 1501 2157 Satis
1527 2095 1620 2172 igilur
1643 2093 1735 2156 aubis
1760 2107 1834 2154 esse
1861 2091 1972 2164 debet,

203 2174 330 2240 abantea
346 2181 403 2238 etc.
421 2178 563 2255 adquam
581 2181 703 2242 madum
730 2181 866 2260 loquitur
890 2181 980 2245 etiam
1005 2181 1063 2244 bu·
1106 2183 1188 2262 quad
1202 2176 1461 2260 quemadmodum
1475 2176 1593 2257 antiqui
1609 2176 1712 2239 Patres
1736 2175 1770 2249 ia
1796 2174 1972 2254 Baeticam,

203 2259 272 2320 cius
287 2275 363 2336 papa
380 2258 434 2323 llI.
454 2263 572 2338 cento
588 2262 794 2340 abolendam,
809 2266 847 2326 de
860 2265 1065 2328 haeretieubi
1106 2279 1218 2345 aquam
1247 2268 1278 2326 et
1292 2259 1516 2324 invenationem
1532 2259 1689 2322 trinitatis
1713 2257 1827 2319 adesse
1853 2256 1972 2320 debere

202 2349 395 2404 sacramenta
416 2351 514 2416 vacat,
528 2345 726 2422 baptismum,
744 2344 975 2410 Canlessiuaem
991 2363 1064 2428 pec·
1106 2350 1289 2411 decuerunt:
1304 2344 1352 2406 sic
1366 2343 1457 2405 etiarn
1472 2342 1504 2404 in
1520 2341 1883 2412 Paenitentia,actiouem
1899 2354 1972 2417 aas·

204 2427 343 2486 cetarum
370 2429 402 2486 et
415 2422 650 2489 Matrimonium.
680 2428 714 2489 tt
728 2431 883 2508 quomado
909 2429 1065 2493 caaiessio
1108 2430 1235 2492 nitentis
1259 2435 1290 2490 et
1304 2424 1586 2488 reconciliationem
1602 2424 1771 2489 sacerdotis
1786 2420 1972 2486 neccssaria

204 2514 428 2570 sacramentum
445 2510 533 2578 estat
549 2511 585 2570 ad
602 2513 767 2574 essentiam
784 2513 964 2576 sacramenti
982 2513 1067 2575 nullo
1107 2510 1281 2578 adhibenda
1296 2525 1367 2572 esse
1380 2506 1554 2570 decuerint.

205 2587 297 2648 mado
313 2589 462 2665 pertinet?
477 2589 582 2668 Neque
598 2593 708 2656 Seuius
722 2595 796 2656 satis
820 2601 890 2674 eota
904 2594 906 2599 ’
920 2597 1067 2674 loquutus
1148 2593 1293 2659 Secunda
1307 2590 1426 2669 abjicit:
1443 2589 1486 2651 tle
1502 2592 1581 2652 inter
1605 2588 1816 2652 scholasticas
1841 2585 1972 2666 quidem

202 2669 297 2732 videri
310 2670 414 2746 debet,
431 2689 499 2734 eum
516 2675 557 2734 ait
570 2675 601 2736 in
617 2674 648 2737 l.
665 2677 738 2737 dist.
752 2677 928 2755 tl.quaest.
943 2677 974 2739 l.
987 2678 1064 2740 Pae·
1106 2677 1165 2740 bac
1179 2693 1213 2739 re
1228 2675 1394 2753 quidquam
1409 2679 1561 2740 constare.
1577 2689 1647 2734 cum
1663 2671 1716 2734 etii
1729 2674 1860 2750 peccata
1876 2669 1974 2730 velint

202 2753 342 2816 udentia
354 2761 398 2816 eet
408 2753 566 2818 mentatio
578 2759 877 2836 poenitentisfuato
890 2761 982 2822 certia
995 2775 1064 2824 acv-
1109 2776 1182 2824 esse
1199 2759 1368 2826 materiam,
1384 2756 1436 2816 atii
1452 2760 1650 2834 penestarum
1674 2753 1894 2826 mediantem,
1923 2751 1973 2812 atii

204 2835 252 2898 bie
278 2840 335 2896 etc.
363 2835 551 2898 Paenitentia
581 2842 663 2899 enim
693 2839 772 2902 actia
788 2842 975 2921 paenitentis
992 2848 1064 2917 est,
1108 2843 1245 2905 actiones
1261 2840 1460 2920 poenitentis,
1476 2837 1527 2900 atii
1544 2838 1698 2900 actiaaem
1712 2833 1891 2897 sacerdotis
1907 2848 1973 2909 pra·

209 2933 270 2978 non
296 2919 480 2994 saeerdotis;
496 2920 649 2982 absolutio
665 2930 766 2984 autem
788 2924 960 2987 sacerdotis
976 2967 984 2992 ,
1000 2940 1064 2986 aaa
1109 2926 1236 2988 terentis
1250 2922 1348 2988 certis,
1356 2920 1467 2982 ritibus
1481 2917 1778 2982 absolutionemzsic
1789 2915 1928 2992 etiams
1963 2947 1974 2962 ·

206 2997 406 3077 paenitentis.
421 3001 495 3073 Quis
510 3003 592 3064 cuim
609 3004 647 3063 ita
670 3004 817 3083 loquitur,
846 3012 878 3067 ut
904 3007 985 3069 dieat
1011 3007 1066 3069 bo·
1107 3006 1504 3086 mammaemammal,
1529 3003 1640 3078 inquit,
1666 3001 1766 3065 aerbo
1791 2998 1972 3062 obeatatta·

205 3083 318 3143 minem
331 3097 423 3159 agere
439 3081 749 3159 Paenitentiemdum
764 3087 943 3165 absolvitur,
956 3095 987 3152 at
1001 3106 1064 3153 nan
1107 3091 1173 3167 nie·
1188 3090 1329 3171 quidam
1341 3088 1429 3165 iaaac
1443 3090 1534 3148 octava
1549 3085 1745 3149 absolventis
1765 3082 1887 3145 (limmat
1909 3097 1975 3144 ease

206 3164 313 3241 patius
339 3168 410 3225 eum
427 3167 537 3243 plorat,
556 3168 728 3243 cantitetur,
740 3171 878 3251 jejunat?
984 3225 987 3229 .
1106 3190 1168 3253 aro
1182 3174 1299 3251 tamve,
1313 3170 1525 3241 etiamsinon
1537 3169 1625 3247 finnt
1637 3185 1698 3247 aer
1712 3167 1859 3230 limitato
1874 3165 1971 3227 etde·

248 3244 335 3306 idem
352 3256 509 3325 praeterea
521 3250 686 3313 concilium
698 3256 799 3315 amaia
812 3259 1001 3317 sacramenta
1014 3254 1065 3316 tri·
1109 3258 1286 3320 terminata
1298 3252 1407 3317 verbm

207 3325 268 3389 bus
284 3328 391 3419 perdel
408 3330 504 3401 dicit,
536 3333 684 3407 materia,
713 3336 807 3397 torma
838 3343 870 3398 et
894 3328 1066 3401 intentione
1153 3336 1352 3418 Respondeas
1368 3332 1543 3395 ltemaitius
1570 3348 1696 3410 semper
1721 3335 1770 3395 est
1794 3328 1846 3393 sui
1863 3327 1976 3390 similis

208 3410 340 3471 mintsm
358 3429 366 3471 ε
397 3428 457 3474 nun
487 3414 579 3491 igitur
602 3425 826 3480 sacramentum
853 3419 1064 3483 poeniteutiae
1110 3420 1313 3483 calumniator
1340 3424 1372 3480 et
1385 3416 1527 3478 mendax.
1543 3413 1617 3476 Num
1632 3416 1665 3476 ia
1681 3413 1791 3492 onmis
1806 3411 1889 3473 nulli
1905 3415 1976 3473 suat

209 3493 275 3555 satu
310 3493 404 3555 turma
434 3493 638 3559 absolutionis
668 3506 699 3561 et
729 3500 900 3565 intentione
919 3508 1079 3571 'constare
1110 3504 1347 3573 catholicorum,
1363 3500 1415 3578 qui
1430 3497 1588 3559 materiam
1603 3496 1698 3577 hujus
1722 3497 1917 3557 sacramenti
1931 3494 1971 3557 ic·

140 3592 144 3607 ·
206 3581 336 3654 mildi-¹
381 3610 385 3624 ¹
571 3590 575 3599 '
1110 3586 1210 3649 certat
1223 3584 1376 3647 actionem
1391 3580 1574 3655 sucerdotis,
1589 3576 1973 3656 certarituarauuuciaa·

252 3654 393 3735 lienique
408 3658 487 3720 actio
503 3660 691 3738 paenitentis
706 3663 891 3744 siquam-est
915 3666 1066 3730 sensibile
1110 3671 1150 3731 tis
1165 3667 1404 3735 absolutionem,
1426 3663 1453 3725 si
1478 3678 1573 3725 unum
1600 3661 1737 3741 excipias
1761 3660 1974 3739 Graaoerom,

208 3741 325 3817 gratiae
339 3739 537 3819 justificantis
552 3760 568 3803 a
585 3743 648 3806 ileu
663 3747 847 3819 institutum,
864 3756 895 3811 et
919 3764 957 3811 ex
982 3750 1067 3829 eJus·
1110 3756 1163 3814 eut
1177 3750 1364 3828 quicumque
1378 3745 1434 3811 luit
1447 3751 1553 3807 auctor
1567 3743 1737 3806 banniridil
1762 3742 1972 3812 coloniensis,

202 3820 278 3883 dem
294 3824 501 3900 promissione
516 3827 671 3889 concurrit
681 3830 717 3891 ad
731 3832 946 3894 remissionem
960 3848 1068 3909 pecca·
1111 3834 1164 3911 qui
1176 3830 1321 3895 nonsatis
1331 3835 1422 3893 ceute
1433 3828 1587 3890 interdum
1600 3828 1748 3905 loquutus
1760 3824 1975 3889 videturffbe·

208 3908 320 3997 tarum:
339 3920 394 3967 cur
408 3906 500 3984 igitur
525 3924 596 3986 pars
621 3912 770 3987 quaedam
796 3915 979 3991 sacramenti
1003 3930 1067 3976 aaa
1111 3917 1193 3995 ntaqi
1209 3914 1291 3977 enlm
1307 3912 1478 3975 aotvotoat
1499 3910 1530 3971 iu
1554 3910 1620 3972 sala
1644 3908 1845 3972 absolutione
1871 3923 1975 3969 sacra·

209 3986 284 4047 erati
297 3986 371 4049 liam
386 3986 537 4051 sensibile
553 3990 676 4071 siquam
692 4010 775 4065 esse,
799 3996 831 4057 ιιι
845 3996 1068 4075 ¹qaaestionem
1111 4005 1250 4061 mentum
1264 3998 1484 4067 consistere3et
1497 3992 1518 4053 ii
1533 4007 1595 4054 noa
1611 3990 1976 4071 distinquuatmateriam

208 4070 284 4129 verti
298 4084 361 4131 aaa
378 4076 490 4148 petest,
509 4089 577 4133 eum
595 4090 656 4135 nan
671 4075 785 4139 debeat
798 4079 945 4141 sacerdos
965 4078 1068 4142 absol·
1112 4098 1128 4143 a
1144 4076 1413 4155 teremauetqoae
1427 4082 1476 4139 est
1489 4073 1663 4137 communis
1673 4074 1738 4136 tere
1748 4073 1895 4135 omnium
1907 4088 1976 4135 seu·

210 4165 293 4223 rere,
310 4151 369 4211 nisi
385 4168 478 4231 quum
494 4169 533 4215 cx
553 4154 653 4234 signis
679 4159 883 4223 sensibilibus
908 4162 1069 4238 paenitea-
1113 4161 1223 4242 tentia)
1238 4162 1397 4224 materiam
1412 4174 1450 4222 er
1465 4165 1550 4236 uerte
1565 4156 1766 4236 paerdicatis,
1788 4154 1924 4217 termam
1943 4170 1977 4217 ex

209 4238 272 4293 tem
286 4248 359 4295 esse
374 4239 545 4314 cognoscit:
563 4253 634 4301 esse
649 4242 1069 4325 autemsignumgratiueju·
1112 4251 1198 4325 parte
1212 4244 1383 4307 sacerdotis
1406 4242 1579 4320 assignant.
1606 4238 1711 4312 Porro,
1737 4237 1791 4317 qui
1816 4238 1978 4299 materiam

212 4312 388 4386 alienantis,
404 4312 565 4381 maniieste
590 4321 746 4402 colligitur
771 4340 808 4387 er
833 4340 881 4395 eo,
909 4326 991 4405 quad
1013 4326 1068 4405 qui
1113 4344 1185 4391 esse
1199 4328 1308 4390 dicuat
1322 4330 1458 4405 peecata,
1474 4327 1735 4401 autpeceatarem
1760 4319 1975 4392 continentem,

208 4405 378 4473 -neecatum
395 4398 568 4474 confltetur,
585 4409 616 4463 et
630 4406 750 4467 veniam
765 4424 781 4467 a
796 4406 861 4470 lieu
876 4410 963 4486 petit,
991 4410 1071 4473 iudi·
1113 4415 1166 4472 aut
1179 4410 1278 4487 ipsam
1292 4406 1534 4479 contessionem
1550 4421 1612 4466 uaa
1625 4402 1813 4467 dissentiunt
1824 4403 1913 4464 iuter
1932 4418 1976 4474 sc,

210 4485 259 4543 eut
273 4494 308 4540 se
324 4488 483 4557 peecatum
500 4485 617 4559 odisse,
634 4492 665 4548 et
689 4487 728 4550 ab
754 4504 792 4555 ea
812 4488 888 4567 jara,
914 4492 1017 4555 animo
1039 4497 1071 4554 et
1114 4492 1336 4555 utilemnitlus
1351 4493 1491 4569 cuperet,
1507 4485 1661 4549 sedidem
1686 4485 1815 4548 amalae
1841 4485 1977 4547 sennen

210 4563 364 4657 uoluntate
379 4566 527 4627 recedere
542 4582 577 4627 ae
593 4569 723 4645 preinde
735 4570 910 4651 justiilaarl,
934 4574 1015 4651 quud
1039 4591 1070 4636 a·
1116 4582 1175 4647 tes,
1192 4576 1231 4637 de
1246 4591 1280 4636 re
1295 4572 1403 4635 eadem
1420 4571 1540 4633 diversa
1565 4569 1686 4632 ratione
1710 4570 1895 4648 loquuntur,
1920 4582 1978 4630 aaa

209 4645 526 4723 neritussignillcetur
537 4654 566 4710 et
578 4652 750 4729 completur
762 4671 817 4733 per
827 4654 1068 4719 absolutionem.
1115 4673 1209 4720 secas
1224 4673 1260 4719 ac
1275 4655 1303 4718 si
1318 4656 1368 4715 alii
1384 4654 1524 4715 dicerent
1538 4650 1570 4713 iu
1587 4650 1741 4729 napttsmo
1757 4648 1921 4711 materiam
1933 4665 1977 4710 es

210 4724 381 4819 Porrabao
396 4730 518 4807 signum
535 4748 550 4791 a
566 4730 629 4793 Deo
645 4732 817 4798 institutum
834 4753 918 4811 esse,
934 4738 1021 4812 aiibi,
1038 4746 1072 4801 ul
1116 4756 1152 4802 sa
1166 4754 1290 4818 aquam,
1302 4738 1353 4799 alii
1370 4736 1571 4808 ablutionem,
1588 4735 1639 4795 alli
1655 4733 1823 4803 bominem,
1850 4732 1908 4812 qui
1929 4734 1979 4792 ab·

210 4808 355 4883 diximus,
372 4816 420 4871 est
434 4812 640 4889 probandum,
664 4832 796 4896 nequeo
823 4818 914 4883 Scala
939 4820 1071 4901 eiusque
1114 4822 1221 4885 luitur.
1238 4820 1311 4883 liam
1327 4826 1450 4897 peccata
1466 4817 1610 4879 dicuutur
1623 4816 1749 4877 materia
1764 4830 1836 4877 cum
1851 4816 1894 4875 de
1917 4830 1977 4875 ma·

211 4892 418 4954 sectatoribus
448 4903 587 4973 negatur.
616 4895 757 4977 lienique
786 4900 823 4963 ad
853 4903 1071 4967 remissionem
1115 4899 1595 4982 terieremataagiturudquem
1611 4898 1780 4960 tollendum
1801 4912 1979 4958 sacramen·

210 4978 408 5049 peccaterum
424 4977 528 5053 utiquo
552 4979 646 5041 mado
669 4998 867 5059 concurrere,
895 4991 1021 5049 testatur
1042 5003 1070 5047 s.
1116 4995 1179 5050 tum
1196 4986 1369 5047 institutum
1385 4990 1444 5046 est.
1461 4982 1518 5055 Qui
1532 4985 1657 5060 peccata
1683 4980 1858 5053 cantitetur,
1885 4984 1979 5041 mata·

209 5052 358 5131 loannes,
379 5060 431 5137 qui
446 5059 478 5119 iu
492 5061 584 5139 epist.
602 5062 631 5122 t.
647 5080 716 5143 cap.
734 5066 763 5126 t.
780 5066 898 5129 scribit:
916 5066 952 5131 Si
967 5069 1070 5144 canti·
1115 5073 1160 5132 rie
1175 5068 1297 5145 dicitur,
1314 5083 1384 5129 uum
1398 5068 1438 5128 de
1463 5064 1588 5125 vaaleria
1613 5061 1694 5126 eirea
1720 5078 1825 5142 qaam.
1849 5059 1920 5123 sive
1939 5061 1977 5123 de

213 5146 342 5201 ieamer
356 5144 492 5221 peceato
506 5148 632 5216 matre,
661 5146 770 5223 fidelis
785 5154 831 5212 eat
844 5154 874 5211 et
893 5150 1014 5233 justae,
1035 5156 1074 5213 ut
1116 5152 1256 5225 subiecto
1270 5149 1302 5211 iu
1317 5148 1398 5226 qued
1415 5148 1479 5228 ogit
1491 5147 1586 5209 virtus
1601 5144 1846 5213 sacramentalis.
1870 5143 1977 5223 dispa-

210 5222 359 5315 rcmlttot
370 5221 463 5285 nabis
476 5230 624 5303 peccatu,
641 5235 670 5291 ct
685 5232 839 5294 emundet
853 5247 913 5295 aas
928 5231 969 5295 ab
980 5235 1075 5296 amni
1117 5234 1190 5296 tatio
1204 5237 1264 5296 est.
1279 5231 1365 5295 letio
1378 5230 1513 5310 danique
1528 5228 1718 5309 poenitentis
1739 5225 1867 5289 materia
1889 5242 1977 5287 veta·

210 5303 401 5399 antiquitate.
424 5304 460 5366 ur
481 5308 739 5384 quemadmodum
765 5329 838 5377 rere
863 5315 995 5379 dicimus
1020 5316 1075 5378 ati·
1119 5322 1180 5389 tur,
1197 5330 1266 5379 cum
1281 5316 1321 5377 de
1334 5313 1462 5375 materia
1477 5314 1528 5373 itta
1542 5310 1718 5383 disseritur,
1734 5324 1771 5372 er
1785 5321 1846 5387 qua
1871 5324 1975 5370 sacre·

209 5398 302 5478 quem
319 5385 492 5466 iustificari,
509 5390 580 5469 qaia
596 5392 775 5468 absolvitur,
800 5395 847 5459 sic
871 5396 961 5461 etiam
987 5403 1074 5462 recta
1120 5405 1257 5462 meatum
1271 5397 1416 5478 adjuncta
1430 5395 1525 5459 terma
1541 5392 1748 5460 constituitur.
1765 5390 1874 5453 Simile
1902 5390 1975 5469 qnid

210 5463 319 5563 nituere⁸
332 5485 510 5546 passumus,
527 5472 662 5553 aliquem
675 5477 848 5556 iustificari,
861 5483 933 5557 quia
946 5484 1071 5561 peccota
1118 5482 1275 5544 ceruimus
1288 5480 1321 5543 ia
1337 5493 1500 5559 corporum
1515 5475 1672 5539 medicina
1686 5473 1750 5553 (cst
1764 5473 1848 5536 caim
1865 5471 1978 5537 Pacui·

209 5544 369 5639 humiliter
384 5551 622 5644 confltetur.Sed
638 5559 677 5622 de
691 5561 750 5623 trac
760 5574 794 5623 re
809 5560 840 5623 in
855 5562 999 5643 sequenti
1018 5580 1069 5627 ca·
1118 5564 1212 5626 tentia
1228 5563 1382 5627 medicina
1396 5561 1583 5636 animorum)
1597 5576 1671 5623 uam
1685 5563 1718 5620 et
1731 5556 1861 5621 morbus
1885 5562 1979 5619 etac-

212 5633 276 5707 liue
291 5632 377 5709 illiti
388 5633 540 5699 dwemus·
1113 5652 1220 5727 gratim
1247 5651 1278 5709 et
1292 5644 1408 5725 aegroti
1422 5640 1641 5719 deambulatio,
1657 5639 1785 5706 materia
1802 5638 1979 5705 medicinae

1309 758 1311 761 Ι
1326 657 1505 727 Solvuntur
1524 657 1727 738 abjectiones.
