<?xml version="1.0" encoding="UTF-8"?>
<!DOCTYPE html PUBLIC "-//W3C//DTD XHTML 1.0 Transitional//EN"
    "http://www.w3.org/TR/xhtml1/DTD/xhtml1-transitional.dtd">
<html xmlns="http://www.w3.org/1999/xhtml" xml:lang="en" lang="en">
 <head>
  <title>
</title>
<meta http-equiv="Content-Type" content="text/html;charset=utf-8" />
  <meta name='ocr-system' content='tesseract 3.04.00' />
  <meta name='ocr-capabilities' content='ocr_page ocr_carea ocr_par ocr_line ocrx_word'/>
</head>
<body>
  <div class='ocr_page' id='page_1' title='image "./operaomnia03unkngoog/operaomnia03unkngoog_0081.png"; bbox 0 0 4084 6275; ppageno 0'>
   <div class='ocr_carea' id='block_1_1' title="bbox 775 316 1710 397">
    <p class='ocr_par' dir='ltr' id='par_1_1' title="bbox 775 316 1710 397">
     <span class='ocr_line' id='line_1_1' title="bbox 775 316 1710 397; baseline -0.03 0"><span class='ocrx_word' id='word_1_1' title='bbox 775 337 870 397; x_wconf 85' lang='lat' dir='ltr'><strong>llltEtl</strong></span> <span class='ocrx_word' id='word_1_2' title='bbox 894 333 1016 393; x_wconf 75' lang='lat' dir='ltr'><strong>lutatis</strong></span> <span class='ocrx_word' id='word_1_3' title='bbox 1680 316 1710 370; x_wconf 81' lang='lat' dir='ltr'><strong>&#39;li</strong></span> 
     </span>
    </p>
   </div>
   <div class='ocr_carea' id='block_1_2' title="bbox 21 447 1784 903">
    <p class='ocr_par' dir='ltr' id='par_1_2' title="bbox 21 447 1784 740">
     <span class='ocr_line' id='line_1_2' title="bbox 23 447 1783 573; baseline -0.027 -16"><span class='ocrx_word' id='word_1_4' title='bbox 23 513 154 573; x_wconf 76' lang='lat' dir='ltr'><strong>ponem</strong></span> <span class='ocrx_word' id='word_1_5' title='bbox 170 492 255 558; x_wconf 82' lang='lat' dir='ltr'><strong>ciaet</strong></span> <span class='ocrx_word' id='word_1_6' title='bbox 269 488 307 553; x_wconf 85' lang='lat' dir='ltr'><strong>in</strong></span> <span class='ocrx_word' id='word_1_7' title='bbox 320 482 548 551; x_wconf 82' lang='lat' dir='ltr'><strong>ueternumEi</strong></span> <span class='ocrx_word' id='word_1_8' title='bbox 564 484 716 561; x_wconf 86' lang='lat' dir='ltr'><strong>praeterea</strong></span> <span class='ocrx_word' id='word_1_9' title='bbox 733 490 787 553; x_wconf 92' lang='lat' dir='ltr'><strong>per</strong></span> <span class='ocrx_word' id='word_1_10' title='bbox 808 490 880 534; x_wconf 90' lang='lat' dir='ltr'><strong>con·</strong></span> <span class='ocrx_word' id='word_1_11' title='bbox 924 470 1074 532; x_wconf 89' lang='lat' dir='ltr'><strong>dicerent.</strong></span> <span class='ocrx_word' id='word_1_12' title='bbox 1090 466 1176 531; x_wconf 73' lang='lat' dir='ltr'><strong>bride</strong></span> <span class='ocrx_word' id='word_1_13' title='bbox 1191 460 1272 545; x_wconf 80' lang='lat' dir='ltr'><strong>quoii</strong></span> <span class='ocrx_word' id='word_1_14' title='bbox 1287 453 1426 521; x_wconf 88' lang='lat' dir='ltr'><strong>lustinus</strong></span> <span class='ocrx_word' id='word_1_15' title='bbox 1441 454 1470 517; x_wconf 91' lang='lat' dir='ltr'><strong>in</strong></span> <span class='ocrx_word' id='word_1_16' title='bbox 1487 452 1622 516; x_wconf 84' lang='lat' dir='ltr'><strong>secondo</strong></span> <span class='ocrx_word' id='word_1_17' title='bbox 1644 447 1783 525; x_wconf 76' lang='lat' dir='ltr'><strong>lpologi·</strong></span> 
     </span>
     <span class='ocr_line' id='line_1_3' title="bbox 23 532 1782 647; baseline -0.028 -8"><span class='ocrx_word' id='word_1_18' title='bbox 23 580 227 641; x_wconf 82' lang='lat' dir='ltr'><strong>secretionem</strong></span> <span class='ocrx_word' id='word_1_19' title='bbox 242 574 275 637; x_wconf 90' lang='lat' dir='ltr'><strong>ht</strong></span> <span class='ocrx_word' id='word_1_20' title='bbox 289 570 449 635; x_wconf 73' lang='lat' dir='ltr'><strong>conversio</strong></span> <span class='ocrx_word' id='word_1_21' title='bbox 462 564 666 647; x_wconf 67' lang='lat' dir='ltr'><strong>porticellam</strong></span> <span class='ocrx_word' id='word_1_22' title='bbox 690 558 717 623; x_wconf 91' lang='lat' dir='ltr'><strong>si</strong></span> <span class='ocrx_word' id='word_1_23' title='bbox 731 556 882 625; x_wconf 84' lang='lat' dir='ltr'><strong>bulberus</strong></span> <span class='ocrx_word' id='word_1_24' title='bbox 923 570 939 613; x_wconf 92' lang='grc' dir='ltr'><strong>ι</strong></span> <span class='ocrx_word' id='word_1_25' title='bbox 952 548 1048 631; x_wconf 85' lang='lat' dir='ltr'><strong>prope</strong></span> <span class='ocrx_word' id='word_1_26' title='bbox 1064 554 1207 621; x_wconf 67' lang='lat' dir='ltr'><strong>extremm</strong></span> <span class='ocrx_word' id='word_1_27' title='bbox 1223 543 1382 622; x_wconf 73' lang='lat' dir='ltr'><strong>explicans</strong></span> <span class='ocrx_word' id='word_1_28' title='bbox 1396 553 1511 601; x_wconf 89' lang='lat' dir='ltr'><strong>morem</strong></span> <span class='ocrx_word' id='word_1_29' title='bbox 1536 536 1652 615; x_wconf 87' lang='lat' dir='ltr'><strong>primae</strong></span> <span class='ocrx_word' id='word_1_30' title='bbox 1679 532 1782 593; x_wconf 88' lang='lat' dir='ltr'><strong>Eccle-</strong></span> 
     </span>
     <span class='ocr_line' id='line_1_4' title="bbox 21 614 1784 740; baseline -0.027 -19"><span class='ocrx_word' id='word_1_31' title='bbox 21 663 113 735; x_wconf 89' lang='lat' dir='ltr'><strong>noiil,</strong></span> <span class='ocrx_word' id='word_1_32' title='bbox 133 676 215 740; x_wconf 87' lang='lat' dir='ltr'><strong>quae</strong></span> <span class='ocrx_word' id='word_1_33' title='bbox 230 674 290 721; x_wconf 89' lang='lat' dir='ltr'><strong>nou</strong></span> <span class='ocrx_word' id='word_1_34' title='bbox 306 656 341 718; x_wconf 89' lang='lat' dir='ltr'><strong>iit</strong></span> <span class='ocrx_word' id='word_1_35' title='bbox 353 670 409 734; x_wconf 89' lang='lat' dir='ltr'><strong>per</strong></span> <span class='ocrx_word' id='word_1_36' title='bbox 423 650 620 729; x_wconf 75' lang='lat' dir='ltr'><strong>baptismum.</strong></span> <span class='ocrx_word' id='word_1_37' title='bbox 774 686 776 695; x_wconf 65' lang='grc'>,</span> <span class='ocrx_word' id='word_1_38' title='bbox 923 635 1000 705; x_wconf 89' lang='lat' dir='ltr'><strong>siae,</strong></span> <span class='ocrx_word' id='word_1_39' title='bbox 1017 632 1178 707; x_wconf 67' lang='lat' dir='ltr'><strong>distinguit</strong></span> <span class='ocrx_word' id='word_1_40' title='bbox 1192 628 1384 693; x_wconf 79' lang='lat' dir='ltr'><strong>concionem,</strong></span> <span class='ocrx_word' id='word_1_41' title='bbox 1400 638 1490 700; x_wconf 91' lang='lat' dir='ltr'><strong>quam</strong></span> <span class='ocrx_word' id='word_1_42' title='bbox 1513 623 1570 682; x_wconf 90' lang='lat' dir='ltr'><strong>soli</strong></span> <span class='ocrx_word' id='word_1_43' title='bbox 1597 614 1784 695; x_wconf 89' lang='lat' dir='ltr'><strong>praepositio</strong></span> 
     </span>
    </p>

    <p class='ocr_par' dir='ltr' id='par_1_3' title="bbox 25 701 1784 903">
     <span class='ocr_line' id='line_1_5' title="bbox 58 701 1784 821; baseline -0.028 -16"><span class='ocrx_word' id='word_1_44' title='bbox 58 745 103 807; x_wconf 76' lang='lat' dir='ltr'><strong>id</strong></span> <span class='ocrx_word' id='word_1_45' title='bbox 134 746 354 821; x_wconf 70' lang='lat' dir='ltr'><strong>cognmentum</strong></span> <span class='ocrx_word' id='word_1_46' title='bbox 375 752 410 797; x_wconf 84' lang='lat' dir='ltr'><strong>ex</strong></span> <span class='ocrx_word' id='word_1_47' title='bbox 438 740 546 814; x_wconf 87' lang='lat' dir='ltr'><strong>quarto</strong></span> <span class='ocrx_word' id='word_1_48' title='bbox 561 726 686 791; x_wconf 83' lang='lat' dir='ltr'><strong>officio.</strong></span> <span class='ocrx_word' id='word_1_49' title='bbox 711 723 766 785; x_wconf 91' lang='lat' dir='ltr'><strong>iiia</strong></span> <span class='ocrx_word' id='word_1_50' title='bbox 788 720 880 783; x_wconf 90' lang='lat' dir='ltr'><strong>verba</strong></span> <span class='ocrx_word' id='word_1_51' title='bbox 924 716 1038 790; x_wconf 76' lang='lat' dir='ltr'><strong>tribuit,</strong></span> <span class='ocrx_word' id='word_1_52' title='bbox 1055 734 1070 776; x_wconf 88' lang='lat' dir='ltr'><strong>a</strong></span> <span class='ocrx_word' id='word_1_53' title='bbox 1086 712 1248 776; x_wconf 90' lang='lat' dir='ltr'><strong>collatione</strong></span> <span class='ocrx_word' id='word_1_54' title='bbox 1263 706 1435 785; x_wconf 58' lang='lat' dir='ltr'><strong>spirituaii..</strong></span> <span class='ocrx_word' id='word_1_55' title='bbox 1455 720 1546 781; x_wconf 91' lang='lat' dir='ltr'><strong>quum</strong></span> <span class='ocrx_word' id='word_1_56' title='bbox 1575 701 1690 763; x_wconf 82' lang='lat' dir='ltr'><strong>ibidem</strong></span> <span class='ocrx_word' id='word_1_57' title='bbox 1713 702 1784 775; x_wconf 89' lang='lat' dir='ltr'><strong>post</strong></span> 
     </span>
     <span class='ocr_line' id='line_1_6' title="bbox 25 779 1783 903; baseline -0.029 -11"><span class='ocrx_word' id='word_1_58' title='bbox 25 828 258 903; x_wconf 68' lang='grc' dir='ltr'>ζιιιιιιιιιιιιιιι</span> <span class='ocrx_word' id='word_1_59' title='bbox 272 817 481 899; x_wconf 83' lang='lat' dir='ltr'><strong>clliqcoeritie</strong></span> <span class='ocrx_word' id='word_1_60' title='bbox 494 830 592 893; x_wconf 81' lang='lat' dir='ltr'><strong>cuper</strong></span> <span class='ocrx_word' id='word_1_61' title='bbox 606 818 725 888; x_wconf 70' lang='lat' dir='ltr'><strong>imaum</strong></span> <span class='ocrx_word' id='word_1_62' title='bbox 750 808 807 867; x_wconf 89' lang='lat' dir='ltr'><strong>cle.</strong></span> <span class='ocrx_word' id='word_1_63' title='bbox 834 804 880 865; x_wconf 89' lang='lat' dir='ltr'><strong>in·</strong></span> <span class='ocrx_word' id='word_1_64' title='bbox 924 800 1118 874; x_wconf 90' lang='lat' dir='ltr'><strong>concionem,</strong></span> <span class='ocrx_word' id='word_1_65' title='bbox 1143 803 1174 858; x_wconf 90' lang='lat' dir='ltr'><strong>el</strong></span> <span class='ocrx_word' id='word_1_66' title='bbox 1195 796 1385 856; x_wconf 87' lang='lat' dir='ltr'><strong>sacramenta</strong></span> <span class='ocrx_word' id='word_1_67' title='bbox 1406 788 1486 849; x_wconf 89' lang='lat' dir='ltr'><strong>inter</strong></span> <span class='ocrx_word' id='word_1_68' title='bbox 1506 802 1542 847; x_wconf 90' lang='lat' dir='ltr'><strong>sc</strong></span> <span class='ocrx_word' id='word_1_69' title='bbox 1565 785 1679 846; x_wconf 79' lang='lat' dir='ltr'><strong>inbono</strong></span> <span class='ocrx_word' id='word_1_70' title='bbox 1709 779 1783 843; x_wconf 89' lang='lat' dir='ltr'><strong>scii·</strong></span> 
     </span>
    </p>
   </div>
   <div class='ocr_carea' id='block_1_3' title="bbox 20 884 1785 1065">
    <p class='ocr_par' dir='ltr' id='par_1_4' title="bbox 20 884 1785 1065">
     <span class='ocr_line' id='line_1_7' title="bbox 20 884 1061 982; baseline -0.025 -13"><span class='ocrx_word' id='word_1_71' title='bbox 20 908 307 982; x_wconf 74' lang='lat' dir='ltr'><strong>veilipuctorolcu</strong></span> <span class='ocrx_word' id='word_1_72' title='bbox 333 900 500 969; x_wconf 87' lang='lat' dir='ltr'><strong>Ecclesiae,</strong></span> <span class='ocrx_word' id='word_1_73' title='bbox 527 901 565 959; x_wconf 92' lang='lat' dir='ltr'><strong>de</strong></span> <span class='ocrx_word' id='word_1_74' title='bbox 596 910 653 972; x_wconf 91' lang='lat' dir='ltr'><strong>qua</strong></span> <span class='ocrx_word' id='word_1_75' title='bbox 683 888 881 951; x_wconf 78' lang='lat' dir='ltr'><strong>ibidemzbic</strong></span> <span class='ocrx_word' id='word_1_76' title='bbox 923 884 945 945; x_wconf 95' lang='lat' dir='ltr'><strong>li</strong></span> <span class='ocrx_word' id='word_1_77' title='bbox 962 888 1061 944; x_wconf 86' lang='lat' dir='ltr'><strong>erant.</strong></span> 
     </span>
     <span class='ocr_line' id='line_1_8' title="bbox 25 945 1785 1065; baseline -0.026 -11"><span class='ocrx_word' id='word_1_78' title='bbox 25 994 211 1065; x_wconf 67' lang='lat' dir='ltr'><strong>Ecclesiam</strong></span> <span class='ocrx_word' id='word_1_79' title='bbox 226 996 268 1059; x_wconf 87' lang='lat' dir='ltr'><strong>el,</strong></span> <span class='ocrx_word' id='word_1_80' title='bbox 286 987 322 1051; x_wconf 82' lang='lat' dir='ltr'><strong>sl</strong></span> <span class='ocrx_word' id='word_1_81' title='bbox 335 984 511 1049; x_wconf 78' lang='lat' dir='ltr'><strong>Ecclesiam</strong></span> <span class='ocrx_word' id='word_1_82' title='bbox 521 994 591 1043; x_wconf 83' lang='lat' dir='ltr'><strong>coo</strong></span> <span class='ocrx_word' id='word_1_83' title='bbox 605 974 748 1039; x_wconf 81' lang='lat' dir='ltr'><strong>audierit</strong></span> <span class='ocrx_word' id='word_1_84' title='bbox 769 970 881 1032; x_wconf 90' lang='lat' dir='ltr'><strong>ele.th</strong></span> <span class='ocrx_word' id='word_1_85' title='bbox 963 965 1004 1027; x_wconf 85' lang='lat' dir='ltr'><strong>lo</strong></span> <span class='ocrx_word' id='word_1_86' title='bbox 1022 963 1096 1025; x_wconf 92' lang='lat' dir='ltr'><strong>illud</strong></span> <span class='ocrx_word' id='word_1_87' title='bbox 1112 962 1323 1041; x_wconf 80' lang='lat' dir='ltr'><strong>argumentum</strong></span> <span class='ocrx_word' id='word_1_88' title='bbox 1340 958 1540 1029; x_wconf 73' lang='lat' dir='ltr'><strong>postremum</strong></span> <span class='ocrx_word' id='word_1_89' title='bbox 1569 948 1625 1022; x_wconf 81' lang='lat' dir='ltr'><strong>Qui</strong></span> <span class='ocrx_word' id='word_1_90' title='bbox 1651 945 1785 1020; x_wconf 84' lang='lat' dir='ltr'><strong>baptiza·</strong></span> 
     </span>
    </p>
   </div>
   <div class='ocr_carea' id='block_1_4' title="bbox 16 1030 1788 2043">
    <p class='ocr_par' dir='ltr' id='par_1_5' title="bbox 16 1030 1788 2043">
     <span class='ocr_line' id='line_1_9' title="bbox 20 1030 1783 1137; baseline -0.028 1"><span class='ocrx_word' id='word_1_91' title='bbox 20 1075 109 1137; x_wconf 89' lang='lat' dir='ltr'><strong>enim</strong></span> <span class='ocrx_word' id='word_1_92' title='bbox 135 1074 317 1135; x_wconf 89' lang='lat' dir='ltr'><strong>ostenderet</strong></span> <span class='ocrx_word' id='word_1_93' title='bbox 337 1067 486 1131; x_wconf 77' lang='lat' dir='ltr'><strong>Dominus</strong></span> <span class='ocrx_word' id='word_1_94' title='bbox 510 1078 572 1125; x_wconf 90' lang='lat' dir='ltr'><strong>non</strong></span> <span class='ocrx_word' id='word_1_95' title='bbox 595 1074 665 1120; x_wconf 90' lang='lat' dir='ltr'><strong>esse</strong></span> <span class='ocrx_word' id='word_1_96' title='bbox 681 1060 878 1118; x_wconf 89' lang='lat' dir='ltr'><strong>contemnen·</strong></span> <span class='ocrx_word' id='word_1_97' title='bbox 921 1052 970 1107; x_wconf 92' lang='lat' dir='ltr'><strong>lus</strong></span> <span class='ocrx_word' id='word_1_98' title='bbox 986 1053 1044 1114; x_wconf 85' lang='lat' dir='ltr'><strong>est,</strong></span> <span class='ocrx_word' id='word_1_99' title='bbox 1062 1046 1154 1108; x_wconf 89' lang='lat' dir='ltr'><strong>babel</strong></span> <span class='ocrx_word' id='word_1_100' title='bbox 1168 1041 1308 1120; x_wconf 88' lang='lat' dir='ltr'><strong>spiritum</strong></span> <span class='ocrx_word' id='word_1_101' title='bbox 1321 1034 1443 1098; x_wconf 78' lang='lat' dir='ltr'><strong>Christi:</strong></span> <span class='ocrx_word' id='word_1_102' title='bbox 1460 1034 1512 1095; x_wconf 93' lang='lat' dir='ltr'><strong>ubi</strong></span> <span class='ocrx_word' id='word_1_103' title='bbox 1528 1037 1629 1094; x_wconf 87' lang='lat' dir='ltr'><strong>autem</strong></span> <span class='ocrx_word' id='word_1_104' title='bbox 1652 1030 1783 1107; x_wconf 89' lang='lat' dir='ltr'><strong>Spiritus</strong></span> 
     </span>
     <span class='ocr_line' id='line_1_10' title="bbox 20 1112 1785 1230; baseline -0.024 -15"><span class='ocrx_word' id='word_1_105' title='bbox 20 1166 95 1219; x_wconf 70' lang='lat' dir='ltr'><strong>«lum</strong></span> <span class='ocrx_word' id='word_1_106' title='bbox 113 1150 447 1230; x_wconf 77' lang='lat' dir='ltr'><strong>ccclesiaojurllclom,</strong></span> <span class='ocrx_word' id='word_1_107' title='bbox 471 1142 679 1209; x_wconf 87' lang='lat' dir='ltr'><strong>addidilillam</strong></span> <span class='ocrx_word' id='word_1_108' title='bbox 703 1136 879 1215; x_wconf 87' lang='lat' dir='ltr'><strong>promissio·</strong></span> <span class='ocrx_word' id='word_1_109' title='bbox 923 1129 1032 1193; x_wconf 82' lang='lat' dir='ltr'><strong>Christi</strong></span> <span class='ocrx_word' id='word_1_110' title='bbox 1050 1136 1107 1195; x_wconf 92' lang='lat' dir='ltr'><strong>esi,</strong></span> <span class='ocrx_word' id='word_1_111' title='bbox 1125 1122 1314 1190; x_wconf 88' lang='lat' dir='ltr'><strong>ibtomnium</strong></span> <span class='ocrx_word' id='word_1_112' title='bbox 1343 1124 1478 1197; x_wconf 89' lang='lat' dir='ltr'><strong>potestas</strong></span> <span class='ocrx_word' id='word_1_113' title='bbox 1501 1122 1532 1177; x_wconf 91' lang='lat' dir='ltr'><strong>el</strong></span> <span class='ocrx_word' id='word_1_114' title='bbox 1560 1116 1696 1176; x_wconf 88' lang='lat' dir='ltr'><strong>liberios.</strong></span> <span class='ocrx_word' id='word_1_115' title='bbox 1726 1112 1785 1173; x_wconf 84' lang='lat' dir='ltr'><strong>ite·</strong></span> 
     </span>
     <span class='ocr_line' id='line_1_11' title="bbox 16 1194 1786 1316; baseline -0.024 -19"><span class='ocrx_word' id='word_1_116' title='bbox 16 1238 341 1316; x_wconf 73' lang='lat' dir='ltr'><strong>neszocecrrmqoe</strong></span> <span class='ocrx_word' id='word_1_117' title='bbox 352 1227 574 1311; x_wconf 81' lang='lat' dir='ltr'><strong>oilipnueriiie.</strong></span> <span class='ocrx_word' id='word_1_118' title='bbox 588 1226 681 1285; x_wconf 83' lang='lat' dir='ltr'><strong>Porro</strong></span> <span class='ocrx_word' id='word_1_119' title='bbox 693 1218 829 1281; x_wconf 80' lang='lat' dir='ltr'><strong>Ecclesia</strong></span> <span class='ocrx_word' id='word_1_120' title='bbox 842 1218 876 1279; x_wconf 90' lang='lat' dir='ltr'><strong>ll·</strong></span> <span class='ocrx_word' id='word_1_121' title='bbox 923 1212 1062 1290; x_wconf 80' lang='lat' dir='ltr'><strong>spondeo</strong></span> <span class='ocrx_word' id='word_1_122' title='bbox 1078 1212 1187 1287; x_wconf 90' lang='lat' dir='ltr'><strong>primo:</strong></span> <span class='ocrx_word' id='word_1_123' title='bbox 1203 1201 1480 1281; x_wconf 82' lang='lat' dir='ltr'><strong>ltajmpropositio</strong></span> <span class='ocrx_word' id='word_1_124' title='bbox 1496 1212 1555 1259; x_wconf 92' lang='lat' dir='ltr'><strong>non</strong></span> <span class='ocrx_word' id='word_1_125' title='bbox 1572 1204 1620 1259; x_wconf 92' lang='lat' dir='ltr'><strong>est</strong></span> <span class='ocrx_word' id='word_1_126' title='bbox 1634 1212 1702 1258; x_wconf 87' lang='lat' dir='ltr'><strong>vera</strong></span> <span class='ocrx_word' id='word_1_127' title='bbox 1715 1194 1786 1255; x_wconf 92' lang='lat' dir='ltr'><strong>uni·</strong></span> 
     </span>
     <span class='ocr_line' id='line_1_12' title="bbox 17 1278 1784 1395; baseline -0.024 -15"><span class='ocrx_word' id='word_1_128' title='bbox 17 1322 248 1395; x_wconf 70' lang='lat' dir='ltr'><strong>pat,etsolvil,</strong></span> <span class='ocrx_word' id='word_1_129' title='bbox 276 1316 333 1381; x_wconf 87' lang='lat' dir='ltr'><strong>sed</strong></span> <span class='ocrx_word' id='word_1_130' title='bbox 363 1330 418 1395; x_wconf 90' lang='lat' dir='ltr'><strong>per</strong></span> <span class='ocrx_word' id='word_1_131' title='bbox 445 1328 519 1375; x_wconf 79' lang='lat' dir='ltr'><strong>suits</strong></span> <span class='ocrx_word' id='word_1_132' title='bbox 537 1304 707 1390; x_wconf 88' lang='lat' dir='ltr'><strong>praesules,</strong></span> <span class='ocrx_word' id='word_1_133' title='bbox 738 1317 799 1366; x_wconf 93' lang='lat' dir='ltr'><strong>non</strong></span> <span class='ocrx_word' id='word_1_134' title='bbox 825 1316 882 1377; x_wconf 91' lang='lat' dir='ltr'><strong>per</strong></span> <span class='ocrx_word' id='word_1_135' title='bbox 923 1295 1091 1356; x_wconf 74' lang='lat' dir='ltr'><strong>versatiles.</strong></span> <span class='ocrx_word' id='word_1_136' title='bbox 1109 1282 1505 1360; x_wconf 86' lang='lat' dir='ltr'><strong>llollienirubaptiaantor,</strong></span> <span class='ocrx_word' id='word_1_137' title='bbox 1537 1281 1587 1359; x_wconf 92' lang='lat' dir='ltr'><strong>qui</strong></span> <span class='ocrx_word' id='word_1_138' title='bbox 1616 1295 1676 1340; x_wconf 94' lang='lat' dir='ltr'><strong>non</strong></span> <span class='ocrx_word' id='word_1_139' title='bbox 1706 1278 1784 1338; x_wconf 89' lang='lat' dir='ltr'><strong>reci·</strong></span> 
     </span>
     <span class='ocr_line' id='line_1_13' title="bbox 18 1360 1788 1483; baseline -0.026 -19"><span class='ocrx_word' id='word_1_140' title='bbox 18 1419 257 1483; x_wconf 88' lang='lat' dir='ltr'><strong>quoscumque,</strong></span> <span class='ocrx_word' id='word_1_141' title='bbox 273 1403 353 1463; x_wconf 91' lang='lat' dir='ltr'><strong>sicut</strong></span> <span class='ocrx_word' id='word_1_142' title='bbox 368 1412 480 1473; x_wconf 92' lang='lat' dir='ltr'><strong>corpus</strong></span> <span class='ocrx_word' id='word_1_143' title='bbox 494 1391 638 1472; x_wconf 91' lang='lat' dir='ltr'><strong>loquitur,</strong></span> <span class='ocrx_word' id='word_1_144' title='bbox 656 1386 712 1449; x_wconf 93' lang='lat' dir='ltr'><strong>sed</strong></span> <span class='ocrx_word' id='word_1_145' title='bbox 738 1400 795 1463; x_wconf 90' lang='lat' dir='ltr'><strong>per</strong></span> <span class='ocrx_word' id='word_1_146' title='bbox 823 1384 879 1444; x_wconf 91' lang='lat' dir='ltr'><strong>lin·</strong></span> <span class='ocrx_word' id='word_1_147' title='bbox 923 1378 1011 1456; x_wconf 89' lang='lat' dir='ltr'><strong>pioni</strong></span> <span class='ocrx_word' id='word_1_148' title='bbox 1026 1377 1167 1453; x_wconf 88' lang='lat' dir='ltr'><strong>spiritum</strong></span> <span class='ocrx_word' id='word_1_149' title='bbox 1179 1368 1302 1438; x_wconf 84' lang='lat' dir='ltr'><strong>Christi,</strong></span> <span class='ocrx_word' id='word_1_150' title='bbox 1319 1364 1388 1443; x_wconf 87' lang='lat' dir='ltr'><strong>quia</strong></span> <span class='ocrx_word' id='word_1_151' title='bbox 1403 1364 1471 1426; x_wconf 87' lang='lat' dir='ltr'><strong>sine</strong></span> <span class='ocrx_word' id='word_1_152' title='bbox 1485 1362 1546 1424; x_wconf 90' lang='lat' dir='ltr'><strong>lide</strong></span> <span class='ocrx_word' id='word_1_153' title='bbox 1560 1368 1611 1423; x_wconf 89' lang='lat' dir='ltr'><strong>aul</strong></span> <span class='ocrx_word' id='word_1_154' title='bbox 1625 1360 1788 1439; x_wconf 88' lang='lat' dir='ltr'><strong>poeniten·</strong></span> 
     </span>
     <span class='ocr_line' id='line_1_14' title="bbox 19 1443 1787 1563; baseline -0.027 -15"><span class='ocrx_word' id='word_1_155' title='bbox 19 1504 125 1560; x_wconf 71' lang='lat' dir='ltr'><strong>eoam.</strong></span> <span class='ocrx_word' id='word_1_156' title='bbox 144 1502 205 1547; x_wconf 89' lang='lat' dir='ltr'><strong>nen</strong></span> <span class='ocrx_word' id='word_1_157' title='bbox 221 1500 278 1563; x_wconf 88' lang='lat' dir='ltr'><strong>per</strong></span> <span class='ocrx_word' id='word_1_158' title='bbox 292 1496 428 1557; x_wconf 86' lang='lat' dir='ltr'><strong>manum3</strong></span> <span class='ocrx_word' id='word_1_159' title='bbox 455 1483 485 1539; x_wconf 90' lang='lat' dir='ltr'><strong>ei</strong></span> <span class='ocrx_word' id='word_1_160' title='bbox 499 1473 682 1540; x_wconf 82' lang='lat' dir='ltr'><strong>universitas</strong></span> <span class='ocrx_word' id='word_1_161' title='bbox 701 1465 881 1529; x_wconf 90' lang='lat' dir='ltr'><strong>determinat</strong></span> <span class='ocrx_word' id='word_1_162' title='bbox 924 1461 964 1522; x_wconf 90' lang='lat' dir='ltr'><strong>tia</strong></span> <span class='ocrx_word' id='word_1_163' title='bbox 982 1460 1181 1538; x_wconf 84' lang='lat' dir='ltr'><strong>baptizantur:</strong></span> <span class='ocrx_word' id='word_1_164' title='bbox 1198 1452 1285 1515; x_wconf 92' lang='lat' dir='ltr'><strong>multi</strong></span> <span class='ocrx_word' id='word_1_165' title='bbox 1301 1447 1464 1523; x_wconf 87' lang='lat' dir='ltr'><strong>recipiant,</strong></span> <span class='ocrx_word' id='word_1_166' title='bbox 1481 1445 1533 1522; x_wconf 92' lang='lat' dir='ltr'><strong>qui</strong></span> <span class='ocrx_word' id='word_1_167' title='bbox 1563 1448 1668 1525; x_wconf 83' lang='lat' dir='ltr'><strong>postea</strong></span> <span class='ocrx_word' id='word_1_168' title='bbox 1698 1443 1787 1503; x_wconf 91' lang='lat' dir='ltr'><strong>amit·</strong></span> 
     </span>
     <span class='ocr_line' id='line_1_15' title="bbox 21 1524 1784 1647; baseline -0.027 -18"><span class='ocrx_word' id='word_1_169' title='bbox 21 1568 265 1647; x_wconf 81' lang='lat' dir='ltr'><strong>propositiones,</strong></span> <span class='ocrx_word' id='word_1_170' title='bbox 290 1565 345 1628; x_wconf 90' lang='lat' dir='ltr'><strong>sed</strong></span> <span class='ocrx_word' id='word_1_171' title='bbox 360 1561 579 1641; x_wconf 85' lang='lat' dir='ltr'><strong>perdociores,</strong></span> <span class='ocrx_word' id='word_1_172' title='bbox 601 1570 662 1615; x_wconf 94' lang='lat' dir='ltr'><strong>non</strong></span> <span class='ocrx_word' id='word_1_173' title='bbox 680 1566 736 1631; x_wconf 89' lang='lat' dir='ltr'><strong>per</strong></span> <span class='ocrx_word' id='word_1_174' title='bbox 757 1548 880 1610; x_wconf 87' lang='lat' dir='ltr'><strong>Schola-</strong></span> <span class='ocrx_word' id='word_1_175' title='bbox 925 1548 1001 1615; x_wconf 91' lang='lat' dir='ltr'><strong>lunt,</strong></span> <span class='ocrx_word' id='word_1_176' title='bbox 1020 1549 1050 1602; x_wconf 88' lang='lat' dir='ltr'><strong>et</strong></span> <span class='ocrx_word' id='word_1_177' title='bbox 1066 1550 1163 1602; x_wconf 88' lang='lat' dir='ltr'><strong>lamen</strong></span> <span class='ocrx_word' id='word_1_178' title='bbox 1180 1553 1240 1599; x_wconf 92' lang='lat' dir='ltr'><strong>non</strong></span> <span class='ocrx_word' id='word_1_179' title='bbox 1257 1534 1397 1594; x_wconf 90' lang='lat' dir='ltr'><strong>amittunt</strong></span> <span class='ocrx_word' id='word_1_180' title='bbox 1411 1530 1609 1608; x_wconf 81' lang='lat' dir='ltr'><strong>baptismum.</strong></span> <span class='ocrx_word' id='word_1_181' title='bbox 1627 1524 1784 1604; x_wconf 85' lang='lat' dir='ltr'><strong>Secundo:</strong></span> 
     </span>
     <span class='ocr_line' id='line_1_16' title="bbox 17 1606 1787 1723; baseline -0.027 -13"><span class='ocrx_word' id='word_1_182' title='bbox 17 1662 127 1715; x_wconf 87' lang='lat' dir='ltr'><strong>sucos.</strong></span> <span class='ocrx_word' id='word_1_183' title='bbox 145 1651 177 1711; x_wconf 89' lang='lat' dir='ltr'><strong>id</strong></span> <span class='ocrx_word' id='word_1_184' title='bbox 206 1656 306 1711; x_wconf 80' lang='lat' dir='ltr'><strong>autern</strong></span> <span class='ocrx_word' id='word_1_185' title='bbox 322 1644 456 1709; x_wconf 91' lang='lat' dir='ltr'><strong>ostendit</strong></span> <span class='ocrx_word' id='word_1_186' title='bbox 479 1638 670 1723; x_wconf 85' lang='lat' dir='ltr'><strong>apertissime</strong></span> <span class='ocrx_word' id='word_1_187' title='bbox 698 1633 800 1713; x_wconf 82' lang='lat' dir='ltr'><strong>praxis</strong></span> <span class='ocrx_word' id='word_1_188' title='bbox 825 1630 880 1693; x_wconf 89' lang='lat' dir='ltr'><strong>Ec·</strong></span> <span class='ocrx_word' id='word_1_189' title='bbox 925 1625 1023 1686; x_wconf 88' lang='lat' dir='ltr'><strong>iiinor</strong></span> <span class='ocrx_word' id='word_1_190' title='bbox 1037 1625 1126 1686; x_wconf 89' lang='lat' dir='ltr'><strong>eliam</strong></span> <span class='ocrx_word' id='word_1_191' title='bbox 1143 1617 1311 1700; x_wconf 77' lang='lat' dir='ltr'><strong>propositio</strong></span> <span class='ocrx_word' id='word_1_192' title='bbox 1325 1613 1398 1675; x_wconf 87' lang='lat' dir='ltr'><strong>laisa</strong></span> <span class='ocrx_word' id='word_1_193' title='bbox 1414 1617 1473 1674; x_wconf 90' lang='lat' dir='ltr'><strong>est.</strong></span> <span class='ocrx_word' id='word_1_194' title='bbox 1491 1610 1561 1671; x_wconf 89' lang='lat' dir='ltr'><strong>llam</strong></span> <span class='ocrx_word' id='word_1_195' title='bbox 1591 1607 1713 1686; x_wconf 88' lang='lat' dir='ltr'><strong>plorimi</strong></span> <span class='ocrx_word' id='word_1_196' title='bbox 1735 1606 1787 1665; x_wconf 87' lang='lat' dir='ltr'><strong>ha·</strong></span> 
     </span>
     <span class='ocr_line' id='line_1_17' title="bbox 17 1688 1788 1797; baseline -0.027 -2"><span class='ocrx_word' id='word_1_197' title='bbox 17 1734 136 1797; x_wconf 83' lang='lat' dir='ltr'><strong>etesiae</strong></span> <span class='ocrx_word' id='word_1_198' title='bbox 150 1733 288 1795; x_wconf 89' lang='lat' dir='ltr'><strong>omnium</strong></span> <span class='ocrx_word' id='word_1_199' title='bbox 302 1735 444 1793; x_wconf 89' lang='lat' dir='ltr'><strong>aetatum.</strong></span> <span class='ocrx_word' id='word_1_200' title='bbox 925 1708 1000 1769; x_wconf 87' lang='lat' dir='ltr'><strong>beni</strong></span> <span class='ocrx_word' id='word_1_201' title='bbox 1014 1708 1153 1786; x_wconf 88' lang='lat' dir='ltr'><strong>spiritum</strong></span> <span class='ocrx_word' id='word_1_202' title='bbox 1171 1698 1349 1776; x_wconf 82' lang='lat' dir='ltr'><strong>Christi,qai</strong></span> <span class='ocrx_word' id='word_1_203' title='bbox 1366 1701 1466 1756; x_wconf 89' lang='lat' dir='ltr'><strong>lamen</strong></span> <span class='ocrx_word' id='word_1_204' title='bbox 1483 1708 1543 1753; x_wconf 90' lang='lat' dir='ltr'><strong>oon</strong></span> <span class='ocrx_word' id='word_1_205' title='bbox 1561 1691 1675 1753; x_wconf 89' lang='lat' dir='ltr'><strong>babent</strong></span> <span class='ocrx_word' id='word_1_206' title='bbox 1689 1688 1788 1751; x_wconf 71' lang='lat' dir='ltr'><strong>omni—</strong></span> 
     </span>
     <span class='ocr_line' id='line_1_18' title="bbox 59 1772 1787 1889; baseline -0.028 -10"><span class='ocrx_word' id='word_1_207' title='bbox 59 1818 106 1879; x_wconf 80' lang='lat' dir='ltr'><strong>lio</strong></span> <span class='ocrx_word' id='word_1_208' title='bbox 122 1822 339 1887; x_wconf 76' lang='lat' dir='ltr'><strong>oruamentum</strong></span> <span class='ocrx_word' id='word_1_209' title='bbox 354 1828 392 1875; x_wconf 83' lang='lat' dir='ltr'><strong>ex</strong></span> <span class='ocrx_word' id='word_1_210' title='bbox 405 1808 512 1889; x_wconf 89' lang='lat' dir='ltr'><strong>quinto</strong></span> <span class='ocrx_word' id='word_1_211' title='bbox 527 1802 640 1873; x_wconf 89' lang='lat' dir='ltr'><strong>oiiicio,</strong></span> <span class='ocrx_word' id='word_1_212' title='bbox 656 1800 808 1879; x_wconf 79' lang='lat' dir='ltr'><strong>Negamus</strong></span> <span class='ocrx_word' id='word_1_213' title='bbox 819 1812 881 1857; x_wconf 91' lang='lat' dir='ltr'><strong>non</strong></span> <span class='ocrx_word' id='word_1_214' title='bbox 926 1806 979 1850; x_wconf 92' lang='lat' dir='ltr'><strong>um</strong></span> <span class='ocrx_word' id='word_1_215' title='bbox 990 1806 1094 1863; x_wconf 81' lang='lat' dir='ltr'><strong>¹rerum</strong></span> <span class='ocrx_word' id='word_1_216' title='bbox 1112 1792 1304 1868; x_wconf 88' lang='lat' dir='ltr'><strong>potestatem,</strong></span> <span class='ocrx_word' id='word_1_217' title='bbox 1321 1794 1390 1841; x_wconf 90' lang='lat' dir='ltr'><strong>cum</strong></span> <span class='ocrx_word' id='word_1_218' title='bbox 1406 1792 1464 1861; x_wconf 86' lang='lat' dir='ltr'><strong>nec</strong></span> <span class='ocrx_word' id='word_1_219' title='bbox 1492 1774 1613 1855; x_wconf 90' lang='lat' dir='ltr'><strong>possint</strong></span> <span class='ocrx_word' id='word_1_220' title='bbox 1638 1772 1722 1852; x_wconf 92' lang='lat' dir='ltr'><strong>ioqui</strong></span> <span class='ocrx_word' id='word_1_221' title='bbox 1737 1786 1787 1830; x_wconf 85' lang='lat' dir='ltr'><strong>va·</strong></span> 
     </span>
     <span class='ocr_line' id='line_1_19' title="bbox 18 1860 1788 1962; baseline -0.027 0"><span class='ocrx_word' id='word_1_222' title='bbox 18 1916 91 1961; x_wconf 76' lang='lat' dir='ltr'><strong>csse</strong></span> <span class='ocrx_word' id='word_1_223' title='bbox 107 1900 140 1959; x_wconf 94' lang='lat' dir='ltr'><strong>in</strong></span> <span class='ocrx_word' id='word_1_224' title='bbox 154 1897 294 1961; x_wconf 81' lang='lat' dir='ltr'><strong>Ecclesia</strong></span> <span class='ocrx_word' id='word_1_225' title='bbox 307 1894 390 1957; x_wconf 88' lang='lat' dir='ltr'><strong>aiiud</strong></span> <span class='ocrx_word' id='word_1_226' title='bbox 404 1888 599 1955; x_wconf 88' lang='lat' dir='ltr'><strong>sacrificium.</strong></span> <span class='ocrx_word' id='word_1_227' title='bbox 615 1900 704 1962; x_wconf 91' lang='lat' dir='ltr'><strong>quam</strong></span> <span class='ocrx_word' id='word_1_228' title='bbox 721 1878 881 1942; x_wconf 89' lang='lat' dir='ltr'><strong>morliiioa-</strong></span> <span class='ocrx_word' id='word_1_229' title='bbox 926 1871 980 1935; x_wconf 89' lang='lat' dir='ltr'><strong>riis</strong></span> <span class='ocrx_word' id='word_1_230' title='bbox 995 1872 1120 1950; x_wconf 77' lang='lat' dir='ltr'><strong>linguis,</strong></span> <span class='ocrx_word' id='word_1_231' title='bbox 1137 1883 1238 1947; x_wconf 90' lang='lat' dir='ltr'><strong>neque</strong></span> <span class='ocrx_word' id='word_1_232' title='bbox 1249 1866 1349 1928; x_wconf 84' lang='lat' dir='ltr'><strong>lutura</strong></span> <span class='ocrx_word' id='word_1_233' title='bbox 1365 1860 1555 1939; x_wconf 88' lang='lat' dir='ltr'><strong>praedicere,</strong></span> <span class='ocrx_word' id='word_1_234' title='bbox 1573 1872 1674 1936; x_wconf 90' lang='lat' dir='ltr'><strong>neque</strong></span> <span class='ocrx_word' id='word_1_235' title='bbox 1701 1868 1788 1916; x_wconf 91' lang='lat' dir='ltr'><strong>cura·</strong></span> 
     </span>
     <span class='ocr_line' id='line_1_20' title="bbox 20 1945 1663 2043; baseline -0.027 -2"><span class='ocrx_word' id='word_1_236' title='bbox 20 1961 881 2043; x_wconf 75' lang='lat' dir='ltr'><strong>lvonisviliorum.damadbocsacrilleiumnonrequi-</strong></span> <span class='ocrx_word' id='word_1_237' title='bbox 927 1948 1547 2031; x_wconf 80' lang='lat' dir='ltr'><strong>remeabas,nequeenciloremoriuos.</strong></span> <span class='ocrx_word' id='word_1_238' title='bbox 1659 1945 1663 1950; x_wconf 77' lang='grc'><strong>’</strong></span> 
     </span>
    </p>
   </div>
   <div class='ocr_carea' id='block_1_5' title="bbox 23 2050 883 2125">
    <p class='ocr_par' dir='ltr' id='par_1_6' title="bbox 23 2050 883 2125">
     <span class='ocr_line' id='line_1_21' title="bbox 23 2050 883 2125; baseline -0.019 -5"><span class='ocrx_word' id='word_1_239' title='bbox 23 2072 99 2123; x_wconf 80' lang='grc' dir='ltr'>ιιιιιι</span> <span class='ocrx_word' id='word_1_240' title='bbox 113 2064 225 2125; x_wconf 87' lang='lat' dir='ltr'><strong>altare:</strong></span> <span class='ocrx_word' id='word_1_241' title='bbox 241 2067 402 2124; x_wconf 79' lang='lat' dir='ltr'><strong>astantem</strong></span> <span class='ocrx_word' id='word_1_242' title='bbox 418 2058 449 2119; x_wconf 90' lang='lat' dir='ltr'><strong>in</strong></span> <span class='ocrx_word' id='word_1_243' title='bbox 463 2052 600 2117; x_wconf 82' lang='lat' dir='ltr'><strong>Ecclesia</strong></span> <span class='ocrx_word' id='word_1_244' title='bbox 616 2050 722 2117; x_wconf 88' lang='lat' dir='ltr'><strong>aliare,</strong></span> <span class='ocrx_word' id='word_1_245' title='bbox 745 2052 777 2106; x_wconf 90' lang='lat' dir='ltr'><strong>ut</strong></span> <span class='ocrx_word' id='word_1_246' title='bbox 802 2050 883 2123; x_wconf 87' lang='lat' dir='ltr'><strong>patet</strong></span> 
     </span>
    </p>
   </div>
   <div class='ocr_carea' id='block_1_6' title="bbox 21 2130 1480 2308">
    <p class='ocr_par' dir='ltr' id='par_1_7' title="bbox 21 2130 1480 2308">
     <span class='ocr_line' id='line_1_22' title="bbox 24 2130 1442 2211; baseline -0.021 -9"><span class='ocrx_word' id='word_1_247' title='bbox 24 2152 61 2205; x_wconf 80' lang='grc' dir='ltr'><strong>ιι</strong></span> <span class='ocrx_word' id='word_1_248' title='bbox 79 2147 178 2207; x_wconf 89' lang='lat' dir='ltr'><strong>liebr.</strong></span> <span class='ocrx_word' id='word_1_249' title='bbox 195 2144 245 2207; x_wconf 78' lang='lat' dir='ltr'><strong>ib.</strong></span> <span class='ocrx_word' id='word_1_250' title='bbox 262 2143 422 2207; x_wconf 82' lang='lat' dir='ltr'><strong>Habemus</strong></span> <span class='ocrx_word' id='word_1_251' title='bbox 437 2138 550 2209; x_wconf 83' lang='lat' dir='ltr'><strong>citam,</strong></span> <span class='ocrx_word' id='word_1_252' title='bbox 568 2138 608 2197; x_wconf 88' lang='lat' dir='ltr'><strong>de</strong></span> <span class='ocrx_word' id='word_1_253' title='bbox 623 2147 687 2211; x_wconf 87' lang='lat' dir='ltr'><strong>quo</strong></span> <span class='ocrx_word' id='word_1_254' title='bbox 702 2130 796 2191; x_wconf 84' lang='lat' dir='ltr'><strong>edere</strong></span> <span class='ocrx_word' id='word_1_255' title='bbox 815 2142 883 2189; x_wconf 82' lang='grc' dir='ltr'>ιοιι</span> <span class='ocrx_word' id='word_1_256' title='bbox 1218 2131 1223 2137; x_wconf 87' lang='grc'><em>·</em></span> <span class='ocrx_word' id='word_1_257' title='bbox 1439 2167 1442 2172; x_wconf 81' lang='grc'>,</span> 
     </span>
     <span class='ocr_line' id='line_1_23' title="bbox 21 2184 1480 2308; baseline -0.031 -19"><span class='ocrx_word' id='word_1_258' title='bbox 21 2228 355 2308; x_wconf 81' lang='lat' dir='ltr'><strong>lorbentpoleslctem,</strong></span> <span class='ocrx_word' id='word_1_259' title='bbox 378 2224 437 2305; x_wconf 86' lang='lat' dir='ltr'><strong>qui</strong></span> <span class='ocrx_word' id='word_1_260' title='bbox 451 2216 659 2284; x_wconf 85' lang='lat' dir='ltr'><strong>tobemocolo</strong></span> <span class='ocrx_word' id='word_1_261' title='bbox 687 2211 882 2275; x_wconf 77' lang='lat' dir='ltr'><strong>desolationi.</strong></span> <span class='ocrx_word' id='word_1_262' title='bbox 1234 2189 1354 2255; x_wconf 79' lang='lat' dir='ltr'><strong>eleut</strong></span> <span class='ocrx_word' id='word_1_263' title='bbox 1375 2184 1480 2249; x_wconf 81' lang='lat' dir='ltr'><strong>xxii.</strong></span> 
     </span>
    </p>
   </div>
   <div class='ocr_carea' id='block_1_7' title="bbox 25 2310 1767 2568">
    <p class='ocr_par' dir='ltr' id='par_1_8' title="bbox 25 2310 1767 2568">
     <span class='ocr_line' id='line_1_24' title="bbox 25 2310 619 2375; baseline -0.005 -4"><span class='ocrx_word' id='word_1_264' title='bbox 25 2314 83 2371; x_wconf 67' lang='lat' dir='ltr'><strong>Sed</strong></span> <span class='ocrx_word' id='word_1_265' title='bbox 101 2312 144 2375; x_wconf 88' lang='lat' dir='ltr'><strong>de</strong></span> <span class='ocrx_word' id='word_1_266' title='bbox 160 2310 315 2372; x_wconf 85' lang='lat' dir='ltr'><strong>boeelibi.</strong></span> <span class='ocrx_word' id='word_1_267' title='bbox 617 2340 619 2347; x_wconf 86' lang='lat'><em>·</em></span> 
     </span>
     <span class='ocr_line' id='line_1_25' title="bbox 27 2374 1767 2533; baseline -0.017 -77"><span class='ocrx_word' id='word_1_268' title='bbox 27 2394 110 2533; x_wconf 54' lang='lat' dir='ltr'><strong>iffi</strong></span> <span class='ocrx_word' id='word_1_269' title='bbox 137 2397 351 2487; x_wconf 66' lang='lat' dir='ltr'><strong>armamentum</strong></span> <span class='ocrx_word' id='word_1_270' title='bbox 374 2404 412 2451; x_wconf 83' lang='lat' dir='ltr'><strong>ex</strong></span> <span class='ocrx_word' id='word_1_271' title='bbox 439 2390 525 2449; x_wconf 83' lang='lat' dir='ltr'><strong>sextu</strong></span> <span class='ocrx_word' id='word_1_272' title='bbox 547 2380 659 2449; x_wconf 84' lang='lat' dir='ltr'><strong>culcio,</strong></span> <span class='ocrx_word' id='word_1_273' title='bbox 684 2374 884 2453; x_wconf 77' lang='lat' dir='ltr'><strong>liespondem</strong></span> <span class='ocrx_word' id='word_1_274' title='bbox 949 2383 1547 2484; x_wconf 49' lang='grc' dir='ltr'><strong>Νοηωᾳωήήαθω,αωργοῡῑωιωη</strong></span> <span class='ocrx_word' id='word_1_275' title='bbox 1562 2382 1767 2455; x_wconf 56' lang='lat' dir='ltr'><strong>„21:72ssqu</strong></span> 
     </span>
     <span class='ocr_line' id='line_1_26' title="bbox 26 2458 1660 2568; baseline -0.017 -32"><span class='ocrx_word' id='word_1_276' title='bbox 26 2468 753 2547; x_wconf 66' lang='grc' dir='ltr'>ιοιιιιιιιιιιιιιιιιοιιιιιιιιιιιοιιιιιιιιιιιιι,</span> <span class='ocrx_word' id='word_1_277' title='bbox 783 2458 884 2519; x_wconf 90' lang='lat' dir='ltr'><strong>sedo·</strong></span> <span class='ocrx_word' id='word_1_278' title='bbox 1004 2548 1005 2553; x_wconf 6' lang='grc' dir='ltr'><strong>Ἰ</strong></span> <span class='ocrx_word' id='word_1_279' title='bbox 1064 2497 1271 2560; x_wconf 49' lang='lat' dir='ltr'><strong><em>sacramenta</em></strong></span> <span class='ocrx_word' id='word_1_280' title='bbox 1287 2478 1422 2568; x_wconf 52' lang='lat' dir='ltr'><strong><em>eneam</em></strong></span> <span class='ocrx_word' id='word_1_281' title='bbox 1444 2475 1660 2554; x_wconf 52' lang='lat' dir='ltr'><strong>,mmmm</strong></span> 
     </span>
    </p>
   </div>
   <div class='ocr_carea' id='block_1_8' title="bbox 26 2538 888 2950">
    <p class='ocr_par' dir='ltr' id='par_1_9' title="bbox 26 2538 886 2785">
     <span class='ocr_line' id='line_1_27' title="bbox 28 2538 884 2637; baseline -0.023 -20"><span class='ocrx_word' id='word_1_282' title='bbox 28 2576 94 2619; x_wconf 87' lang='lat' dir='ltr'><strong>rare</strong></span> <span class='ocrx_word' id='word_1_283' title='bbox 110 2558 252 2637; x_wconf 90' lang='lat' dir='ltr'><strong>publice,</strong></span> <span class='ocrx_word' id='word_1_284' title='bbox 269 2563 300 2619; x_wconf 91' lang='lat' dir='ltr'><strong>et</strong></span> <span class='ocrx_word' id='word_1_285' title='bbox 314 2564 466 2634; x_wconf 82' lang='lat' dir='ltr'><strong>tamquam</strong></span> <span class='ocrx_word' id='word_1_286' title='bbox 482 2548 636 2629; x_wconf 89' lang='lat' dir='ltr'><strong>publicam</strong></span> <span class='ocrx_word' id='word_1_287' title='bbox 651 2558 813 2623; x_wconf 86' lang='lat' dir='ltr'><strong>personam</strong></span> <span class='ocrx_word' id='word_1_288' title='bbox 840 2538 884 2599; x_wconf 92' lang='lat' dir='ltr'><strong>in·</strong></span> 
     </span>
     <span class='ocr_line' id='line_1_28' title="bbox 26 2625 886 2716; baseline -0.023 -15"><span class='ocrx_word' id='word_1_289' title='bbox 26 2642 189 2703; x_wconf 84' lang='lat' dir='ltr'><strong>lercedere</strong></span> <span class='ocrx_word' id='word_1_290' title='bbox 206 2639 416 2716; x_wconf 86' lang='lat' dir='ltr'><strong>prouuirerso</strong></span> <span class='ocrx_word' id='word_1_291' title='bbox 443 2634 570 2713; x_wconf 91' lang='lat' dir='ltr'><strong>populo,</strong></span> <span class='ocrx_word' id='word_1_292' title='bbox 595 2637 627 2693; x_wconf 92' lang='lat' dir='ltr'><strong>ut</strong></span> <span class='ocrx_word' id='word_1_293' title='bbox 654 2625 886 2705; x_wconf 78' lang='lat' dir='ltr'><strong>Cbrpsostomus</strong></span> 
     </span>
     <span class='ocr_line' id='line_1_29' title="bbox 27 2718 490 2785; baseline -0.011 -3"><span class='ocrx_word' id='word_1_294' title='bbox 27 2728 119 2785; x_wconf 86' lang='lat' dir='ltr'><strong>docet</strong></span> <span class='ocrx_word' id='word_1_295' title='bbox 133 2723 192 2785; x_wconf 93' lang='lat' dir='ltr'><strong>lib.</strong></span> <span class='ocrx_word' id='word_1_296' title='bbox 205 2720 237 2783; x_wconf 87' lang='lat' dir='ltr'><strong>e.</strong></span> <span class='ocrx_word' id='word_1_297' title='bbox 254 2723 293 2783; x_wconf 91' lang='lat' dir='ltr'><strong>de</strong></span> <span class='ocrx_word' id='word_1_298' title='bbox 308 2718 490 2784; x_wconf 85' lang='lat' dir='ltr'><strong>sacerdotio.</strong></span> 
     </span>
    </p>

    <p class='ocr_par' dir='ltr' id='par_1_10' title="bbox 26 2786 888 2950">
     <span class='ocr_line' id='line_1_30' title="bbox 64 2786 883 2883; baseline -0.021 -18"><span class='ocrx_word' id='word_1_299' title='bbox 64 2808 107 2865; x_wconf 83' lang='lat' dir='ltr'><strong>td</strong></span> <span class='ocrx_word' id='word_1_300' title='bbox 123 2808 342 2883; x_wconf 72' lang='lat' dir='ltr'><strong>argumentum</strong></span> <span class='ocrx_word' id='word_1_301' title='bbox 354 2818 391 2865; x_wconf 86' lang='lat' dir='ltr'><strong>ex</strong></span> <span class='ocrx_word' id='word_1_302' title='bbox 405 2798 536 2878; x_wconf 89' lang='lat' dir='ltr'><strong>septimo</strong></span> <span class='ocrx_word' id='word_1_303' title='bbox 551 2794 663 2861; x_wconf 84' lang='lat' dir='ltr'><strong>obicio,</strong></span> <span class='ocrx_word' id='word_1_304' title='bbox 691 2786 883 2866; x_wconf 74' lang='lat' dir='ltr'><strong>despondeo:</strong></span> 
     </span>
     <span class='ocr_line' id='line_1_31' title="bbox 26 2874 888 2950; baseline -0.017 -3"><span class='ocrx_word' id='word_1_305' title='bbox 26 2888 79 2948; x_wconf 87' lang='lat' dir='ltr'><strong>iiia</strong></span> <span class='ocrx_word' id='word_1_306' title='bbox 96 2889 178 2949; x_wconf 88' lang='lat' dir='ltr'><strong>inca:</strong></span> <span class='ocrx_word' id='word_1_307' title='bbox 197 2887 273 2950; x_wconf 78' lang='lat' dir='ltr'><strong>onec</strong></span> <span class='ocrx_word' id='word_1_308' title='bbox 286 2900 378 2949; x_wconf 88' lang='lat' dir='ltr'><strong>meae</strong></span> <span class='ocrx_word' id='word_1_309' title='bbox 391 2894 617 2945; x_wconf 80' lang='lat' dir='ltr'><strong>vocemmeam</strong></span> <span class='ocrx_word' id='word_1_310' title='bbox 641 2874 794 2945; x_wconf 68' lang='lat' dir='ltr'><strong>coctione·</strong></span> <span class='ocrx_word' id='word_1_311' title='bbox 819 2886 888 2932; x_wconf 85' lang='lat' dir='ltr'><strong>oon</strong></span> 
     </span>
    </p>
   </div>
   <div class='ocr_carea' id='block_1_9' title="bbox 23 2952 1790 3132">
    <p class='ocr_par' dir='ltr' id='par_1_11' title="bbox 23 2952 1790 3132">
     <span class='ocr_line' id='line_1_32' title="bbox 25 2952 1685 3035; baseline -0.014 -5"><span class='ocrx_word' id='word_1_312' title='bbox 25 2972 172 3033; x_wconf 77' lang='lat' dir='ltr'><strong>cacdiunt</strong></span> <span class='ocrx_word' id='word_1_313' title='bbox 183 2986 296 3032; x_wconf 87' lang='lat' dir='ltr'><strong>ccccm</strong></span> <span class='ocrx_word' id='word_1_314' title='bbox 307 2969 501 3035; x_wconf 85' lang='lat' dir='ltr'><strong>olteoerom,</strong></span> <span class='ocrx_word' id='word_1_315' title='bbox 514 2968 555 3025; x_wconf 93' lang='lat' dir='ltr'><strong>el:</strong></span> <span class='ocrx_word' id='word_1_316' title='bbox 572 2956 728 3021; x_wconf 84' lang='lat' dir='ltr'><strong>Attendite</strong></span> <span class='ocrx_word' id='word_1_317' title='bbox 750 2972 771 3017; x_wconf 88' lang='lat' dir='ltr'><strong>c</strong></span> <span class='ocrx_word' id='word_1_318' title='bbox 795 2952 888 3029; x_wconf 76' lang='lat' dir='ltr'><strong>toleio</strong></span> <span class='ocrx_word' id='word_1_319' title='bbox 1681 2999 1685 3006; x_wconf 80' lang='grc'>,</span> 
     </span>
     <span class='ocr_line' id='line_1_33' title="bbox 23 3005 1790 3132; baseline -0.023 -18"><span class='ocrx_word' id='word_1_320' title='bbox 23 3053 203 3132; x_wconf 58' lang='lat' dir='ltr'><strong>prophetie</strong></span> <span class='ocrx_word' id='word_1_321' title='bbox 216 3054 328 3114; x_wconf 90' lang='lat' dir='ltr'><strong>decent</strong></span> <span class='ocrx_word' id='word_1_322' title='bbox 342 3048 455 3112; x_wconf 89' lang='lat' dir='ltr'><strong>debere</strong></span> <span class='ocrx_word' id='word_1_323' title='bbox 471 3060 579 3108; x_wconf 89' lang='lat' dir='ltr'><strong>omnes</strong></span> <span class='ocrx_word' id='word_1_324' title='bbox 595 3042 736 3103; x_wconf 89' lang='lat' dir='ltr'><strong>homines</strong></span> <span class='ocrx_word' id='word_1_325' title='bbox 748 3036 887 3116; x_wconf 78' lang='lat' dir='ltr'><strong>judicare</strong></span> <span class='ocrx_word' id='word_1_326' title='bbox 932 3025 1023 3085; x_wconf 67' lang='lat' dir='ltr'><strong>felle·</strong></span> <span class='ocrx_word' id='word_1_327' title='bbox 1040 3020 1103 3081; x_wconf 79' lang='grc' dir='ltr'>Νθῐι</span> <span class='ocrx_word' id='word_1_328' title='bbox 1129 3015 1304 3093; x_wconf 64' lang='grc' dir='ltr'><strong>(ιιιιθιίιῃιιῧ</strong></span> <span class='ocrx_word' id='word_1_329' title='bbox 1332 3016 1446 3068; x_wconf 61' lang='lat' dir='ltr'><strong>illim·</strong></span> <span class='ocrx_word' id='word_1_330' title='bbox 1475 3018 1512 3060; x_wconf 90' lang='lat' dir='ltr'><strong>an</strong></span> <span class='ocrx_word' id='word_1_331' title='bbox 1540 3005 1669 3077; x_wconf 64' lang='lat' dir='ltr'><strong>90⁰⁰em</strong></span> <span class='ocrx_word' id='word_1_332' title='bbox 1691 3013 1790 3059; x_wconf 66' lang='lat' dir='ltr'><strong>Sissfi·</strong></span> 
     </span>
    </p>
   </div>
   <div class='ocr_carea' id='block_1_10' title="bbox 26 3079 1794 3296">
    <p class='ocr_par' dir='ltr' id='par_1_12' title="bbox 26 3079 1794 3296">
     <span class='ocr_line' id='line_1_34' title="bbox 26 3079 1794 3215; baseline -0.031 -23"><span class='ocrx_word' id='word_1_333' title='bbox 26 3142 61 3193; x_wconf 82' lang='lat' dir='ltr'><strong>aa</strong></span> <span class='ocrx_word' id='word_1_334' title='bbox 75 3134 353 3215; x_wconf 74' lang='lat' dir='ltr'><strong>dogmatibusuou</strong></span> <span class='ocrx_word' id='word_1_335' title='bbox 369 3131 491 3212; x_wconf 91' lang='lat' dir='ltr'><strong>quidem</strong></span> <span class='ocrx_word' id='word_1_336' title='bbox 508 3122 709 3194; x_wconf 80' lang='lat' dir='ltr'><strong>exoninando</strong></span> <span class='ocrx_word' id='word_1_337' title='bbox 725 3120 774 3180; x_wconf 89' lang='lat' dir='ltr'><strong>ilia</strong></span> <span class='ocrx_word' id='word_1_338' title='bbox 788 3121 824 3180; x_wconf 89' lang='lat' dir='ltr'><strong>ad</strong></span> <span class='ocrx_word' id='word_1_339' title='bbox 841 3133 887 3180; x_wconf 89' lang='lat' dir='ltr'><strong>re·</strong></span> <span class='ocrx_word' id='word_1_340' title='bbox 931 3111 1031 3168; x_wconf 85' lang='lat' dir='ltr'><strong>menta</strong></span> <span class='ocrx_word' id='word_1_341' title='bbox 1047 3099 1246 3164; x_wconf 85' lang='lat' dir='ltr'><strong>conterendo:</strong></span> <span class='ocrx_word' id='word_1_342' title='bbox 1262 3096 1319 3155; x_wconf 90' lang='lat' dir='ltr'><strong>isio</strong></span> <span class='ocrx_word' id='word_1_343' title='bbox 1334 3090 1416 3152; x_wconf 91' lang='lat' dir='ltr'><strong>enirn</strong></span> <span class='ocrx_word' id='word_1_344' title='bbox 1433 3091 1492 3180; x_wconf 66' lang='lat'><strong>&#39;.&#39;⁵².</strong></span> <span class='ocrx_word' id='word_1_345' title='bbox 1504 3082 1644 3176; x_wconf 84' lang='lat' dir='ltr'><strong>quaestio</strong></span> <span class='ocrx_word' id='word_1_346' title='bbox 1670 3079 1794 3173; x_wconf 75' lang='lat' dir='ltr'><strong>proprie</strong></span> 
     </span>
     <span class='ocr_line' id='line_1_35' title="bbox 26 3164 1794 3296; baseline -0.036 -15"><span class='ocrx_word' id='word_1_347' title='bbox 26 3223 127 3295; x_wconf 81' lang='lat' dir='ltr'><strong>eu&#39;am</strong></span> <span class='ocrx_word' id='word_1_348' title='bbox 146 3218 335 3296; x_wconf 82' lang='lat' dir='ltr'><strong>scripturae,</strong></span> <span class='ocrx_word' id='word_1_349' title='bbox 351 3222 384 3278; x_wconf 90' lang='lat' dir='ltr'><strong>ul</strong></span> <span class='ocrx_word' id='word_1_350' title='bbox 398 3211 541 3276; x_wconf 89' lang='lat' dir='ltr'><strong>baeretici</strong></span> <span class='ocrx_word' id='word_1_351' title='bbox 558 3205 701 3282; x_wconf 79' lang='lat' dir='ltr'><strong>voivvnl3si</strong></span> <span class='ocrx_word' id='word_1_352' title='bbox 714 3201 795 3264; x_wconf 87' lang='lat' dir='ltr'><strong>enim</strong></span> <span class='ocrx_word' id='word_1_353' title='bbox 814 3201 845 3262; x_wconf 88' lang='lat' dir='ltr'><strong>id</strong></span> <span class='ocrx_word' id='word_1_354' title='bbox 856 3217 887 3260; x_wconf 90' lang='lat' dir='ltr'><strong>o·</strong></span> <span class='ocrx_word' id='word_1_355' title='bbox 932 3185 1135 3268; x_wconf 65' lang='lat' dir='ltr'><strong>scholasticae</strong></span> <span class='ocrx_word' id='word_1_356' title='bbox 1151 3181 1206 3244; x_wconf 92' lang='lat' dir='ltr'><strong>sed</strong></span> <span class='ocrx_word' id='word_1_357' title='bbox 1233 3183 1348 3239; x_wconf 88' lang='lat' dir='ltr'><strong>tantum</strong></span> <span class='ocrx_word' id='word_1_358' title='bbox 1364 3189 1401 3233; x_wconf 88' lang='lat' dir='ltr'><strong>an</strong></span> <span class='ocrx_word' id='word_1_359' title='bbox 1417 3174 1458 3237; x_wconf 73' lang='grc' dir='ltr'><strong>ιιι</strong></span> <span class='ocrx_word' id='word_1_360' title='bbox 1486 3172 1615 3233; x_wconf 81' lang='lat' dir='ltr'><strong>arratum,</strong></span> <span class='ocrx_word' id='word_1_361' title='bbox 1645 3164 1794 3237; x_wconf 83' lang='lat' dir='ltr'><strong>quidquid</strong></span> 
     </span>
    </p>
   </div>
   <div class='ocr_carea' id='block_1_11' title="bbox 28 3247 1796 3496">
    <p class='ocr_par' dir='ltr' id='par_1_13' title="bbox 28 3247 1796 3496">
     <span class='ocr_line' id='line_1_36' title="bbox 28 3247 1796 3380; baseline -0.04 -20"><span class='ocrx_word' id='word_1_362' title='bbox 28 3319 115 3363; x_wconf 75' lang='lat' dir='ltr'><strong>vernes</strong></span> <span class='ocrx_word' id='word_1_363' title='bbox 131 3301 235 3363; x_wconf 81' lang='lat' dir='ltr'><strong>tacere</strong></span> <span class='ocrx_word' id='word_1_364' title='bbox 253 3305 391 3380; x_wconf 91' lang='lat' dir='ltr'><strong>possent,</strong></span> <span class='ocrx_word' id='word_1_365' title='bbox 407 3311 469 3358; x_wconf 88' lang='lat' dir='ltr'><strong>noc</strong></span> <span class='ocrx_word' id='word_1_366' title='bbox 485 3298 569 3363; x_wconf 86' lang='lat' dir='ltr'><strong>esset</strong></span> <span class='ocrx_word' id='word_1_367' title='bbox 580 3309 658 3368; x_wconf 88' lang='lat' dir='ltr'><strong>opos</strong></span> <span class='ocrx_word' id='word_1_368' title='bbox 670 3285 843 3366; x_wconf 87' lang='lat' dir='ltr'><strong>pastoribus</strong></span> <span class='ocrx_word' id='word_1_369' title='bbox 859 3289 889 3344; x_wconf 84' lang='lat' dir='ltr'><strong>et</strong></span> <span class='ocrx_word' id='word_1_370' title='bbox 931 3273 1046 3334; x_wconf 85' lang='lat' dir='ltr'><strong>laciural</strong></span> <span class='ocrx_word' id='word_1_371' title='bbox 1061 3266 1214 3332; x_wconf 77' lang='lat' dir='ltr'><strong>infideles,</strong></span> <span class='ocrx_word' id='word_1_372' title='bbox 1230 3266 1281 3322; x_wconf 91' lang='lat' dir='ltr'><strong>aul</strong></span> <span class='ocrx_word' id='word_1_373' title='bbox 1295 3254 1426 3336; x_wconf 90' lang='lat' dir='ltr'><strong>improbi</strong></span> <span class='ocrx_word' id='word_1_374' title='bbox 1443 3248 1596 3340; x_wconf 78' lang='lat' dir='ltr'><strong>homines,</strong></span> <span class='ocrx_word' id='word_1_375' title='bbox 1623 3247 1743 3307; x_wconf 83' lang='lat' dir='ltr'><strong>etiamsi</strong></span> <span class='ocrx_word' id='word_1_376' title='bbox 1765 3263 1796 3304; x_wconf 89' lang='lat' dir='ltr'><strong>a.</strong></span> 
     </span>
     <span class='ocr_line' id='line_1_37' title="bbox 804 3327 1796 3434; baseline -0.04 -7"><span class='ocrx_word' id='word_1_377' title='bbox 804 3364 888 3432; x_wconf 89' lang='lat' dir='ltr'><strong>ddo·</strong></span> <span class='ocrx_word' id='word_1_378' title='bbox 933 3354 1029 3434; x_wconf 91' lang='lat' dir='ltr'><strong>iioqui</strong></span> <span class='ocrx_word' id='word_1_379' title='bbox 1046 3349 1182 3429; x_wconf 77' lang='lat' dir='ltr'><strong>legitime</strong></span> <span class='ocrx_word' id='word_1_380' title='bbox 1196 3341 1325 3406; x_wconf 86' lang='lat' dir='ltr'><strong>ordinali</strong></span> <span class='ocrx_word' id='word_1_381' title='bbox 1341 3338 1404 3400; x_wconf 89' lang='lat' dir='ltr'><strong>sivit</strong></span> <span class='ocrx_word' id='word_1_382' title='bbox 1419 3333 1589 3411; x_wconf 71' lang='lat' dir='ltr'><strong>presbyten</strong></span> <span class='ocrx_word' id='word_1_383' title='bbox 1601 3335 1653 3390; x_wconf 91' lang='lat' dir='ltr'><strong>aut</strong></span> <span class='ocrx_word' id='word_1_384' title='bbox 1676 3327 1796 3396; x_wconf 87' lang='lat' dir='ltr'><strong>episeo-</strong></span> 
     </span>
     <span class='ocr_line' id='line_1_38' title="bbox 1097 3411 1796 3496; baseline -0.036 -3"><span class='ocrx_word' id='word_1_385' title='bbox 1097 3435 1115 3493; x_wconf 91' lang='lat' dir='ltr'><strong>ii</strong></span> <span class='ocrx_word' id='word_1_386' title='bbox 1131 3429 1269 3492; x_wconf 88' lang='lat' dir='ltr'><strong>omittunt</strong></span> <span class='ocrx_word' id='word_1_387' title='bbox 1285 3438 1405 3488; x_wconf 89' lang='lat' dir='ltr'><strong>eorum,</strong></span> <span class='ocrx_word' id='word_1_388' title='bbox 1421 3415 1472 3496; x_wconf 91' lang='lat' dir='ltr'><strong>qui</strong></span> <span class='ocrx_word' id='word_1_389' title='bbox 1485 3414 1521 3474; x_wconf 87' lang='lat' dir='ltr'><strong>ad</strong></span> <span class='ocrx_word' id='word_1_390' title='bbox 1534 3411 1735 3475; x_wconf 82' lang='lat' dir='ltr'><strong>substantiam</strong></span> <span class='ocrx_word' id='word_1_391' title='bbox 1749 3426 1796 3471; x_wconf 90' lang='lat' dir='ltr'><strong>sa-</strong></span> 
     </span>
    </p>
   </div>
   <div class='ocr_carea' id='block_1_12' title="bbox 930 2665 1792 3014">
    <p class='ocr_par' dir='ltr' id='par_1_14' title="bbox 930 2665 1792 3014">
     <span class='ocr_line' id='line_1_39' title="bbox 972 2665 1792 2768; baseline -0.034 -14"><span class='ocrx_word' id='word_1_392' title='bbox 972 2689 1117 2768; x_wconf 88' lang='lat' dir='ltr'><strong>Sequiiur</strong></span> <span class='ocrx_word' id='word_1_393' title='bbox 1131 2685 1217 2747; x_wconf 86' lang='lat' dir='ltr'><strong>tertia</strong></span> <span class='ocrx_word' id='word_1_394' title='bbox 1232 2678 1372 2761; x_wconf 86' lang='lat' dir='ltr'><strong>quaestio</strong></span> <span class='ocrx_word' id='word_1_395' title='bbox 1387 2675 1426 2735; x_wconf 87' lang='lat' dir='ltr'><strong>de</strong></span> <span class='ocrx_word' id='word_1_396' title='bbox 1441 2668 1638 2749; x_wconf 89' lang='lat' dir='ltr'><strong>qualitalibus</strong></span> <span class='ocrx_word' id='word_1_397' title='bbox 1661 2665 1792 2727; x_wconf 87' lang='lat' dir='ltr'><strong>ministri</strong></span> 
     </span>
     <span class='ocr_line' id='line_1_40' title="bbox 930 2748 1789 2837; baseline -0.033 0"><span class='ocrx_word' id='word_1_398' title='bbox 930 2773 1306 2837; x_wconf 86' lang='lat' dir='ltr'><strong>sacramentorum,ulrum</strong></span> <span class='ocrx_word' id='word_1_399' title='bbox 1321 2759 1493 2835; x_wconf 87' lang='lat' dir='ltr'><strong>requiratur</strong></span> <span class='ocrx_word' id='word_1_400' title='bbox 1509 2752 1688 2811; x_wconf 88' lang='lat' dir='ltr'><strong>necessario</strong></span> <span class='ocrx_word' id='word_1_401' title='bbox 1699 2748 1789 2821; x_wconf 79' lang='lat' dir='ltr'><strong>iideS,</strong></span> 
     </span>
     <span class='ocr_line' id='line_1_41' title="bbox 930 2832 1789 2926; baseline -0.034 -7"><span class='ocrx_word' id='word_1_402' title='bbox 930 2866 981 2919; x_wconf 94' lang='lat' dir='ltr'><strong>aul</strong></span> <span class='ocrx_word' id='word_1_403' title='bbox 995 2856 1136 2926; x_wconf 90' lang='lat' dir='ltr'><strong>charitas,</strong></span> <span class='ocrx_word' id='word_1_404' title='bbox 1154 2853 1191 2910; x_wconf 90' lang='lat' dir='ltr'><strong>ila</strong></span> <span class='ocrx_word' id='word_1_405' title='bbox 1208 2856 1240 2909; x_wconf 91' lang='lat' dir='ltr'><strong>ut</strong></span> <span class='ocrx_word' id='word_1_406' title='bbox 1256 2840 1413 2915; x_wconf 83' lang='lat' dir='ltr'><strong>haeretici,</strong></span> <span class='ocrx_word' id='word_1_407' title='bbox 1440 2836 1594 2901; x_wconf 89' lang='lat' dir='ltr'><strong>intidaies,</strong></span> <span class='ocrx_word' id='word_1_408' title='bbox 1619 2832 1789 2893; x_wconf 86' lang='lat' dir='ltr'><strong>schismati·</strong></span> 
     </span>
     <span class='ocr_line' id='line_1_42' title="bbox 931 2921 1792 3014; baseline -0.036 -11"><span class='ocrx_word' id='word_1_409' title='bbox 931 2943 971 3011; x_wconf 87' lang='lat' dir='ltr'><strong>el,</strong></span> <span class='ocrx_word' id='word_1_410' title='bbox 990 2936 1121 3014; x_wconf 89' lang='lat' dir='ltr'><strong>improbi</strong></span> <span class='ocrx_word' id='word_1_411' title='bbox 1137 2929 1278 2994; x_wconf 87' lang='lat' dir='ltr'><strong>catholici</strong></span> <span class='ocrx_word' id='word_1_412' title='bbox 1295 2943 1354 2987; x_wconf 91' lang='lat' dir='ltr'><strong>non</strong></span> <span class='ocrx_word' id='word_1_413' title='bbox 1368 2923 1491 3001; x_wconf 88' lang='lat' dir='ltr'><strong>possint</strong></span> <span class='ocrx_word' id='word_1_414' title='bbox 1505 2921 1695 2977; x_wconf 78' lang='lat' dir='ltr'><strong>ovcrvvmenra</strong></span> <span class='ocrx_word' id='word_1_415' title='bbox 1719 2930 1792 2975; x_wconf 88' lang='lat' dir='ltr'><strong>con-</strong></span> 
     </span>
    </p>
   </div>
   <div class='ocr_carea' id='block_1_13' title="bbox 27 3368 1092 3534">
    <p class='ocr_par' dir='ltr' id='par_1_15' title="bbox 27 3368 1092 3534">
     <span class='ocr_line' id='line_1_43' title="bbox 27 3368 802 3453; baseline -0.022 -10"><span class='ocrx_word' id='word_1_416' title='bbox 27 3384 209 3446; x_wconf 88' lang='lat' dir='ltr'><strong>doctoribus</strong></span> <span class='ocrx_word' id='word_1_417' title='bbox 224 3383 259 3444; x_wconf 94' lang='lat' dir='ltr'><strong>in</strong></span> <span class='ocrx_word' id='word_1_418' title='bbox 272 3380 421 3453; x_wconf 88' lang='lat' dir='ltr'><strong>Ecclesia,</strong></span> <span class='ocrx_word' id='word_1_419' title='bbox 437 3377 492 3440; x_wconf 87' lang='lat' dir='ltr'><strong>sed</strong></span> <span class='ocrx_word' id='word_1_420' title='bbox 507 3371 709 3439; x_wconf 86' lang='lat' dir='ltr'><strong>examinando</strong></span> <span class='ocrx_word' id='word_1_421' title='bbox 721 3368 770 3429; x_wconf 88' lang='lat' dir='ltr'><strong>illa</strong></span> <span class='ocrx_word' id='word_1_422' title='bbox 786 3384 802 3427; x_wconf 90' lang='lat' dir='ltr'><strong>a</strong></span> 
     </span>
     <span class='ocr_line' id='line_1_44' title="bbox 28 3436 1092 3534; baseline -0.025 -7"><span class='ocrx_word' id='word_1_423' title='bbox 28 3467 159 3528; x_wconf 88' lang='lat' dir='ltr'><strong>clriuam</strong></span> <span class='ocrx_word' id='word_1_424' title='bbox 175 3470 264 3527; x_wconf 88' lang='lat' dir='ltr'><strong>antea</strong></span> <span class='ocrx_word' id='word_1_425' title='bbox 292 3464 440 3534; x_wconf 89' lang='lat' dir='ltr'><strong>traditam,</strong></span> <span class='ocrx_word' id='word_1_426' title='bbox 454 3466 485 3522; x_wconf 89' lang='lat' dir='ltr'><strong>ei</strong></span> <span class='ocrx_word' id='word_1_427' title='bbox 505 3458 542 3520; x_wconf 90' lang='lat' dir='ltr'><strong>ad</strong></span> <span class='ocrx_word' id='word_1_428' title='bbox 568 3454 737 3518; x_wconf 90' lang='lat' dir='ltr'><strong>doctrinam</strong></span> <span class='ocrx_word' id='word_1_429' title='bbox 761 3448 889 3510; x_wconf 89' lang='lat' dir='ltr'><strong>aliorum</strong></span> <span class='ocrx_word' id='word_1_430' title='bbox 934 3439 977 3517; x_wconf 81' lang='lat' dir='ltr'><strong>pi.</strong></span> <span class='ocrx_word' id='word_1_431' title='bbox 994 3443 1026 3498; x_wconf 92' lang='lat' dir='ltr'><strong>el</strong></span> <span class='ocrx_word' id='word_1_432' title='bbox 1040 3436 1092 3496; x_wconf 86' lang='lat' dir='ltr'><strong>nih</strong></span> 
     </span>
    </p>
   </div>
   <div class='ocr_carea' id='block_1_14' title="bbox 28 3512 1796 3698">
    <p class='ocr_par' dir='ltr' id='par_1_16' title="bbox 28 3512 1796 3698">
     <span class='ocr_line' id='line_1_45' title="bbox 28 3512 1337 3626; baseline -0.034 -17"><span class='ocrx_word' id='word_1_433' title='bbox 28 3555 201 3626; x_wconf 85' lang='lat' dir='ltr'><strong>pastorum.</strong></span> <span class='ocrx_word' id='word_1_434' title='bbox 217 3546 319 3610; x_wconf 85' lang='lat' dir='ltr'><strong>Eaeiie</strong></span> <span class='ocrx_word' id='word_1_435' title='bbox 335 3547 417 3608; x_wconf 90' lang='lat' dir='ltr'><strong>cnim</strong></span> <span class='ocrx_word' id='word_1_436' title='bbox 432 3545 563 3623; x_wconf 89' lang='lat' dir='ltr'><strong>possunt</strong></span> <span class='ocrx_word' id='word_1_437' title='bbox 575 3539 684 3602; x_wconf 86' lang='lat' dir='ltr'><strong>omnes</strong></span> <span class='ocrx_word' id='word_1_438' title='bbox 696 3532 890 3614; x_wconf 71' lang='lat' dir='ltr'><strong>judiearean</strong></span> <span class='ocrx_word' id='word_1_439' title='bbox 934 3523 1156 3584; x_wconf 87' lang='lat' dir='ltr'><strong>erameniorum</strong></span> <span class='ocrx_word' id='word_1_440' title='bbox 1172 3512 1337 3589; x_wconf 90' lang='lat' dir='ltr'><strong>portinent.</strong></span> 
     </span>
     <span class='ocr_line' id='line_1_46' title="bbox 29 3578 1796 3698; baseline -0.033 -8"><span class='ocrx_word' id='word_1_441' title='bbox 29 3631 169 3693; x_wconf 89' lang='lat' dir='ltr'><strong>doctrina</strong></span> <span class='ocrx_word' id='word_1_442' title='bbox 184 3630 227 3692; x_wconf 92' lang='lat' dir='ltr'><strong>sit</strong></span> <span class='ocrx_word' id='word_1_443' title='bbox 241 3647 328 3698; x_wconf 89' lang='lat' dir='ltr'><strong>nova.</strong></span> <span class='ocrx_word' id='word_1_444' title='bbox 345 3635 375 3690; x_wconf 93' lang='lat' dir='ltr'><strong>el</strong></span> <span class='ocrx_word' id='word_1_445' title='bbox 388 3637 459 3690; x_wconf 88' lang='lat' dir='ltr'><strong>iuno</strong></span> <span class='ocrx_word' id='word_1_446' title='bbox 486 3640 552 3686; x_wconf 87' lang='lat' dir='ltr'><strong>earn</strong></span> <span class='ocrx_word' id='word_1_447' title='bbox 577 3627 753 3698; x_wconf 88' lang='lat' dir='ltr'><strong>suspectam</strong></span> <span class='ocrx_word' id='word_1_448' title='bbox 779 3613 891 3676; x_wconf 86' lang='lat' dir='ltr'><strong>habere</strong></span> <span class='ocrx_word' id='word_1_449' title='bbox 975 3593 1288 3664; x_wconf 83' lang='lat' dir='ltr'><strong>Porrecootroversia</strong></span> <span class='ocrx_word' id='word_1_450' title='bbox 1304 3590 1344 3648; x_wconf 91' lang='lat' dir='ltr'><strong>de</strong></span> <span class='ocrx_word' id='word_1_451' title='bbox 1372 3585 1428 3644; x_wconf 90' lang='lat' dir='ltr'><strong>hac</strong></span> <span class='ocrx_word' id='word_1_452' title='bbox 1454 3596 1486 3639; x_wconf 85' lang='lat' dir='ltr'><strong>rc</strong></span> <span class='ocrx_word' id='word_1_453' title='bbox 1517 3578 1611 3642; x_wconf 76' lang='lat' dir='ltr'><strong>nialla,</strong></span> <span class='ocrx_word' id='word_1_454' title='bbox 1638 3581 1690 3636; x_wconf 88' lang='lat' dir='ltr'><strong>aut</strong></span> <span class='ocrx_word' id='word_1_455' title='bbox 1716 3591 1796 3652; x_wconf 89' lang='lat' dir='ltr'><strong>pene</strong></span> 
     </span>
    </p>
   </div>
   <div class='ocr_carea' id='block_1_15' title="bbox 29 3657 1797 3775">
    <p class='ocr_par' dir='ltr' id='par_1_17' title="bbox 29 3657 1797 3775">
     <span class='ocr_line' id='line_1_47' title="bbox 29 3657 1797 3775; baseline -0.032 -3"><span class='ocrx_word' id='word_1_456' title='bbox 29 3715 160 3774; x_wconf 89' lang='lat' dir='ltr'><strong>debent.</strong></span> <span class='ocrx_word' id='word_1_457' title='bbox 176 3713 333 3774; x_wconf 86' lang='lat' dir='ltr'><strong>Praeterea</strong></span> <span class='ocrx_word' id='word_1_458' title='bbox 351 3709 498 3772; x_wconf 86' lang='lat' dir='ltr'><strong>Dominus</strong></span> <span class='ocrx_word' id='word_1_459' title='bbox 513 3705 644 3775; x_wconf 89' lang='lat' dir='ltr'><strong>alienos,</strong></span> <span class='ocrx_word' id='word_1_460' title='bbox 660 3709 689 3764; x_wconf 90' lang='lat' dir='ltr'><strong>el</strong></span> <span class='ocrx_word' id='word_1_461' title='bbox 701 3699 794 3762; x_wconf 88' lang='lat' dir='ltr'><strong>ialsos</strong></span> <span class='ocrx_word' id='word_1_462' title='bbox 822 3711 892 3774; x_wconf 90' lang='lat' dir='ltr'><strong>pro·</strong></span> <span class='ocrx_word' id='word_1_463' title='bbox 934 3685 1019 3748; x_wconf 90' lang='lat' dir='ltr'><strong>nulla</strong></span> <span class='ocrx_word' id='word_1_464' title='bbox 1034 3683 1094 3744; x_wconf 93' lang='lat' dir='ltr'><strong>boc</strong></span> <span class='ocrx_word' id='word_1_465' title='bbox 1108 3687 1246 3755; x_wconf 89' lang='lat' dir='ltr'><strong>tempore</strong></span> <span class='ocrx_word' id='word_1_466' title='bbox 1260 3687 1331 3735; x_wconf 89' lang='lat' dir='ltr'><strong>esso</strong></span> <span class='ocrx_word' id='word_1_467' title='bbox 1347 3667 1476 3728; x_wconf 88' lang='lat' dir='ltr'><strong>videtur.</strong></span> <span class='ocrx_word' id='word_1_468' title='bbox 1502 3660 1575 3722; x_wconf 79' lang='lat' dir='ltr'><strong>Earn</strong></span> <span class='ocrx_word' id='word_1_469' title='bbox 1602 3661 1659 3720; x_wconf 92' lang='lat' dir='ltr'><strong>etsi</strong></span> <span class='ocrx_word' id='word_1_470' title='bbox 1685 3657 1797 3719; x_wconf 81' lang='lat' dir='ltr'><strong>Cotiae-</strong></span> 
     </span>
    </p>
   </div>
   <div class='ocr_carea' id='block_1_16' title="bbox 26 3741 1799 4026">
    <p class='ocr_par' dir='ltr' id='par_1_18' title="bbox 26 3741 1799 4026">
     <span class='ocr_line' id='line_1_48' title="bbox 29 3741 1798 3874; baseline -0.033 -15"><span class='ocrx_word' id='word_1_471' title='bbox 29 3797 143 3874; x_wconf 85' lang='lat' dir='ltr'><strong>phetas</strong></span> <span class='ocrx_word' id='word_1_472' title='bbox 158 3811 223 3857; x_wconf 91' lang='lat' dir='ltr'><strong>non</strong></span> <span class='ocrx_word' id='word_1_473' title='bbox 238 3801 323 3858; x_wconf 82' lang='lat' dir='ltr'><strong>vocat</strong></span> <span class='ocrx_word' id='word_1_474' title='bbox 337 3789 507 3856; x_wconf 90' lang='lat' dir='ltr'><strong>ordinaries</strong></span> <span class='ocrx_word' id='word_1_475' title='bbox 523 3794 673 3868; x_wconf 73' lang='lat' dir='ltr'><strong>pastores</strong></span> <span class='ocrx_word' id='word_1_476' title='bbox 691 3781 746 3845; x_wconf 91' lang='lat' dir='ltr'><strong>sed</strong></span> <span class='ocrx_word' id='word_1_477' title='bbox 762 3784 892 3842; x_wconf 85' lang='lat' dir='ltr'><strong>extraor·</strong></span> <span class='ocrx_word' id='word_1_478' title='bbox 935 3785 989 3831; x_wconf 87' lang='lat' dir='ltr'><strong>rus</strong></span> <span class='ocrx_word' id='word_1_479' title='bbox 1004 3763 1166 3844; x_wconf 84' lang='lat' dir='ltr'><strong>aliquoties</strong></span> <span class='ocrx_word' id='word_1_480' title='bbox 1180 3760 1272 3824; x_wconf 91' lang='lat' dir='ltr'><strong>drcal,</strong></span> <span class='ocrx_word' id='word_1_481' title='bbox 1288 3751 1432 3831; x_wconf 90' lang='lat' dir='ltr'><strong>spiritum</strong></span> <span class='ocrx_word' id='word_1_482' title='bbox 1445 3743 1569 3809; x_wconf 84' lang='lat' dir='ltr'><strong>Christi.</strong></span> <span class='ocrx_word' id='word_1_483' title='bbox 1585 3741 1798 3834; x_wconf 76' lang='lat' dir='ltr'><strong>qoirecipilur</strong></span> 
     </span>
     <span class='ocr_line' id='line_1_49' title="bbox 28 3823 1799 3957; baseline -0.033 -18"><span class='ocrx_word' id='word_1_484' title='bbox 28 3879 181 3950; x_wconf 84' lang='lat' dir='ltr'><strong>dinarios,</strong></span> <span class='ocrx_word' id='word_1_485' title='bbox 197 3877 249 3956; x_wconf 94' lang='lat' dir='ltr'><strong>qui</strong></span> <span class='ocrx_word' id='word_1_486' title='bbox 266 3893 370 3957; x_wconf 88' lang='lat' dir='ltr'><strong>perse</strong></span> <span class='ocrx_word' id='word_1_487' title='bbox 385 3874 521 3947; x_wconf 88' lang='lat' dir='ltr'><strong>venient,</strong></span> <span class='ocrx_word' id='word_1_488' title='bbox 548 3878 581 3932; x_wconf 93' lang='lat' dir='ltr'><strong>al</strong></span> <span class='ocrx_word' id='word_1_489' title='bbox 609 3871 758 3930; x_wconf 84' lang='lat' dir='ltr'><strong>uenerunt</strong></span> <span class='ocrx_word' id='word_1_490' title='bbox 784 3875 893 3926; x_wconf 83' lang='lat' dir='ltr'><strong>ornnes</strong></span> <span class='ocrx_word' id='word_1_491' title='bbox 937 3852 967 3912; x_wconf 93' lang='lat' dir='ltr'><strong>in</strong></span> <span class='ocrx_word' id='word_1_492' title='bbox 983 3849 1138 3927; x_wconf 86' lang='lat' dir='ltr'><strong>Baptismo</strong></span> <span class='ocrx_word' id='word_1_493' title='bbox 1154 3856 1226 3902; x_wconf 87' lang='lat' dir='ltr'><strong>csse</strong></span> <span class='ocrx_word' id='word_1_494' title='bbox 1250 3836 1483 3899; x_wconf 76' lang='lat' dir='ltr'><strong>tundamentum</strong></span> <span class='ocrx_word' id='word_1_495' title='bbox 1508 3829 1669 3903; x_wconf 78' lang='lat' dir='ltr'><strong>potestatis</strong></span> <span class='ocrx_word' id='word_1_496' title='bbox 1693 3823 1799 3884; x_wconf 87' lang='lat' dir='ltr'><strong>conte·</strong></span> 
     </span>
     <span class='ocr_line' id='line_1_50' title="bbox 26 3907 1798 4026; baseline -0.036 -4"><span class='ocrx_word' id='word_1_497' title='bbox 26 3961 189 4024; x_wconf 83' lang='lat' dir='ltr'><strong>baeretici.</strong></span> <span class='ocrx_word' id='word_1_498' title='bbox 530 4019 536 4026; x_wconf 53' lang='grc'>,</span> <span class='ocrx_word' id='word_1_499' title='bbox 937 3933 1102 3996; x_wconf 84' lang='lat' dir='ltr'><strong>vendanum</strong></span> <span class='ocrx_word' id='word_1_500' title='bbox 1117 3927 1390 3989; x_wconf 84' lang='lat' dir='ltr'><strong>sacramentorum.</strong></span> <span class='ocrx_word' id='word_1_501' title='bbox 1407 3929 1442 3974; x_wconf 86' lang='lat' dir='ltr'><strong>ev</strong></span> <span class='ocrx_word' id='word_1_502' title='bbox 1458 3927 1520 3987; x_wconf 92' lang='lat' dir='ltr'><strong>quo</strong></span> <span class='ocrx_word' id='word_1_503' title='bbox 1533 3909 1688 3985; x_wconf 78' lang='lat' dir='ltr'><strong>senullur,</strong></span> <span class='ocrx_word' id='word_1_504' title='bbox 1712 3907 1798 3966; x_wconf 83' lang='lat' dir='ltr'><strong>solos</strong></span> 
     </span>
    </p>
   </div>
   <div class='ocr_carea' id='block_1_17' title="bbox 27 3988 1798 4202">
    <p class='ocr_par' dir='ltr' id='par_1_19' title="bbox 27 3988 1798 4202">
     <span class='ocr_line' id='line_1_51' title="bbox 68 3988 1798 4114; baseline -0.033 -10"><span class='ocrx_word' id='word_1_505' title='bbox 68 4044 152 4106; x_wconf 91' lang='lat' dir='ltr'><strong>iilud</strong></span> <span class='ocrx_word' id='word_1_506' title='bbox 168 4047 282 4106; x_wconf 88' lang='lat' dir='ltr'><strong>autem:</strong></span> <span class='ocrx_word' id='word_1_507' title='bbox 299 4041 336 4104; x_wconf 81' lang='lat' dir='ltr'><strong>st</strong></span> <span class='ocrx_word' id='word_1_508' title='bbox 348 4036 660 4104; x_wconf 83' lang='lat' dir='ltr'><strong>sedentirecelnlom</strong></span> <span class='ocrx_word' id='word_1_509' title='bbox 671 3993 780 4114; x_wconf 60' lang='lat' dir='ltr'><strong>luerit.</strong></span> <span class='ocrx_word' id='word_1_510' title='bbox 801 4027 894 4105; x_wconf 84' lang='lat' dir='ltr'><strong>prior</strong></span> <span class='ocrx_word' id='word_1_511' title='bbox 937 4017 1049 4084; x_wconf 88' lang='lat' dir='ltr'><strong>bonos,</strong></span> <span class='ocrx_word' id='word_1_512' title='bbox 1061 4009 1115 4094; x_wconf 84' lang='lat' dir='ltr'><strong>qui</strong></span> <span class='ocrx_word' id='word_1_513' title='bbox 1129 4007 1269 4086; x_wconf 90' lang='lat' dir='ltr'><strong>spiritum</strong></span> <span class='ocrx_word' id='word_1_514' title='bbox 1286 3997 1396 4091; x_wconf 81' lang='lat' dir='ltr'><strong>Christi</strong></span> <span class='ocrx_word' id='word_1_515' title='bbox 1420 3993 1546 4086; x_wconf 81' lang='lat' dir='ltr'><strong>habent,</strong></span> <span class='ocrx_word' id='word_1_516' title='bbox 1570 3988 1735 4050; x_wconf 86' lang='lat' dir='ltr'><strong>elliractlcr</strong></span> <span class='ocrx_word' id='word_1_517' title='bbox 1749 4004 1798 4081; x_wconf 82' lang='lat' dir='ltr'><strong>sa·</strong></span> 
     </span>
     <span class='ocr_line' id='line_1_52' title="bbox 27 4071 1795 4202; baseline -0.035 -13"><span class='ocrx_word' id='word_1_518' title='bbox 27 4130 147 4194; x_wconf 81' lang='lat' dir='ltr'><strong>lucebi,</strong></span> <span class='ocrx_word' id='word_1_519' title='bbox 164 4125 195 4187; x_wconf 91' lang='lat' dir='ltr'><strong>iu</strong></span> <span class='ocrx_word' id='word_1_520' title='bbox 210 4141 271 4202; x_wconf 91' lang='lat' dir='ltr'><strong>quo</strong></span> <span class='ocrx_word' id='word_1_521' title='bbox 285 4124 438 4186; x_wconf 83' lang='lat' dir='ltr'><strong>botherus</strong></span> <span class='ocrx_word' id='word_1_522' title='bbox 453 4121 628 4196; x_wconf 88' lang='lat' dir='ltr'><strong>triumphat,</strong></span> <span class='ocrx_word' id='word_1_523' title='bbox 658 4129 719 4178; x_wconf 92' lang='lat' dir='ltr'><strong>non</strong></span> <span class='ocrx_word' id='word_1_524' title='bbox 748 4107 892 4188; x_wconf 83' lang='lat' dir='ltr'><strong>intelligi·</strong></span> <span class='ocrx_word' id='word_1_525' title='bbox 938 4103 1091 4161; x_wconf 86' lang='lat' dir='ltr'><strong>crementa</strong></span> <span class='ocrx_word' id='word_1_526' title='bbox 1106 4089 1259 4154; x_wconf 84' lang='lat' dir='ltr'><strong>conterre:</strong></span> <span class='ocrx_word' id='word_1_527' title='bbox 1276 4091 1377 4145; x_wconf 78' lang='lat' dir='ltr'><strong>minen</strong></span> <span class='ocrx_word' id='word_1_528' title='bbox 1389 4093 1456 4155; x_wconf 80' lang='lat' dir='ltr'><strong>ipso</strong></span> <span class='ocrx_word' id='word_1_529' title='bbox 1469 4074 1553 4135; x_wconf 82' lang='lat' dir='ltr'><strong>roem</strong></span> <span class='ocrx_word' id='word_1_530' title='bbox 1562 4079 1668 4150; x_wconf 84' lang='lat' dir='ltr'><strong>postca</strong></span> <span class='ocrx_word' id='word_1_531' title='bbox 1679 4071 1795 4139; x_wconf 81' lang='lat' dir='ltr'><strong>docuit,</strong></span> 
     </span>
    </p>
   </div>
   <div class='ocr_carea' id='block_1_18' title="bbox 31 4154 1799 4280">
    <p class='ocr_par' dir='ltr' id='par_1_20' title="bbox 31 4154 1799 4280">
     <span class='ocr_line' id='line_1_53' title="bbox 31 4154 1799 4280; baseline -0.031 -12"><span class='ocrx_word' id='word_1_532' title='bbox 31 4217 92 4279; x_wconf 91' lang='lat' dir='ltr'><strong>tur,</strong></span> <span class='ocrx_word' id='word_1_533' title='bbox 110 4207 172 4270; x_wconf 92' lang='lat' dir='ltr'><strong>nisi</strong></span> <span class='ocrx_word' id='word_1_534' title='bbox 189 4208 220 4269; x_wconf 93' lang='lat' dir='ltr'><strong>in</strong></span> <span class='ocrx_word' id='word_1_535' title='bbox 235 4205 453 4270; x_wconf 88' lang='lat' dir='ltr'><strong>collationibus</strong></span> <span class='ocrx_word' id='word_1_536' title='bbox 466 4201 661 4280; x_wconf 89' lang='lat' dir='ltr'><strong>quibusdam,</strong></span> <span class='ocrx_word' id='word_1_537' title='bbox 678 4191 840 4274; x_wconf 90' lang='lat' dir='ltr'><strong>dequibus</strong></span> <span class='ocrx_word' id='word_1_538' title='bbox 855 4206 893 4251; x_wconf 90' lang='lat' dir='ltr'><strong>cu</strong></span> <span class='ocrx_word' id='word_1_539' title='bbox 911 4189 912 4192; x_wconf 76' lang='grc'>’</span> <span class='ocrx_word' id='word_1_540' title='bbox 939 4183 1015 4243; x_wconf 89' lang='lat' dir='ltr'><strong>adeo</strong></span> <span class='ocrx_word' id='word_1_541' title='bbox 1032 4194 1092 4240; x_wconf 91' lang='lat' dir='ltr'><strong>uon</strong></span> <span class='ocrx_word' id='word_1_542' title='bbox 1107 4171 1221 4246; x_wconf 89' lang='lat' dir='ltr'><strong>requiri</strong></span> <span class='ocrx_word' id='word_1_543' title='bbox 1235 4169 1409 4236; x_wconf 74' lang='lat' dir='ltr'><strong>lidem‘aut</strong></span> <span class='ocrx_word' id='word_1_544' title='bbox 1423 4157 1603 4237; x_wconf 84' lang='lat' dir='ltr'><strong>probitatem</strong></span> <span class='ocrx_word' id='word_1_545' title='bbox 1618 4154 1799 4223; x_wconf 59' lang='lat' dir='ltr'><strong>ministrant</strong></span> 
     </span>
    </p>
   </div>
   <div class='ocr_carea' id='block_1_19' title="bbox 28 4235 1824 4368">
    <p class='ocr_par' dir='ltr' id='par_1_21' title="bbox 28 4235 1824 4368">
     <span class='ocr_line' id='line_1_54' title="bbox 28 4235 1824 4368; baseline -0.031 -18"><span class='ocrx_word' id='word_1_546' title='bbox 28 4293 99 4353; x_wconf 92' lang='lat' dir='ltr'><strong>loeo</strong></span> <span class='ocrx_word' id='word_1_547' title='bbox 115 4291 229 4352; x_wconf 77' lang='lat' dir='ltr'><strong>Paulam</strong></span> <span class='ocrx_word' id='word_1_548' title='bbox 242 4289 315 4368; x_wconf 80' lang='lat' dir='ltr'><strong>aqil,</strong></span> <span class='ocrx_word' id='word_1_549' title='bbox 332 4304 393 4350; x_wconf 91' lang='lat' dir='ltr'><strong>nen</strong></span> <span class='ocrx_word' id='word_1_550' title='bbox 409 4287 447 4348; x_wconf 90' lang='lat' dir='ltr'><strong>de</strong></span> <span class='ocrx_word' id='word_1_551' title='bbox 469 4284 589 4363; x_wconf 87' lang='lat' dir='ltr'><strong>publiea</strong></span> <span class='ocrx_word' id='word_1_552' title='bbox 619 4280 768 4342; x_wconf 90' lang='lat' dir='ltr'><strong>concione</strong></span> <span class='ocrx_word' id='word_1_553' title='bbox 794 4279 892 4350; x_wconf 86' lang='lat' dir='ltr'><strong>pasio-</strong></span> <span class='ocrx_word' id='word_1_554' title='bbox 938 4265 1028 4326; x_wconf 87' lang='lat' dir='ltr'><strong>eliom</strong></span> <span class='ocrx_word' id='word_1_555' title='bbox 1057 4257 1200 4321; x_wconf 92' lang='lat' dir='ltr'><strong>diabolos</strong></span> <span class='ocrx_word' id='word_1_556' title='bbox 1225 4248 1388 4314; x_wconf 86' lang='lat' dir='ltr'><strong>eiiicaoitcr</strong></span> <span class='ocrx_word' id='word_1_557' title='bbox 1404 4242 1599 4302; x_wconf 85' lang='lat' dir='ltr'><strong>sacramenta</strong></span> <span class='ocrx_word' id='word_1_558' title='bbox 1623 4235 1798 4296; x_wconf 85' lang='lat' dir='ltr'><strong>ministrare</strong></span> <span class='ocrx_word' id='word_1_559' title='bbox 1820 4245 1824 4250; x_wconf 86' lang='grc'><strong>’</strong></span> 
     </span>
    </p>
   </div>
   <div class='ocr_carea' id='block_1_20' title="bbox 29 4316 1796 4501">
    <p class='ocr_par' dir='ltr' id='par_1_22' title="bbox 29 4316 1796 4501">
     <span class='ocr_line' id='line_1_55' title="bbox 29 4316 1796 4448; baseline -0.04 -13"><span class='ocrx_word' id='word_1_560' title='bbox 29 4377 84 4434; x_wconf 78' lang='lat' dir='ltr'><strong>ris.</strong></span> <span class='ocrx_word' id='word_1_561' title='bbox 102 4379 134 4435; x_wconf 91' lang='lat' dir='ltr'><strong>et</strong></span> <span class='ocrx_word' id='word_1_562' title='bbox 150 4371 362 4434; x_wconf 88' lang='lat' dir='ltr'><strong>multominus</strong></span> <span class='ocrx_word' id='word_1_563' title='bbox 377 4371 416 4431; x_wconf 94' lang='lat' dir='ltr'><strong>de</strong></span> <span class='ocrx_word' id='word_1_564' title='bbox 431 4363 684 4448; x_wconf 80' lang='lat' dir='ltr'><strong>pobllcojudlcio</strong></span> <span class='ocrx_word' id='word_1_565' title='bbox 700 4353 894 4427; x_wconf 91' lang='lat' dir='ltr'><strong>concilii‚aut</strong></span> <span class='ocrx_word' id='word_1_566' title='bbox 938 4347 1048 4424; x_wconf 88' lang='lat' dir='ltr'><strong>possit,</strong></span> <span class='ocrx_word' id='word_1_567' title='bbox 1064 4349 1202 4417; x_wconf 92' lang='lat' dir='ltr'><strong>utsupra</strong></span> <span class='ocrx_word' id='word_1_568' title='bbox 1217 4333 1360 4395; x_wconf 85' lang='lat' dir='ltr'><strong>diximus.</strong></span> <span class='ocrx_word' id='word_1_569' title='bbox 1374 4323 1672 4397; x_wconf 71' lang='lat' dir='ltr'><strong>Coohssioquoque</strong></span> <span class='ocrx_word' id='word_1_570' title='bbox 1693 4316 1796 4410; x_wconf 60' lang='lat' dir='ltr'><strong>hugo.</strong></span> 
     </span>
     <span class='ocr_line' id='line_1_56' title="bbox 787 4399 1796 4501; baseline -0.045 1"><span class='ocrx_word' id='word_1_571' title='bbox 787 4438 893 4501; x_wconf 88' lang='lat' dir='ltr'><strong>Ecole·</strong></span> <span class='ocrx_word' id='word_1_572' title='bbox 938 4439 1035 4496; x_wconf 86' lang='lat' dir='ltr'><strong>staua,</strong></span> <span class='ocrx_word' id='word_1_573' title='bbox 1052 4431 1107 4488; x_wconf 89' lang='lat' dir='ltr'><strong>art.</strong></span> <span class='ocrx_word' id='word_1_574' title='bbox 1123 4421 1156 4484; x_wconf 83' lang='lat'><strong>8.</strong></span> <span class='ocrx_word' id='word_1_575' title='bbox 1172 4420 1281 4481; x_wconf 81' lang='lat' dir='ltr'><strong>latetur</strong></span> <span class='ocrx_word' id='word_1_576' title='bbox 1295 4411 1483 4475; x_wconf 81' lang='lat' dir='ltr'><strong>sacramenta</strong></span> <span class='ocrx_word' id='word_1_577' title='bbox 1498 4417 1570 4464; x_wconf 88' lang='lat' dir='ltr'><strong>esse</strong></span> <span class='ocrx_word' id='word_1_578' title='bbox 1597 4399 1745 4468; x_wconf 77' lang='lat' dir='ltr'><strong>efficacia,</strong></span> <span class='ocrx_word' id='word_1_579' title='bbox 1760 4399 1796 4459; x_wconf 89' lang='lat' dir='ltr'><strong>lv·</strong></span> 
     </span>
    </p>
   </div>
   <div class='ocr_carea' id='block_1_21' title="bbox 858 4481 1799 4734">
    <p class='ocr_par' dir='ltr' id='par_1_23' title="bbox 858 4481 1799 4734">
     <span class='ocr_line' id='line_1_57' title="bbox 858 4481 1797 4588; baseline -0.043 -6"><span class='ocrx_word' id='word_1_580' title='bbox 858 4537 892 4582; x_wconf 91' lang='lat' dir='ltr'><strong>u·</strong></span> <span class='ocrx_word' id='word_1_581' title='bbox 938 4518 988 4576; x_wconf 88' lang='lat' dir='ltr'><strong>cel</strong></span> <span class='ocrx_word' id='word_1_582' title='bbox 1000 4510 1039 4573; x_wconf 91' lang='lat' dir='ltr'><strong>ab</strong></span> <span class='ocrx_word' id='word_1_583' title='bbox 1051 4502 1230 4588; x_wconf 73' lang='lat' dir='ltr'><strong>hypocritis,</strong></span> <span class='ocrx_word' id='word_1_584' title='bbox 1244 4504 1274 4559; x_wconf 93' lang='lat' dir='ltr'><strong>el</strong></span> <span class='ocrx_word' id='word_1_585' title='bbox 1285 4493 1374 4556; x_wconf 89' lang='lat' dir='ltr'><strong>motis</strong></span> <span class='ocrx_word' id='word_1_586' title='bbox 1387 4486 1565 4552; x_wconf 89' lang='lat' dir='ltr'><strong>bominibus</strong></span> <span class='ocrx_word' id='word_1_587' title='bbox 1575 4481 1797 4545; x_wconf 85' lang='lat' dir='ltr'><strong>ministrentur.</strong></span> 
     </span>
     <span class='ocr_line' id='line_1_58' title="bbox 1043 4562 1795 4651; baseline -0.031 -2"><span class='ocrx_word' id='word_1_588' title='bbox 1043 4591 1123 4651; x_wconf 91' lang='lat' dir='ltr'><strong>idem</strong></span> <span class='ocrx_word' id='word_1_589' title='bbox 1139 4585 1231 4648; x_wconf 87' lang='lat' dir='ltr'><strong>babel</strong></span> <span class='ocrx_word' id='word_1_590' title='bbox 1245 4579 1388 4642; x_wconf 77' lang='lat' dir='ltr'><strong>moinus</strong></span> <span class='ocrx_word' id='word_1_591' title='bbox 1402 4570 1458 4633; x_wconf 87' lang='lat' dir='ltr'><strong>lib.</strong></span> <span class='ocrx_word' id='word_1_592' title='bbox 1473 4568 1504 4629; x_wconf 83' lang='lat' dir='ltr'><strong>l.</strong></span> <span class='ocrx_word' id='word_1_593' title='bbox 1521 4566 1621 4627; x_wconf 88' lang='lat' dir='ltr'><strong>instit.</strong></span> <span class='ocrx_word' id='word_1_594' title='bbox 1647 4579 1716 4640; x_wconf 90' lang='lat' dir='ltr'><strong>cap.</strong></span> <span class='ocrx_word' id='word_1_595' title='bbox 1745 4562 1795 4626; x_wconf 75' lang='lat' dir='ltr'><strong>is.</strong></span> 
     </span>
     <span class='ocr_line' id='line_1_59' title="bbox 1034 4646 1799 4734; baseline -0.043 2"><span class='ocrx_word' id='word_1_596' title='bbox 1034 4672 1121 4734; x_wconf 85' lang='lat' dir='ltr'><strong>linde</strong></span> <span class='ocrx_word' id='word_1_597' title='bbox 1134 4671 1165 4730; x_wconf 92' lang='lat' dir='ltr'><strong>in</strong></span> <span class='ocrx_word' id='word_1_598' title='bbox 1179 4665 1320 4730; x_wconf 82' lang='lat' dir='ltr'><strong>hntidclo</strong></span> <span class='ocrx_word' id='word_1_599' title='bbox 1335 4653 1458 4721; x_wconf 90' lang='lat' dir='ltr'><strong>concilii</strong></span> <span class='ocrx_word' id='word_1_600' title='bbox 1485 4646 1640 4712; x_wconf 88' lang='lat' dir='ltr'><strong>tridentini</strong></span> <span class='ocrx_word' id='word_1_601' title='bbox 1665 4647 1703 4706; x_wconf 92' lang='lat' dir='ltr'><strong>ad</strong></span> <span class='ocrx_word' id='word_1_602' title='bbox 1725 4661 1799 4707; x_wconf 89' lang='lat' dir='ltr'><strong>cau.</strong></span> 
     </span>
    </p>
   </div>
   <div class='ocr_carea' id='block_1_22' title="bbox 30 4446 1026 4698">
    <p class='ocr_par' dir='ltr' id='par_1_24' title="bbox 30 4446 1026 4698">
     <span class='ocr_line' id='line_1_60' title="bbox 30 4446 765 4534; baseline -0.019 -17"><span class='ocrx_word' id='word_1_603' title='bbox 30 4455 146 4516; x_wconf 85' lang='lat' dir='ltr'><strong>summi</strong></span> <span class='ocrx_word' id='word_1_604' title='bbox 159 4454 326 4534; x_wconf 89' lang='lat' dir='ltr'><strong>pontilicis.</strong></span> <span class='ocrx_word' id='word_1_605' title='bbox 340 4454 373 4514; x_wconf 92' lang='lat' dir='ltr'><strong>ld</strong></span> <span class='ocrx_word' id='word_1_606' title='bbox 389 4451 471 4533; x_wconf 92' lang='lat' dir='ltr'><strong>quod</strong></span> <span class='ocrx_word' id='word_1_607' title='bbox 487 4454 569 4528; x_wconf 89' lang='lat' dir='ltr'><strong>patet</strong></span> <span class='ocrx_word' id='word_1_608' title='bbox 584 4446 693 4525; x_wconf 90' lang='lat' dir='ltr'><strong>primo,</strong></span> <span class='ocrx_word' id='word_1_609' title='bbox 710 4459 765 4505; x_wconf 91' lang='lat' dir='ltr'><strong>usu</strong></span> 
     </span>
     <span class='ocr_line' id='line_1_61' title="bbox 31 4521 855 4615; baseline -0.018 -18"><span class='ocrx_word' id='word_1_610' title='bbox 31 4539 110 4600; x_wconf 70' lang='lat' dir='ltr'><strong>siae.</strong></span> <span class='ocrx_word' id='word_1_611' title='bbox 126 4537 296 4615; x_wconf 84' lang='lat' dir='ltr'><strong>Numquam</strong></span> <span class='ocrx_word' id='word_1_612' title='bbox 313 4535 395 4598; x_wconf 88' lang='lat' dir='ltr'><strong>enim</strong></span> <span class='ocrx_word' id='word_1_613' title='bbox 410 4539 458 4594; x_wconf 90' lang='lat' dir='ltr'><strong>est</strong></span> <span class='ocrx_word' id='word_1_614' title='bbox 471 4530 620 4601; x_wconf 78' lang='lat' dir='ltr'><strong>auditune,</strong></span> <span class='ocrx_word' id='word_1_615' title='bbox 639 4534 670 4588; x_wconf 92' lang='lat' dir='ltr'><strong>ul</strong></span> <span class='ocrx_word' id='word_1_616' title='bbox 684 4527 756 4592; x_wconf 81' lang='lat' dir='ltr'><strong>dem</strong></span> <span class='ocrx_word' id='word_1_617' title='bbox 779 4521 811 4584; x_wconf 90' lang='lat' dir='ltr'><strong>iil</strong></span> <span class='ocrx_word' id='word_1_618' title='bbox 835 4538 855 4600; x_wconf 92' lang='lat' dir='ltr'><strong>p</strong></span> 
     </span>
     <span class='ocr_line' id='line_1_62' title="bbox 30 4594 1026 4698; baseline -0.026 -18"><span class='ocrx_word' id='word_1_619' title='bbox 30 4623 113 4682; x_wconf 85' lang='lat' dir='ltr'><strong>blica</strong></span> <span class='ocrx_word' id='word_1_620' title='bbox 129 4619 251 4692; x_wconf 90' lang='lat' dir='ltr'><strong>concio,</strong></span> <span class='ocrx_word' id='word_1_621' title='bbox 268 4619 451 4698; x_wconf 90' lang='lat' dir='ltr'><strong>permissum</strong></span> <span class='ocrx_word' id='word_1_622' title='bbox 467 4616 506 4677; x_wconf 93' lang='lat' dir='ltr'><strong>sil</strong></span> <span class='ocrx_word' id='word_1_623' title='bbox 521 4612 610 4675; x_wconf 90' lang='lat' dir='ltr'><strong>alieni</strong></span> <span class='ocrx_word' id='word_1_624' title='bbox 639 4607 725 4671; x_wconf 90' lang='lat' dir='ltr'><strong>alleri</strong></span> <span class='ocrx_word' id='word_1_625' title='bbox 751 4603 846 4685; x_wconf 89' lang='lat' dir='ltr'><strong>loqui,</strong></span> <span class='ocrx_word' id='word_1_626' title='bbox 863 4607 894 4665; x_wconf 86' lang='lat' dir='ltr'><strong>et</strong></span> <span class='ocrx_word' id='word_1_627' title='bbox 939 4594 1026 4673; x_wconf 81' lang='lat' dir='ltr'><strong>Quod</strong></span> 
     </span>
    </p>
   </div>
   <div class='ocr_carea' id='block_1_23' title="bbox 32 4675 1801 4864">
    <p class='ocr_par' dir='ltr' id='par_1_25' title="bbox 32 4675 1801 4864">
     <span class='ocr_line' id='line_1_63' title="bbox 32 4675 1652 4781; baseline -0.014 -19"><span class='ocrx_word' id='word_1_628' title='bbox 32 4708 130 4764; x_wconf 83' lang='lat' dir='ltr'><strong>anullo</strong></span> <span class='ocrx_word' id='word_1_629' title='bbox 145 4705 249 4765; x_wconf 91' lang='lat' dir='ltr'><strong>minus</strong></span> <span class='ocrx_word' id='word_1_630' title='bbox 264 4701 447 4781; x_wconf 86' lang='lat' dir='ltr'><strong>permissum</strong></span> <span class='ocrx_word' id='word_1_631' title='bbox 463 4702 511 4760; x_wconf 91' lang='lat' dir='ltr'><strong>cst</strong></span> <span class='ocrx_word' id='word_1_632' title='bbox 538 4711 670 4768; x_wconf 82' lang='lat' dir='ltr'><strong>unqeam</strong></span> <span class='ocrx_word' id='word_1_633' title='bbox 697 4687 820 4769; x_wconf 84' lang='lat' dir='ltr'><strong>pritnlis</strong></span> <span class='ocrx_word' id='word_1_634' title='bbox 839 4687 894 4748; x_wconf 91' lang='lat' dir='ltr'><strong>bo-</strong></span> <span class='ocrx_word' id='word_1_635' title='bbox 938 4675 1019 4758; x_wconf 64' lang='lat' dir='ltr'><strong>§iti-</strong></span> <span class='ocrx_word' id='word_1_636' title='bbox 1523 4732 1541 4744; x_wconf 88' lang='lat'><strong>..</strong></span> <span class='ocrx_word' id='word_1_637' title='bbox 1647 4730 1652 4739; x_wconf 94' lang='lat'><strong>.</strong></span> 
     </span>
     <span class='ocr_line' id='line_1_64' title="bbox 32 4734 1801 4864; baseline -0.036 -18"><span class='ocrx_word' id='word_1_638' title='bbox 32 4787 173 4848; x_wconf 87' lang='lat' dir='ltr'><strong>minibus</strong></span> <span class='ocrx_word' id='word_1_639' title='bbox 187 4784 328 4847; x_wconf 86' lang='lat' dir='ltr'><strong>reluctari</strong></span> <span class='ocrx_word' id='word_1_640' title='bbox 341 4783 460 4864; x_wconf 75' lang='lat' dir='ltr'><strong>iudicio</strong></span> <span class='ocrx_word' id='word_1_641' title='bbox 475 4779 567 4842; x_wconf 90' lang='lat' dir='ltr'><strong>totius</strong></span> <span class='ocrx_word' id='word_1_642' title='bbox 581 4774 751 4838; x_wconf 86' lang='lat' dir='ltr'><strong>Ecclesiae.</strong></span> <span class='ocrx_word' id='word_1_643' title='bbox 940 4761 990 4822; x_wconf 77' lang='lat' dir='ltr'><strong>la.</strong></span> <span class='ocrx_word' id='word_1_644' title='bbox 1007 4771 1088 4818; x_wconf 87' lang='lat' dir='ltr'><strong>sess.</strong></span> <span class='ocrx_word' id='word_1_645' title='bbox 1104 4754 1136 4816; x_wconf 84' lang='lat' dir='ltr'><strong>i.</strong></span> <span class='ocrx_word' id='word_1_646' title='bbox 1154 4751 1204 4813; x_wconf 90' lang='lat' dir='ltr'><strong>nbi</strong></span> <span class='ocrx_word' id='word_1_647' title='bbox 1221 4743 1333 4808; x_wconf 91' lang='lat' dir='ltr'><strong>dicitur</strong></span> <span class='ocrx_word' id='word_1_648' title='bbox 1346 4738 1507 4802; x_wconf 89' lang='lat' dir='ltr'><strong>anathema</strong></span> <span class='ocrx_word' id='word_1_649' title='bbox 1523 4747 1572 4802; x_wconf 85' lang='lat' dir='ltr'><strong>us,</strong></span> <span class='ocrx_word' id='word_1_650' title='bbox 1602 4745 1654 4806; x_wconf 91' lang='lat' dir='ltr'><strong>qm</strong></span> <span class='ocrx_word' id='word_1_651' title='bbox 1686 4734 1801 4802; x_wconf 70' lang='lat' dir='ltr'><strong>negant</strong></span> 
     </span>
    </p>
   </div>
   <div class='ocr_carea' id='block_1_24' title="bbox 31 4811 1804 5112">
    <p class='ocr_par' dir='ltr' id='par_1_26' title="bbox 31 4811 1804 5112">
     <span class='ocr_line' id='line_1_65' title="bbox 72 4811 1799 4948; baseline -0.038 -12"><span class='ocrx_word' id='word_1_652' title='bbox 72 4868 235 4940; x_wconf 79' lang='lat' dir='ltr'><strong>Secundo,</strong></span> <span class='ocrx_word' id='word_1_653' title='bbox 251 4867 321 4948; x_wconf 87' lang='lat' dir='ltr'><strong>quia</strong></span> <span class='ocrx_word' id='word_1_654' title='bbox 337 4881 397 4929; x_wconf 91' lang='lat' dir='ltr'><strong>non</strong></span> <span class='ocrx_word' id='word_1_655' title='bbox 410 4870 550 4926; x_wconf 85' lang='lat' dir='ltr'><strong>lenemnr</strong></span> <span class='ocrx_word' id='word_1_656' title='bbox 576 4859 703 4922; x_wconf 89' lang='lat' dir='ltr'><strong>credere</strong></span> <span class='ocrx_word' id='word_1_657' title='bbox 727 4851 894 4928; x_wconf 88' lang='lat' dir='ltr'><strong>unicuique</strong></span> <span class='ocrx_word' id='word_1_658' title='bbox 938 4842 1127 4904; x_wconf 86' lang='lat' dir='ltr'><strong>sacramenta</strong></span> <span class='ocrx_word' id='word_1_659' title='bbox 1142 4847 1213 4894; x_wconf 88' lang='lat' dir='ltr'><strong>esse</strong></span> <span class='ocrx_word' id='word_1_660' title='bbox 1225 4825 1371 4892; x_wconf 87' lang='lat' dir='ltr'><strong>eilicaoia,</strong></span> <span class='ocrx_word' id='word_1_661' title='bbox 1389 4820 1416 4883; x_wconf 91' lang='lat' dir='ltr'><strong>si</strong></span> <span class='ocrx_word' id='word_1_662' title='bbox 1431 4814 1555 4879; x_wconf 82' lang='lat' dir='ltr'><strong>amalis.</strong></span> <span class='ocrx_word' id='word_1_663' title='bbox 1574 4811 1799 4902; x_wconf 77' lang='lat' dir='ltr'><strong>ministrentur,</strong></span> 
     </span>
     <span class='ocr_line' id='line_1_66' title="bbox 32 4892 1804 5020; baseline -0.034 -7"><span class='ocrx_word' id='word_1_664' title='bbox 32 4953 150 5014; x_wconf 89' lang='lat' dir='ltr'><strong>direnti</strong></span> <span class='ocrx_word' id='word_1_665' title='bbox 166 4951 226 5012; x_wconf 88' lang='lat' dir='ltr'><strong>sibi</strong></span> <span class='ocrx_word' id='word_1_666' title='bbox 238 4965 309 5012; x_wconf 90' lang='lat' dir='ltr'><strong>esse</strong></span> <span class='ocrx_word' id='word_1_667' title='bbox 324 4948 492 5011; x_wconf 88' lang='lat' dir='ltr'><strong>revelatam</strong></span> <span class='ocrx_word' id='word_1_668' title='bbox 506 4941 633 5020; x_wconf 88' lang='lat' dir='ltr'><strong>aliquid.</strong></span> <span class='ocrx_word' id='word_1_669' title='bbox 664 4935 840 5020; x_wconf 90' lang='lat' dir='ltr'><strong>praesertim</strong></span> <span class='ocrx_word' id='word_1_670' title='bbox 861 4933 894 4994; x_wconf 95' lang='lat' dir='ltr'><strong>in</strong></span> <span class='ocrx_word' id='word_1_671' title='bbox 939 4923 1016 4988; x_wconf 76' lang='lat' dir='ltr'><strong>nillil</strong></span> <span class='ocrx_word' id='word_1_672' title='bbox 1031 4919 1113 4982; x_wconf 88' lang='lat' dir='ltr'><strong>aliud</strong></span> <span class='ocrx_word' id='word_1_673' title='bbox 1129 4912 1248 4981; x_wconf 86' lang='lat' dir='ltr'><strong>scribit,</strong></span> <span class='ocrx_word' id='word_1_674' title='bbox 1265 4905 1325 4970; x_wconf 90' lang='lat' dir='ltr'><strong>nisi</strong></span> <span class='ocrx_word' id='word_1_675' title='bbox 1340 4907 1420 4967; x_wconf 88' lang='lat' dir='ltr'><strong>bane</strong></span> <span class='ocrx_word' id='word_1_676' title='bbox 1435 4913 1552 4993; x_wconf 77' lang='lat' dir='ltr'><strong>vocem,</strong></span> <span class='ocrx_word' id='word_1_677' title='bbox 1567 4897 1677 4955; x_wconf 76' lang='lat' dir='ltr'><strong>Antea.</strong></span> <span class='ocrx_word' id='word_1_678' title='bbox 1707 4892 1804 4954; x_wconf 80' lang='lat' dir='ltr'><strong>Deua·</strong></span> 
     </span>
     <span class='ocr_line' id='line_1_67' title="bbox 31 4974 1799 5112; baseline -0.036 -16"><span class='ocrx_word' id='word_1_679' title='bbox 31 5053 61 5095; x_wconf 89' lang='lat' dir='ltr'><strong>re</strong></span> <span class='ocrx_word' id='word_1_680' title='bbox 75 5035 173 5112; x_wconf 81' lang='lat' dir='ltr'><strong>gravi,</strong></span> <span class='ocrx_word' id='word_1_681' title='bbox 191 5036 224 5096; x_wconf 91' lang='lat' dir='ltr'><strong>et</strong></span> <span class='ocrx_word' id='word_1_682' title='bbox 236 5031 366 5094; x_wconf 80' lang='lat' dir='ltr'><strong>masinae</strong></span> <span class='ocrx_word' id='word_1_683' title='bbox 381 5029 407 5092; x_wconf 92' lang='lat' dir='ltr'><strong>si</strong></span> <span class='ocrx_word' id='word_1_684' title='bbox 436 5029 487 5090; x_wconf 92' lang='lat' dir='ltr'><strong>ilia</strong></span> <span class='ocrx_word' id='word_1_685' title='bbox 513 5025 657 5090; x_wconf 85' lang='lat' dir='ltr'><strong>revelatio</strong></span> <span class='ocrx_word' id='word_1_686' title='bbox 682 5023 721 5085; x_wconf 89' lang='lat' dir='ltr'><strong>sit</strong></span> <span class='ocrx_word' id='word_1_687' title='bbox 745 5015 894 5082; x_wconf 86' lang='lat' dir='ltr'><strong>contraria</strong></span> <span class='ocrx_word' id='word_1_688' title='bbox 940 5024 1000 5084; x_wconf 87' lang='lat' dir='ltr'><strong>que</strong></span> <span class='ocrx_word' id='word_1_689' title='bbox 1015 5000 1188 5068; x_wconf 86' lang='lat' dir='ltr'><strong>itemnilius</strong></span> <span class='ocrx_word' id='word_1_690' title='bbox 1202 4994 1277 5056; x_wconf 63' lang='lat' dir='ltr'><strong>inb.</strong></span> <span class='ocrx_word' id='word_1_691' title='bbox 1293 4994 1379 5069; x_wconf 88' lang='lat' dir='ltr'><strong>parte</strong></span> <span class='ocrx_word' id='word_1_692' title='bbox 1393 4984 1643 5053; x_wconf 74' lang='lat' dir='ltr'><strong>Exomrnrs-pap.</strong></span> <span class='ocrx_word' id='word_1_693' title='bbox 1668 4974 1738 5035; x_wconf 66' lang='lat' dir='ltr'><strong>laet.</strong></span> <span class='ocrx_word' id='word_1_694' title='bbox 1756 4974 1799 5034; x_wconf 89' lang='lat' dir='ltr'><strong>ai·</strong></span> 
     </span>
    </p>
   </div>
   <div class='ocr_carea' id='block_1_25' title="bbox 30 5057 1800 5262">
    <p class='ocr_par' dir='ltr' id='par_1_27' title="bbox 30 5057 1800 5262">
     <span class='ocr_line' id='line_1_68' title="bbox 30 5057 1800 5188; baseline -0.035 -10"><span class='ocrx_word' id='word_1_695' title='bbox 30 5117 192 5179; x_wconf 89' lang='lat' dir='ltr'><strong>doctrinae</strong></span> <span class='ocrx_word' id='word_1_696' title='bbox 207 5115 428 5178; x_wconf 87' lang='lat' dir='ltr'><strong>ordinariorum</strong></span> <span class='ocrx_word' id='word_1_697' title='bbox 442 5117 609 5188; x_wconf 89' lang='lat' dir='ltr'><strong>pastorum:</strong></span> <span class='ocrx_word' id='word_1_698' title='bbox 636 5103 749 5185; x_wconf 88' lang='lat' dir='ltr'><strong>alioqui</strong></span> <span class='ocrx_word' id='word_1_699' title='bbox 778 5104 898 5181; x_wconf 88' lang='lat' dir='ltr'><strong>poteret</strong></span> <span class='ocrx_word' id='word_1_700' title='bbox 940 5091 1201 5152; x_wconf 85' lang='lat' dir='ltr'><strong>iirmalcanoncm</strong></span> <span class='ocrx_word' id='word_1_701' title='bbox 1218 5072 1339 5167; x_wconf 75' lang='lat' dir='ltr'><strong>concilii</strong></span> <span class='ocrx_word' id='word_1_702' title='bbox 1366 5069 1417 5131; x_wconf 79' lang='lat' dir='ltr'><strong>la.</strong></span> <span class='ocrx_word' id='word_1_703' title='bbox 1443 5064 1502 5125; x_wconf 89' lang='lat' dir='ltr'><strong>sibi</strong></span> <span class='ocrx_word' id='word_1_704' title='bbox 1528 5076 1591 5157; x_wconf 81' lang='lat' dir='ltr'><strong>non</strong></span> <span class='ocrx_word' id='word_1_705' title='bbox 1617 5057 1800 5133; x_wconf 85' lang='lat' dir='ltr'><strong>displicere.</strong></span> 
     </span>
     <span class='ocr_line' id='line_1_69' title="bbox 31 5146 1799 5262; baseline -0.028 -2"><span class='ocrx_word' id='word_1_706' title='bbox 31 5203 134 5262; x_wconf 79' lang='lat' dir='ltr'><strong>odilus</strong></span> <span class='ocrx_word' id='word_1_707' title='bbox 151 5197 296 5260; x_wconf 89' lang='lat' dir='ltr'><strong>omnibus</strong></span> <span class='ocrx_word' id='word_1_708' title='bbox 312 5194 505 5258; x_wconf 84' lang='lat' dir='ltr'><strong>haeresibus.</strong></span> <span class='ocrx_word' id='word_1_709' title='bbox 520 5191 628 5254; x_wconf 78' lang='lat' dir='ltr'><strong>Nullus</strong></span> <span class='ocrx_word' id='word_1_710' title='bbox 643 5196 699 5260; x_wconf 86' lang='lat' dir='ltr'><strong>esi¹</strong></span> <span class='ocrx_word' id='word_1_711' title='bbox 714 5185 795 5248; x_wconf 91' lang='lat' dir='ltr'><strong>enim</strong></span> <span class='ocrx_word' id='word_1_712' title='bbox 824 5183 896 5244; x_wconf 91' lang='lat' dir='ltr'><strong>hae·</strong></span> <span class='ocrx_word' id='word_1_713' title='bbox 981 5167 1085 5233; x_wconf 85' lang='lat' dir='ltr'><strong>Tribui</strong></span> <span class='ocrx_word' id='word_1_714' title='bbox 1097 5165 1176 5228; x_wconf 83' lang='lat' dir='ltr'><strong>solet</strong></span> <span class='ocrx_word' id='word_1_715' title='bbox 1191 5158 1334 5227; x_wconf 83' lang='lat' dir='ltr'><strong>iivvssitrs,</strong></span> <span class='ocrx_word' id='word_1_716' title='bbox 1351 5160 1382 5236; x_wconf 82' lang='lat' dir='ltr'><strong>et</strong></span> <span class='ocrx_word' id='word_1_717' title='bbox 1396 5146 1601 5220; x_wconf 73' lang='lat' dir='ltr'><strong>dntbih¹¹⁸¹¹⁵</strong></span> <span class='ocrx_word' id='word_1_718' title='bbox 1618 5156 1653 5202; x_wconf 71' lang='lat'><strong>⁰³</strong></span> <span class='ocrx_word' id='word_1_719' title='bbox 1675 5146 1799 5200; x_wconf 67' lang='lat' dir='ltr'><strong>⁸0¹¹!ssss-</strong></span> 
     </span>
    </p>
   </div>
   <div class='ocr_carea' id='block_1_26' title="bbox 31 5221 1802 5428">
    <p class='ocr_par' dir='ltr' id='par_1_28' title="bbox 31 5221 1802 5428">
     <span class='ocr_line' id='line_1_70' title="bbox 33 5221 1801 5359; baseline -0.036 -15"><span class='ocrx_word' id='word_1_720' title='bbox 33 5283 206 5355; x_wconf 87' lang='lat' dir='ltr'><strong>resiarcba,</strong></span> <span class='ocrx_word' id='word_1_721' title='bbox 222 5281 273 5359; x_wconf 92' lang='lat' dir='ltr'><strong>qui</strong></span> <span class='ocrx_word' id='word_1_722' title='bbox 289 5295 350 5342; x_wconf 89' lang='lat' dir='ltr'><strong>uon</strong></span> <span class='ocrx_word' id='word_1_723' title='bbox 363 5277 458 5357; x_wconf 85' lang='lat' dir='ltr'><strong>jactet</strong></span> <span class='ocrx_word' id='word_1_724' title='bbox 471 5291 527 5338; x_wconf 87' lang='lat' dir='ltr'><strong>suu</strong></span> <span class='ocrx_word' id='word_1_725' title='bbox 542 5274 694 5355; x_wconf 81' lang='lat' dir='ltr'><strong>dogmate,</strong></span> <span class='ocrx_word' id='word_1_726' title='bbox 718 5280 750 5334; x_wconf 93' lang='lat' dir='ltr'><strong>ul</strong></span> <span class='ocrx_word' id='word_1_727' title='bbox 775 5263 899 5330; x_wconf 85' lang='lat' dir='ltr'><strong>verissi-</strong></span> <span class='ocrx_word' id='word_1_728' title='bbox 941 5255 993 5324; x_wconf 89' lang='lat' dir='ltr'><strong>tia,</strong></span> <span class='ocrx_word' id='word_1_729' title='bbox 1011 5251 1091 5332; x_wconf 92' lang='lat' dir='ltr'><strong>quod</strong></span> <span class='ocrx_word' id='word_1_730' title='bbox 1106 5245 1375 5334; x_wconf 80' lang='lat' dir='ltr'><strong>sacramenianon·</strong></span> <span class='ocrx_word' id='word_1_731' title='bbox 1386 5234 1448 5294; x_wconf 89' lang='lat' dir='ltr'><strong>sint</strong></span> <span class='ocrx_word' id='word_1_732' title='bbox 1462 5225 1608 5318; x_wconf 78' lang='lat' dir='ltr'><strong>efficacia,</strong></span> <span class='ocrx_word' id='word_1_733' title='bbox 1625 5221 1683 5283; x_wconf 91' lang='lat' dir='ltr'><strong>nisi</strong></span> <span class='ocrx_word' id='word_1_734' title='bbox 1700 5239 1715 5281; x_wconf 92' lang='grc' dir='ltr'><strong>ι</strong></span> <span class='ocrx_word' id='word_1_735' title='bbox 1731 5238 1801 5316; x_wconf 65' lang='lat' dir='ltr'><strong>pro3</strong></span> 
     </span>
     <span class='ocr_line' id='line_1_71' title="bbox 31 5308 1802 5428; baseline -0.036 0"><span class='ocrx_word' id='word_1_736' title='bbox 31 5383 109 5428; x_wconf 90' lang='lat' dir='ltr'><strong>mam</strong></span> <span class='ocrx_word' id='word_1_737' title='bbox 127 5363 185 5426; x_wconf 85' lang='lat' dir='ltr'><strong>bei</strong></span> <span class='ocrx_word' id='word_1_738' title='bbox 200 5362 429 5426; x_wconf 76' lang='lat' dir='ltr'><strong>revelationem.</strong></span> <span class='ocrx_word' id='word_1_739' title='bbox 508 5369 511 5376; x_wconf 88' lang='grc'><strong>’</strong></span> <span class='ocrx_word' id='word_1_740' title='bbox 945 5341 994 5399; x_wconf 92' lang='lat' dir='ltr'><strong>his</strong></span> <span class='ocrx_word' id='word_1_741' title='bbox 1009 5329 1200 5397; x_wconf 89' lang='lat' dir='ltr'><strong>etiidellbus</strong></span> <span class='ocrx_word' id='word_1_742' title='bbox 1228 5322 1451 5384; x_wconf 87' lang='lat' dir='ltr'><strong>mvnvstrcnlur.</strong></span> <span class='ocrx_word' id='word_1_743' title='bbox 1473 5308 1535 5370; x_wconf 81' lang='lat' dir='ltr'><strong>Sed</strong></span> <span class='ocrx_word' id='word_1_744' title='bbox 1561 5321 1670 5367; x_wconf 81' lang='lat' dir='ltr'><strong>mirum</strong></span> <span class='ocrx_word' id='word_1_745' title='bbox 1700 5315 1748 5366; x_wconf 89' lang='lat' dir='ltr'><strong>esi</strong></span> <span class='ocrx_word' id='word_1_746' title='bbox 1773 5321 1802 5365; x_wconf 87' lang='lat' dir='ltr'><strong>sr</strong></span> 
     </span>
    </p>
   </div>
   <div class='ocr_carea' id='block_1_27' title="bbox 68 5387 1805 5578">
    <p class='ocr_par' dir='ltr' id='par_1_29' title="bbox 68 5387 1805 5578">
     <span class='ocr_line' id='line_1_72' title="bbox 68 5387 1803 5525; baseline -0.051 9"><span class='ocrx_word' id='word_1_747' title='bbox 68 5446 177 5510; x_wconf 53' lang='lat'><strong>“¹¹¹⁰</strong></span> <span class='ocrx_word' id='word_1_748' title='bbox 192 5451 275 5525; x_wconf 67' lang='grc' dir='ltr'>Ριὶθῑ</span> <span class='ocrx_word' id='word_1_749' title='bbox 290 5461 327 5507; x_wconf 73' lang='grc' dir='ltr'><strong>θιι</strong></span> <span class='ocrx_word' id='word_1_750' title='bbox 341 5442 404 5506; x_wconf 71' lang='lat' dir='ltr'><strong>illis</strong></span> <span class='ocrx_word' id='word_1_751' title='bbox 419 5437 521 5504; x_wconf 76' lang='lat' dir='ltr'><strong>verbis</strong></span> <span class='ocrx_word' id='word_1_752' title='bbox 549 5439 730 5519; x_wconf 86' lang='lat' dir='ltr'><strong>prophelae,</strong></span> <span class='ocrx_word' id='word_1_753' title='bbox 756 5431 824 5499; x_wconf 85' lang='lat' dir='ltr'><strong>ono</strong></span> <span class='ocrx_word' id='word_1_754' title='bbox 840 5433 903 5491; x_wconf 58' lang='lat' dir='ltr'><strong>nol*</strong></span> <span class='ocrx_word' id='word_1_755' title='bbox 944 5420 1088 5482; x_wconf 85' lang='lat' dir='ltr'><strong>iiossitae</strong></span> <span class='ocrx_word' id='word_1_756' title='bbox 1105 5414 1144 5473; x_wconf 91' lang='lat' dir='ltr'><strong>ita</strong></span> <span class='ocrx_word' id='word_1_757' title='bbox 1159 5406 1302 5477; x_wconf 91' lang='lat' dir='ltr'><strong>sentiant,</strong></span> <span class='ocrx_word' id='word_1_758' title='bbox 1330 5413 1401 5461; x_wconf 92' lang='lat' dir='ltr'><strong>cum</strong></span> <span class='ocrx_word' id='word_1_759' title='bbox 1429 5388 1638 5489; x_wconf 83' lang='lat' dir='ltr'><strong>ordivvaiiones</strong></span> <span class='ocrx_word' id='word_1_760' title='bbox 1658 5387 1803 5448; x_wconf 92' lang='lat' dir='ltr'><strong>sacerdo·</strong></span> 
     </span>
     <span class='ocr_line' id='line_1_73' title="bbox 1098 5475 1805 5578; baseline -0.044 -20"><span class='ocrx_word' id='word_1_761' title='bbox 1098 5509 1150 5578; x_wconf 86' lang='lat' dir='ltr'><strong>um</strong></span> <span class='ocrx_word' id='word_1_762' title='bbox 1165 5492 1205 5553; x_wconf 89' lang='lat' dir='ltr'><strong>ab</strong></span> <span class='ocrx_word' id='word_1_763' title='bbox 1218 5499 1345 5567; x_wconf 88' lang='lat' dir='ltr'><strong>romono</strong></span> <span class='ocrx_word' id='word_1_764' title='bbox 1360 5475 1505 5559; x_wconf 87' lang='lat' dir='ltr'><strong>pontvllce</strong></span> <span class='ocrx_word' id='word_1_765' title='bbox 1518 5479 1623 5545; x_wconf 87' lang='lat' dir='ltr'><strong>peiere</strong></span> <span class='ocrx_word' id='word_1_766' title='bbox 1635 5484 1805 5531; x_wconf 86' lang='lat' dir='ltr'><strong>consuere·</strong></span> 
     </span>
    </p>
   </div>
   <div class='ocr_carea' id='block_1_28' title="bbox 32 5511 1805 5640">
    <p class='ocr_par' dir='ltr' id='par_1_30' title="bbox 32 5511 1805 5640">
     <span class='ocr_line' id='line_1_74' title="bbox 32 5511 1506 5604; baseline -0.036 -12"><span class='ocrx_word' id='word_1_767' title='bbox 32 5539 90 5594; x_wconf 78' lang='lat' dir='ltr'><strong>tres</strong></span> <span class='ocrx_word' id='word_1_768' title='bbox 104 5531 236 5602; x_wconf 81' lang='lat' dir='ltr'><strong>dicunt,</strong></span> <span class='ocrx_word' id='word_1_769' title='bbox 252 5533 283 5592; x_wconf 87' lang='lat' dir='ltr'><strong>el</strong></span> <span class='ocrx_word' id='word_1_770' title='bbox 298 5525 420 5592; x_wconf 82' lang='lat' dir='ltr'><strong>coeteri</strong></span> <span class='ocrx_word' id='word_1_771' title='bbox 433 5517 626 5604; x_wconf 66' lang='lat' dir='ltr'><strong>diiudicent.</strong></span> <span class='ocrx_word' id='word_1_772' title='bbox 642 5519 706 5583; x_wconf 88' lang='lat' dir='ltr'><strong>Non</strong></span> <span class='ocrx_word' id='word_1_773' title='bbox 722 5516 803 5581; x_wconf 88' lang='lat' dir='ltr'><strong>enim</strong></span> <span class='ocrx_word' id='word_1_774' title='bbox 825 5513 913 5575; x_wconf 59' lang='lat' dir='ltr'><strong>con-¹</strong></span> <span class='ocrx_word' id='word_1_775' title='bbox 945 5511 1009 5565; x_wconf 87' lang='lat' dir='ltr'><strong>inm</strong></span> <span class='ocrx_word' id='word_1_776' title='bbox 1025 5513 1098 5560; x_wconf 79' lang='lat' dir='ltr'><strong>saror</strong></span> <span class='ocrx_word' id='word_1_777' title='bbox 1500 5556 1506 5568; x_wconf 22' lang='grc' dir='ltr'>ἱ</span> 
     </span>
     <span class='ocr_line' id='line_1_75' title="bbox 1116 5555 1805 5640; baseline -0.042 -1"><span class='ocrx_word' id='word_1_778' title='bbox 1116 5582 1218 5638; x_wconf 81' lang='grc' dir='ltr'>ιιιιιιι</span> <span class='ocrx_word' id='word_1_779' title='bbox 1233 5580 1392 5631; x_wconf 90' lang='lat' dir='ltr'><strong>romanum</strong></span> <span class='ocrx_word' id='word_1_780' title='bbox 1421 5555 1613 5640; x_wconf 82' lang='lat' dir='ltr'><strong>pontilieem,</strong></span> <span class='ocrx_word' id='word_1_781' title='bbox 1639 5558 1670 5612; x_wconf 91' lang='lat' dir='ltr'><strong>et</strong></span> <span class='ocrx_word' id='word_1_782' title='bbox 1695 5565 1805 5613; x_wconf 88' lang='lat' dir='ltr'><strong>omnes</strong></span> 
     </span>
    </p>
   </div>
   <div class='ocr_carea' id='block_1_29' title="bbox 30 5585 1802 5774">
    <p class='ocr_par' dir='ltr' id='par_1_31' title="bbox 30 5585 1802 5774">
     <span class='ocr_line' id='line_1_76' title="bbox 32 5585 1716 5684; baseline -0.027 -11"><span class='ocrx_word' id='word_1_783' title='bbox 32 5615 200 5684; x_wconf 65' lang='lat' dir='ltr'><strong>reniteant</strong></span> <span class='ocrx_word' id='word_1_784' title='bbox 214 5612 276 5676; x_wconf 91' lang='lat' dir='ltr'><strong>duo</strong></span> <span class='ocrx_word' id='word_1_785' title='bbox 292 5617 344 5674; x_wconf 91' lang='lat' dir='ltr'><strong>aut</strong></span> <span class='ocrx_word' id='word_1_786' title='bbox 358 5617 422 5672; x_wconf 87' lang='lat' dir='ltr'><strong>tres</strong></span> <span class='ocrx_word' id='word_1_787' title='bbox 441 5608 708 5676; x_wconf 88' lang='lat' dir='ltr'><strong>concionarentur,</strong></span> <span class='ocrx_word' id='word_1_788' title='bbox 735 5597 792 5664; x_wconf 91' lang='lat' dir='ltr'><strong>sed</strong></span> <span class='ocrx_word' id='word_1_789' title='bbox 816 5596 897 5658; x_wconf 89' lang='lat' dir='ltr'><strong>bene</strong></span> <span class='ocrx_word' id='word_1_790' title='bbox 944 5585 1014 5656; x_wconf 92' lang='lat' dir='ltr'><strong>rint,</strong></span> <span class='ocrx_word' id='word_1_791' title='bbox 1031 5595 1101 5643; x_wconf 92' lang='lat' dir='ltr'><strong>cum</strong></span> <span class='ocrx_word' id='word_1_792' title='bbox 1511 5640 1515 5650; x_wconf 34' lang='lat'>¹</span> <span class='ocrx_word' id='word_1_793' title='bbox 1541 5639 1545 5648; x_wconf 50' lang='grc'><strong>,</strong></span> <span class='ocrx_word' id='word_1_794' title='bbox 1713 5635 1716 5648; x_wconf 51' lang='lat'><strong>,</strong></span> 
     </span>
     <span class='ocr_line' id='line_1_77' title="bbox 30 5635 1802 5774; baseline -0.032 -14"><span class='ocrx_word' id='word_1_795' title='bbox 30 5697 248 5774; x_wconf 81' lang='lat' dir='ltr'><strong>conveniebat,</strong></span> <span class='ocrx_word' id='word_1_796' title='bbox 265 5702 300 5764; x_wconf 86' lang='lat' dir='ltr'><strong>ul</strong></span> <span class='ocrx_word' id='word_1_797' title='bbox 313 5695 344 5756; x_wconf 90' lang='lat' dir='ltr'><strong>io</strong></span> <span class='ocrx_word' id='word_1_798' title='bbox 361 5688 525 5758; x_wconf 82' lang='lat' dir='ltr'><strong>collatione</strong></span> <span class='ocrx_word' id='word_1_799' title='bbox 540 5687 689 5771; x_wconf 88' lang='lat' dir='ltr'><strong>spirituali</strong></span> <span class='ocrx_word' id='word_1_800' title='bbox 701 5685 762 5748; x_wconf 91' lang='lat' dir='ltr'><strong>duo</strong></span> <span class='ocrx_word' id='word_1_801' title='bbox 774 5685 899 5773; x_wconf 83' lang='lat' dir='ltr'><strong>aultres</strong></span> <span class='ocrx_word' id='word_1_802' title='bbox 945 5667 1111 5748; x_wconf 84' lang='lat' dir='ltr'><strong>episcopos</strong></span> <span class='ocrx_word' id='word_1_803' title='bbox 1126 5655 1296 5723; x_wconf 90' lang='lat' dir='ltr'><strong>catholicos</strong></span> <span class='ocrx_word' id='word_1_804' title='bbox 1321 5664 1377 5728; x_wconf 90' lang='lat' dir='ltr'><strong>pro</strong></span> <span class='ocrx_word' id='word_1_805' title='bbox 1403 5646 1568 5706; x_wconf 76' lang='lat' dir='ltr'><strong>haereticis</strong></span> <span class='ocrx_word' id='word_1_806' title='bbox 1593 5635 1753 5707; x_wconf 83' lang='lat' dir='ltr'><strong>haberent,</strong></span> <span class='ocrx_word' id='word_1_807' title='bbox 1770 5643 1802 5695; x_wconf 86' lang='lat' dir='ltr'><strong>et</strong></span> 
     </span>
    </p>
   </div>
   <div class='ocr_carea' id='block_1_30' title="bbox 0 0 2064 6275">
    <p class='ocr_par' dir='ltr' id='par_1_32' title="bbox 0 0 2064 6275">
     <span class='ocr_line' id='line_1_78' title="bbox 0 0 2064 6275; baseline 0 0"><span class='ocrx_word' id='word_1_808' title='bbox 0 0 2064 6275; x_wconf 95' lang='lat' dir='ltr'><strong> </strong></span> 
     </span>
    </p>
   </div>
  </div>
 </body>
</html>
