4084 6275
299 352 355 411 'tit
967 347 1013 408 cn
1030 349 1255 412 nochthanne

234 494 344 552 cantur
357 486 510 553 redimere
523 486 658 565 stupam:
675 486 770 547 molto
780 484 878 565 magis
888 499 981 565 opera
993 484 1092 548 homi·
1135 489 1183 551 tia
1196 504 1219 550 a
1230 491 1413 565 mamutio,
1430 488 1480 551 aet
1490 502 1512 549 a
1522 486 1748 551 dissimulante
1761 485 1995 553 nnratnracn

234 571 381 645 oisjosli,
398 588 436 633 ex
450 570 563 649 Spiritu
583 568 774 631 inhabitante
799 569 888 642 iacta,
912 574 1027 631 tantum
1043 586 1092 631 ra·
1134 571 1378 650 inpnrpatoriis
1388 572 1517 651 ipnibtn
1529 569 1764 649 perficiendum
1772 566 1993 645 sitquidauid

232 654 315 716 leant
330 654 367 716 ad
379 652 557 731 expiandam
571 666 699 729 poenam
712 651 959 729 temporalem,ot
969 666 1007 711 cx
1018 668 1092 713 can·
1135 652 1187 715 nic
1197 654 1307 716 mimas
1320 654 1444 730 seceris:
1457 654 1538 734 puin
1558 653 1673 733 dipnos
1688 650 1915 713 Paenitentiae
1929 648 1948 725 s
1986 684 1993 693 -

231 736 325 817 digno
339 737 480 798 dicantar
493 735 645 797 redimere
661 748 803 811 poenam.
1135 744 1203 798 ctas
1218 736 1348 815 quaerit
1360 736 1553 799 ditissimas.

270 819 338 881 Alio
354 819 443 880 modo
458 819 681 897 exponantora
697 814 858 877 nonnullis
872 830 907 875 ea
928 814 1032 888 rerba,
1056 820 1091 878 ot
1174 817 1364 881 Christianus
1379 817 1624 881 Drutbmaros'ia
1640 832 1709 895 rap.
1732 814 1762 877 3.
1786 814 1896 877 natm.
1913 812 1993 876 linc

229 916 287 978 per
301 906 458 979 peccatum
474 901 538 962 sala
554 914 651 976 poena
666 898 863 977 intelligatur.
879 896 1021 975 Sedqoia
1033 897 1088 959 lla·
1134 904 1232 972 attan,
1250 901 1370 977 inquit.
1398 904 1537 978 dipnnm
1564 900 1784 962 Paenitentiac
1812 898 1935 975 tacere,
1953 906 1993 958 cst

231 985 470 1047 boobodonosor
490 982 604 1061 impios
625 987 699 1054 arat,
723 987 754 1043 et
767 995 829 1042 oca
843 979 943 1041 solum
958 994 1087 1059 poenae,
1131 985 1308 1059 praeterita
1318 986 1407 1049 mala
1418 983 1544 1065 dntibus
1553 985 1684 1063 punire,
1698 988 1728 1043 et
1739 981 1845 1043 bonae
1869 987 1993 1041 contra·

237 1067 293 1128 sed
314 1066 404 1127 etlam
427 1066 536 1144 calpae
556 1064 770 1125 remissionem
793 1062 959 1140 indigebat,
975 1064 1089 1126 idcirco
1130 1067 1180 1128 ιιι
1196 1081 1304 1143 apere,
1321 1073 1350 1129 et
1363 1070 1450 1130 male
1473 1069 1645 1129 commissa
1668 1063 1881 1145 eleemosynis
1908 1064 1993 1125 redi·

234 1154 373 1212 auctores
388 1148 430 1209 illi
447 1147 562 1215 volunt,
578 1146 759 1209 sententiam
774 1144 910 1208 Danielis
924 1161 994 1207 esse
1009 1146 1088 1207 triol-
1130 1163 1229 1211 mere.
1597 1184 1600 1189 ·

234 1248 311 1305 cam,
328 1249 363 1293 ac
378 1228 566 1306 subintelligi
581 1229 639 1291 alia
655 1228 871 1307 verba.quibus
885 1228 923 1289 ad
938 1228 1088 1307 agendam
1171 1230 1304 1292 isichius
1320 1232 1375 1293 lib.
1391 1232 1422 1293 i.
1439 1232 1470 1292 in
1485 1230 1580 1293 Lerit.
1597 1244 1667 1307 cap.
1685 1228 1734 1290 tl.
1749 1228 1846 1301 llaec,
1864 1226 1986 1306 inquit,

232 1313 463 1392 poeniteniam,
475 1320 507 1375 et
521 1311 725 1391 quaerendam
737 1311 1016 1375 reconciliationem
1033 1312 1088 1373 lla·
1130 1327 1231 1391 opera
1244 1316 1429 1377 necessasia
1439 1313 1544 1383 habet,
1557 1328 1643 1394 puae
1652 1312 1836 1381 uirtutibus,
1851 1312 1989 1372 eloctio-

232 1396 293 1459 oiel
305 1412 410 1475 regem
428 1397 468 1458 sit
480 1396 667 1467 cohortatus,
680 1411 714 1455 ac
726 1398 790 1455 tum
802 1393 925 1454 demum
936 1393 1088 1457 addiderit
1128 1398 1181 1459 nia
1192 1398 1299 1459 studio
1313 1398 1444 1460 calcant
1458 1397 1563 1459 delere
1576 1399 1723 1475 peccata:
1745 1398 1883 1471 propter
1906 1396 1993 1471 qnod

231 1478 271 1564 de
282 1479 430 1556 expianda
441 1494 553 1557 poenas
569 1475 705 1538 Peccata
715 1482 773 1538 tna
783 1476 990 1555 eleemosynis
999 1476 1085 1538 redi·
1128 1478 1275 1542 loannes
1285 1479 1431 1560 Baptista
1442 1480 1563 1559 popolo
1574 1478 1775 1540 ludaeorum
1786 1474 1990 1539 dicebatis-

228 1578 291 1624 me.
306 1563 463 1634 coeterum
479 1561 591 1639 plenos
614 1559 852 1621 commentarius
873 1570 930 1619 ern
951 1559 979 1618 si
993 1560 1085 1621 rerba
1128 1562 1187 1625 cite
1200 1561 1343 1639 tractam
1357 1564 1495 1641 dipnnm
1512 1560 1777 1629 Paenitentiacct
1791 1559 1889 1635 paulo
1904 1558 1989 1628 intra,

227 1646 365 1707 ltaoiclis
380 1644 588 1721 intelligamus
604 1641 643 1703 de
657 1641 792 1719 perlecta
812 1640 998 1703 remissione
1013 1658 1084 1717 pea-
1128 1647 1287 1722 explicaas
1302 1660 1383 1724 quae
1399 1647 1461 1706 sint
1476 1646 1535 1708 ista
1552 1660 1656 1721 opera,
1670 1644 1735 1703 sive
1750 1640 1872 1702 tructus
1887 1640 1990 1701 Poeni·

226 1728 284 1788 coti
299 1727 399 1806 quoad
415 1726 537 1804 culpam
552 1731 582 1785 et
597 1740 740 1801 poenam;
758 1723 796 1784 ita
812 1730 846 1785 ut
859 1724 1027 1785 cohortatio
1044 1726 1084 1785 sit
1128 1728 1252 1797 tentiae,
1269 1728 1345 1789 dicit
1359 1744 1430 1791 esse
1445 1727 1615 1789 orationem
1642 1725 1791 1787 intentam
1817 1724 1988 1803 cleemcsp·

226 1811 263 1870 ad
276 1825 404 1887 magnas
418 1818 448 1870 et
463 1811 640 1884 trequentes
655 1807 880 1885 eleemosynas,
897 1806 1009 1883 quibus
1023 1806 1084 1883 pri·
1128 1826 1211 1884 nam,
1228 1810 1360 1889 cipilias,
1386 1826 1524 1882 saccum,
1539 1808 1702 1888 jejunium,
1721 1806 1911 1885 lachrymas.
2030 1832 2031 1885 ι

227 1908 310 1953 mum
324 1891 504 1969 disponatur
517 1906 571 1951 rex
585 1889 621 1950 ad
637 1889 943 1960 reconciliationem,
967 1888 1091 1951 deinde.
1167 1892 1299 1955 Senatus
1323 1894 1460 1955 loannes
1489 1893 1721 1971 cbryiostomus
1748 1888 1862 1949 homil.
1894 1887 1946 1949 to.
1962 1888 1985 1949 io

226 1973 316 2037 etiam
332 1990 463 2052 poenam
477 1988 514 2035 ex
528 1972 681 2051 condigno
706 1972 835 2032 redimat
852 1989 860 2048 3
884 1972 1083 2048 quemadmc·
1127 1975 1323 2049 matthaeum,
1340 1990 1501 2056 exponens
1516 1976 1598 2036 hooc
1613 1974 1715 2052 ipsum
1732 1971 1849 2033 locum:
1869 1970 1985 2033 Facite.
2030 1992 2031 2001 ι

226 2058 299 2119 dom
314 2056 535 2135 intelligendos
550 2069 620 2117 esse
634 2055 753 2115 ridetur
766 2054 854 2115 locus
869 2054 922 2115 illc
936 2053 1011 2113 Luc.
1030 2055 1080 2116 tl.
1127 2059 1236 2137 inquit,
1252 2058 1374 2135 (manas
1396 2060 1511 2137 dianas
1535 2056 1767 2120 Paenitentiam
1799 2050 1869 2128 Qua
1886 2062 1987 2115 autea

225 2141 303 2202 bate
317 2140 563 2219 eleemosynam.
581 2140 610 2199 et
631 2152 702 2198 ecce
716 2137 829 2198 omnio
855 2136 983 2198 manda
1005 2140 1083 2199 sant
1125 2142 1221 2203 modo
1235 2141 1633 2220 imrctiiccrepoterimus?
1659 2139 1689 2201 ri
1707 2137 1823 2213 ntique
1852 2141 1986 2214 peccatis
2030 2170 2031 2173 =

224 2229 301 2286 aunt
313 2223 412 2284 nobis.
429 2220 473 2282 ad
486 2236 578 2299 auem
593 2223 714 2280 modum
731 2220 822 2281 ctiam
838 2218 973 2297 loquitur
987 2234 1013 2279 s.
1026 2219 1081 2298 Gy·
1126 2226 1446 2302 adversatactamas:
1465 2222 1683 2301 Verbiprctim
1699 2220 1814 2283 atiena
1826 2222 1986 2295 rapuistt’

187 2331 193 2338 ·
223 2306 349 2383 priamus
364 2306 395 2367 ic
411 2319 503 2364 serm.
520 2301 681 2379 delapsis,
697 2302 855 2379 ubicpera
871 2302 1081 2378 poenitentiae
1124 2309 1233 2386 incipe
1247 2310 1370 2370 donare
1386 2308 1459 2387 jam
1478 2307 1614 2384 propria
1630 2322 1638 2382 3
1665 2304 1760 2380 lonpo
1781 2317 1817 2363 es
1846 2309 1984 2380 tempora

222 2388 360 2465 requirit,
376 2385 489 2465 quibas
504 2386 634 2462 primam
656 2387 743 2445 venia
759 2390 953 2462 peccatorum
983 2389 1081 2464 impe·
1123 2390 1321 2467 fornicatas?
1342 2390 1518 2469 clepitimo
1544 2402 1672 2469 qnoque
1697 2400 1762 2447 neu
1786 2386 1984 2462 suspcrrdere

224 2476 330 2542 iretur,
347 2469 460 2531 deinde
476 2466 694 2545 etiamcorcoa
707 2467 823 2545 gloriae
838 2469 1024 2543 acquiratur.
1124 2473 1281 2553 conjnpti.
1306 2490 1344 2536 ac
1370 2478 1562 2551 perpetuam
1590 2467 1829 2532 continentiam
1859 2472 1984 2545 strepitus

261 2553 394 2614 'lectiam
410 2550 619 2612 testimonium
635 2551 767 2625 positum
790 2556 838 2611 est
852 2549 883 2610 io
900 2550 962 2610 illis
977 2549 1079 2611 verbis
1121 2564 1304 2632 pannorum
1314 2556 1443 2621 diepam
1453 2555 1597 2617 caminata
1611 2553 1781 2624 meditare·
1794 2549 1962 2629 iniuriam
1978 2601 1984 2616 ,

221 2634 443 2710 praecursoris:
456 2632 568 2695 Facie
581 2632 706 2708 frotetus
718 2634 832 2711 dipnos
844 2632 1077 2710 paenitentiae,
1121 2639 1172 2699 oet
1183 2653 1279 2715 opere
1292 2640 1458 2718 antiquam,
1474 2638 1524 2699 cel
1536 2634 1821 2710 sermonc'iooiati?
1837 2633 1930 2707 refer
1940 2634 1984 2695 tre·

220 2714 294 2779 Lac.
312 2713 342 2779 a.
359 2717 439 2792 qood
456 2715 662 2777 testimonium
677 2716 842 2776 adversarii
859 2729 919 2775 aon
933 2722 1016 2776 recte
1030 2732 1080 2777 ex·
1122 2722 1316 2783 condictionis
1337 2720 1433 2783 cerba
1456 2720 1619 2793 conuiciis·
1645 2722 1675 2779 et
1702 2716 1926 2793 perctaticntes
1949 2724 1983 2785 te,

166 2839 169 2843 ι
220 2807 339 2875 ponunt
353 2801 392 2861 de
408 2798 541 2860 acritate
556 2799 645 2869 ritae,
663 2803 694 2859 et
709 2800 922 2859 observatione
938 2797 1017 2875 legis
1032 2798 1077 2859 di·
1121 2818 1210 2865 nano
1225 2800 1347 2883 afflatis,
1360 2817 1450 2866 puna
1466 2804 1563 2865 artam
1584 2798 1745 2876 benefieiis
1758 2798 1901 2875 placare
1917 2815 1983 2861 epm.

218 2882 319 2947 rinae.
335 2883 406 2943 nam
420 2879 665 2943 lacereiruclom
686 2879 812 2958 dignum
842 2879 1076 2956 poenitentiae,
1121 2887 1228 2959 tende·
1243 2887 1448 2965 nequeenim
1467 2886 1635 2947 vulnerato
1660 2880 1798 2961 sufficiet
1823 2882 1875 2942 ari
1902 2883 1982 2943 sata·

219 2971 267 3025 est
281 2967 400 3042 operari
416 2978 454 3025 eo
469 2962 644 3040 taedaque
659 2963 749 3023 decet
764 2978 834 3023 cnm
850 2964 902 3039 qai
915 2961 1076 3023 Poenitco·
1121 2974 1194 3036 tem,
1209 2968 1430 3035 tantammodo
1441 2968 1570 3045 spicula
1581 2968 1621 3029 de
1633 2978 1766 3042 corpore
1777 2964 1984 3035 aasumensi

217 3047 289 3108 tiam
304 3045 474 3124 proiltetor3
491 3045 543 3124 qni
559 3050 659 3105 nutem
669 3045 895 3121 ⁴poenitentiam
917 3043 1078 3122 profitetur
1121 3053 1219 3113 etiarn
1232 3052 1379 3113 remedia
1394 3050 1546 3112 adbibere
1558 3048 1757 3111 calcandos.
1775 3046 1913 3109 Deliciis
1928 3064 1981 3109 cn·

217 3129 300 3204 auod
315 3129 446 3206 aliquem
462 3126 599 3202 laeserit,
616 3127 676 3188 aaa
693 3126 797 3190 salom·
809 3134 936 3190 cessata
953 3128 1077 3190 laeden-
1121 3140 1185 3197 aaa·
1196 3141 1225 3196 02
1240 3133 1429 3214 pompam
1457 3130 1643 3213 diffluebat?
1660 3129 1792 3210 jejumo
1820 3136 1852 3192 α
1880 3145 1983 3210 aquae

217 3213 270 3284 do,
286 3213 457 3295 necsolum
472 3217 559 3272 caret
572 3209 604 3270 in
628 3209 762 3271 tutorum
789 3226 827 3272 oe
855 3211 930 3287 auid
957 3210 989 3271 ia
1005 3227 1077 3273 aum
1117 3223 1198 3296 polu
1210 3223 1382 3296 utrumqne
1397 3232 1579 3294 campartem.

218 3295 397 3365 committat,
415 3293 470 3354 sed
487 3293 577 3353 etiam
593 3293 737 3354 damnum
751 3295 901 3366 resarcit,
927 3309 1075 3373 compen·
1163 3299 1310 3360 Parianus
1326 3303 1357 3360 in
1373 3301 1466 3378 epist.
1482 3299 1513 3360 3.
1528 3299 1566 3361 ad
1583 3295 1857 3376 Symprontaaam:
1881 3295 1979 3356 l'idcs.

216 3380 264 3437 sat
274 3376 429 3455 injuriam,
443 3377 523 3437 male
538 3374 614 3436 tacta
625 3376 754 3454 corrigit
769 3382 800 3438 et
811 3375 965 3437 emendat.
1122 3381 1232 3462 inquit,
1247 3384 1465 3445 rasamenta
1478 3382 1620 3460 [mamm
1632 3379 1768 3459 paquara,
1780 3377 1884 3448 adest,
1900 3377 1982 3440 nom

258 3461 357 3537 Atque
372 3460 402 3519 in
418 3459 502 3520 hunc
516 3457 640 3519 modum
656 3458 756 3519 locum
771 3459 862 3520 istum
888 3465 1010 3521 veteres
1026 3473 1077 3520 ex·
1120 3481 1221 3542 opera
1245 3465 1475 3528 Paenitentiam.
1510 3465 1601 3529 Vides
1623 3466 1792 3524 sarmenta
1815 3464 1980 3539 pltrytm':

219 3546 400 3616 posuerant.
416 3542 447 3602 S.
464 3540 629 3618 Gregorius
643 3540 749 3601 homil.
773 3539 830 3601 ilh-
853 3542 883 3601 in
912 3555 1020 3620 arsag.
1038 3540 1077 3601 A·
1120 3555 1295 3626 quaesunt
1315 3549 1508 3611 aeramenta
1533 3546 1643 3610 names
1667 3545 1795 3607 namna
1817 3543 1979 3609 waratus,

217 3623 462 3701 tiad,icqoit,est
474 3623 617 3699 tractum
629 3622 1077 3700 tacerePcenitentioeotind
1120 3632 1245 3693 danrna
1257 3631 1460 3710 patrimonii,
1476 3627 1712 3702 attestatores,
1728 3625 1788 3706 qui
1803 3632 1901 3688 actm
1912 3643 1978 3704 pro·

218 3707 356 3785 dtpnan
366 3706 586 3769 Paenitentiae
599 3705 741 3781 tractam
750 3707 869 3783 iacere.
887 3706 921 3767 tlt
935 3707 1022 3768 enim
1032 3707 1076 3778 de
1117 3713 1189 3791 pete
1203 3714 1440 3791 poenirentiam
1449 3718 1537 3776 sant,

215 3790 325 3866 dipnis
335 3789 554 3866 poenitentiae
577 3787 733 3864 immadem
760 3789 934 3868 manantur
949 3834 957 3861 ,
971 3791 1075 3851 acien-
1160 3795 1197 3856 lli
1213 3802 1296 3858 certe
1309 3795 1411 3858 torres
1427 3811 1488 3858 noa
1510 3795 1611 3858 solum
1637 3792 1715 3854 ritae
1741 3791 1916 3853 ncrimtem
1931 3837 1938 3856 .
1953 3799 1977 3852 ιι

222 3872 303 3933 dam
317 3871 632 3952 accomodacionis
655 3872 772 3934 l'lll'istil
798 3887 867 3933 '2⁰2²
894 3873 1075 3946 mmmm,
1118 3877 1197 3956 legis
1212 3878 1418 3940 obedientiam
1433 3879 1604 3957 requirnnt,
1621 3874 1749 3952 aldigni
1767 3874 1895 3936 tructus
1911 3875 1979 3934 Poe·

219 3952 296 4015 hnic
304 3955 381 4036 jure
393 3954 593 4023 conceditur,
609 3959 646 4015 nt
659 3955 754 4015 licitis
775 3961 897 4024 ntotnr,
919 3955 1030 4034 sicque
1044 3971 1077 4017 o·
1120 3962 1264 4024 nitentiae
1280 3963 1534 4033 censeantur,sed
1548 3961 1636 4022 etiam
1653 3965 1685 4020 ut
1696 3975 1712 4018 a
1724 3955 1824 4018 licitis
1841 3972 1898 4017 nos
1912 3956 1977 4018 abs·

215 4038 301 4114 pera
312 4038 443 4115 pietatis
456 4037 607 4114 faciotnt
621 4037 923 4112 tamensicotnerit,
940 4052 980 4099 eo
990 4053 1076 4116 anae
1118 4044 1281 4120 tineamus,
1311 4051 1345 4105 ut
1359 4059 1452 4122 opera
1469 4043 1627 4118 iaciamus3
1643 4055 1721 4119 quae
1733 4039 1859 4100 valeant
1872 4040 1976 4100 delere

215 4121 336 4182 mnndi
350 4125 425 4182 sant
436 4120 691 4199 nonrelinpoot.
707 4119 787 4180 dtsi
799 4121 872 4199 puis
885 4121 924 4180 in
933 4119 1075 4196 fannea-
1118 4134 1254 4203 peccata,
1271 4132 1303 4188 ut
1317 4127 1398 4189 male
1412 4126 1488 4190 lacta
1504 4125 1666 4188 laboriosis
1691 4121 1845 4202 operibus
1869 4123 1977 4198 ponia-

215 4201 314 4264 ticnis
324 4203 467 4282 colpam.
483 4202 535 4264 aet
546 4202 702 4279 fortassis.
719 4204 807 4282 qued
820 4203 952 4279 promus
966 4209 1022 4276 cst,
1037 4204 1075 4268 in
1116 4223 1198 4288 mos,
1218 4215 1250 4270 ut
1265 4209 1384 4272 scelera
1401 4209 1493 4271 bonis
1507 4208 1656 4287 operibns
1670 4206 1877 4273 redimamus,
1893 4209 1927 4264 ot
1940 4204 1980 4265 ri-

216 4285 417 4347 ssdllliirl'ilm
431 4285 542 4362 lavitis
556 4291 611 4355 eti.
628 4290 798 4347 lantonae
811 4286 901 4346 licita
915 4283 1006 4346 debet
1019 4285 1073 4347 ab·
1118 4291 1227 4353 tiorum
1243 4293 1349 4369 plagas
1365 4292 1571 4354 abstinentiae
1588 4289 1737 4352 medicina
1768 4299 1934 4358 curemus,
1950 4293 1979 4348 ot

217 4368 377 4433 *diditi
393 4374 517 4447 ababli>
541 4383 575 4428 ιθ
595 4369 743 4430 meminit
770 4374 799 4428 el
821 4368 939 4432 illicita
959 4383 1074 4448 perpe·
1117 4373 1503 4454 crapolamelebrietatem
1517 4369 1813 4454 (olibrysostomus
1829 4369 1979 4448 loquitor)

213 4455 326 4511 masse.
343 4449 419 4511 Vide
430 4452 563 4511 eaodem
579 4450 633 4511 lib.
649 4449 680 4510 a.
695 4467 765 4529 cap.
777 4449 808 4510 2.
821 4450 853 4511 io
869 4452 999 4527 primam
1016 4451 1073 4513 lle-
1116 4471 1213 4535 aquae
1229 4462 1302 4536 pola
1331 4473 1366 4519 ac
1379 4457 1498 4536 jejunio
1515 4451 1919 4534 compensemusltenique
1932 4453 1980 4512 lla

215 4532 359 4609 numubi
372 4549 441 4592 cum
457 4532 511 4593 tria
524 4533 561 4593 ad
577 4531 796 4595 Paenitentiam
810 4533 1074 4611 requiratmentis
1116 4540 1235 4614 cianus,
1252 4539 1433 4602 detrimenta
1449 4539 1550 4602 carnis
1571 4547 1680 4600 damna
1695 4535 1845 4608 laetitiae,
1869 4535 1981 4598 damur

214 4615 462 4682 conversionem,
482 4616 552 4675 oris
580 4615 809 4676 contessionem
830 4622 861 4677 et
876 4617 993 4694 peccati
1010 4616 1074 4679 rin·
1116 4621 1287 4699 patrimonii
1318 4629 1349 4684 et
1364 4623 1440 4683 ritae
1455 4622 1588 4693 labores,
1604 4617 1696 4692 idest,
1709 4617 1843 4698 jejunia,
1860 4616 1979 4688 fletus,

212 4695 341 4772 dictam3
356 4697 416 4758 boc
432 4697 552 4758 tertium
570 4741 578 4767 ,
601 4711 638 4758 ex
653 4698 827 4760 testimonio
842 4715 858 4758 a
871 4697 962 4760 nobis
973 4697 1067 4763 allata
1117 4707 1330 4784 eleemosynas
1344 4706 1487 4782 paniosas
1514 4710 1545 4766 at
1558 4709 1695 4778 caeteros
1716 4702 1796 4762 ritae
1826 4703 1979 4778 asperita-

211 4777 250 4838 de
266 4778 370 4856 dignis
384 4778 593 4841 Paenitentiae
608 4779 756 4842 iractlbas
771 4779 942 4842 confirmat.
1112 4791 1169 4861 tes,
1186 4803 1261 4864 ques
1277 4788 1390 4864 alloqui
1406 4786 1489 4849 nulla
1505 4788 1553 4848 lex
1568 4787 1710 4865 imperat,
1726 4784 1848 4845 tructus
1862 4785 1979 4862 dignas

252 4859 333 4922 Beda
350 4860 405 4922 lib.
422 4862 451 4922 l.
468 4861 499 4922 ia
515 4863 590 4923 loc.
601 4861 704 4941 capa.
720 4863 831 4942 repetit
845 4863 937 4925 rerba
952 4863 1065 4942 drago·
1111 4871 1318 4948 poenitentiae
1341 4885 1411 4932 esse
1426 4868 1545 4931 delinit.
1561 4869 1651 4947 Digni
1669 4873 1770 4929 autem
1785 4865 1914 4927 irucms
1930 4883 1977 4928 re·

209 4941 245 5002 rii
261 4943 323 5020 J'am
339 4938 540 5005 citata.1dem
557 4945 646 5005 ctiam
662 4945 742 5007 lleda
771 4947 802 5007 in
832 4945 989 5022 psalmi.
1006 4945 1065 5008 Sa·
1111 4959 1160 5013 cte
1176 4951 1235 5014 dici
1252 4969 1311 5014 non
1328 4953 1530 5032 possessioni
1542 4965 1575 5013 ιι
1592 4967 1661 5013 aera
1676 4947 1859 5012 sufficerent
1875 4950 1917 5009 ad
1932 4949 1978 5009 in·

203 5023 362 5100 enitente,
379 5024 489 5104 inquit,
504 5024 701 5103 comitiatum
715 5027 873 5104 institiae,
896 5030 992 5106 quasi
1015 5030 1064 5091 dc'·
1108 5033 1218 5112 jartam
1234 5033 1519 5111 compensandam,
1544 5035 1572 5096 si
1589 5049 1650 5096 oon
1679 5033 1718 5094 ad
1748 5030 1978 5109 aequalitatem

206 5111 270 5168 cot:
282 5107 333 5168 lta
346 5108 420 5169 dico
433 5114 471 5169 nt
482 5109 676 5171 irascamini
687 5112 871 5186 praetentio
896 5111 1035 5188 peccatis
1052 5156 1060 5185 ,
1108 5117 1295 5192 quarrtilatis,
1312 5117 1419 5178 saltem
1436 5117 1472 5177 ad
1488 5115 1702 5195 aequalitatem
1728 5115 1952 5192 proportionis
1969 5163 1977 5186 ,

205 5195 243 5250 ιι(
254 5188 440 5265 iwifiiih'i
452 5189 662 5268 mesticium,
676 5192 768 5264 idest,
784 5192 978 5268 montilionis
987 5209 1063 5271 pro·
1108 5206 1138 5259 et
1150 5198 1232 5270 torta
1247 5200 1487 5277 acceptationem
1503 5197 1637 5278 ejusqui
1656 5199 1752 5260 tuerat
1766 5195 1890 5258 laesus.

204 5273 282 5348 pria
294 5274 376 5335 citio
389 5278 503 5346 cestro,
518 5274 670 5351 faciendo
685 5274 798 5351 dipncs
812 5276 936 5352 tractas
947 5275 1062 5338 Poeni·
1147 5281 1291 5352 Quartum
1304 5280 1511 5345 testimoninm
1526 5280 1656 5344 habetor
1669 5281 1700 5342 i.
1713 5278 1854 5343 canath.
1875 5280 1908 5342 i.
1922 5282 1979 5343 ubi

206 5357 337 5426 tentiae,
354 5357 610 5418 tantumscittcet
619 5372 680 5434 pro
693 5358 830 5436 smapolis
843 5373 898 5442 nos
912 5357 1060 5437 afflinem
1106 5360 1138 5424 b.
1156 5363 1268 5426 Paulos
1284 5367 1363 5424 inter
1376 5365 1454 5426 alios
1469 5363 1569 5426 bonos
1583 5363 1700 5426 tructos
1715 5368 1843 5424 sanctae
1877 5365 1978 5426 tristr-

205 5441 261 5530 ιιι,
277 5444 437 5517 qnantum
450 5440 554 5516 dipna
563 5439 685 5516 caperit
694 5434 910 5518 Paenitentia,
921 5442 1016 5522 qaod
1031 5457 1060 5506 c·
1105 5443 1176 5519 tiae,
1192 5461 1270 5526 quae
1286 5445 1505 5508 Paenitentiam
1522 5445 1552 5508 ia
1568 5446 1698 5508 salntem
1727 5443 1874 5507 stabilem
1899 5462 1981 5526 ope·

209 5524 252 5576 Μ
264 5518 632 5616 communicandae,
1105 5531 1198 5601 rator,
1215 5529 1302 5608 ponit
1323 5528 1499 5592 vindictam.
1529 5527 1635 5608 Neque
1657 5527 1786 5592 multum
1814 5527 1914 5592 relert
1937 5547 1982 5592 aa

248 5598 353 5662 Petrus
367 5601 505 5663 llcmranr
520 5621 550 5663 ro
566 5619 661 5666 serm.
676 5603 707 5665 2.
722 5604 800 5666 des.
813 5604 989 5668 ladreazlle
1002 5605 1061 5669 tibi
1105 5609 1269 5687 Apostolos
1284 5611 1425 5691 loquatur
1439 5611 1478 5674 de
1492 5611 1637 5686 vindicta,
1653 5625 1744 5691 qoam
1759 5609 1798 5683 is,
1824 5613 1881 5690 qui
1898 5613 1981 5674 Poe-

204 5675 399 5758 blandiaris,
412 5684 444 5744 si
462 5686 602 5761 praoiter
610 5688 770 5762 peccanti,
787 5687 1059 5767 teaicrpoenilen-
1105 5693 1262 5756 nitentiam
1274 5695 1347 5774 cpit,
1361 5694 1399 5757 dc
1414 5695 1518 5774 seipsa
1535 5695 1640 5772 sumit,
1651 5709 1688 5756 aa
1704 5694 1744 5756 dc
1759 5709 1807 5768 ea,
1822 5709 1909 5772 qnae
1926 5700 1979 5756 in·
