4084 6275
843 365 940 425 LidEii
957 361 1080 421 ulttltts
1705 381 1754 438 t8l

88 513 204 580 seillam
217 509 338 574 lutheri
353 508 547 576 sententiam.
562 505 636 570 llam
650 500 927 570 etdletaesteLu·
970 496 997 592 sl
1018 494 1168 591 principle
1190 513 1244 562 sua
1265 499 1423 566 destruere
1446 506 1563 578 nolunt,
1588 507 1745 576 admittere
1770 525 1826 578 tor·

87 585 928 668 tleroiusensutertio‚lieetnolitllemnitiusretprae·
970 584 1045 641 uum
1067 580 1302 674 tllumsensum
1323 601 1393 648 eum
1423 587 1568 652 Lethero:
1603 609 1694 672 quern
1729 605 1827 663 tanren

86 692 155 742 terea
170 677 318 739 haeretica
331 682 380 740 est
394 677 485 739 etiem
500 675 532 736 in
548 671 687 740 seeundo
700 685 806 737 sensu,
833 682 926 745 quern
970 660 1100 758 latentur
1113 664 1311 758 ltpreureeum
1327 683 1398 732 esse
1417 688 1452 732 ae
1478 673 1584 735 merito
1613 673 1786 744 demnatum
1811 704 1827 746 a

84 761 250 832 demolitus,
279 763 312 821 et
343 758 484 821 Caluinus
515 755 686 818 admittunt.
719 749 762 814 llo
793 749 926 811 Primum
971 744 1295 811 eonorlrotrrdentino.

84 844 259 908 luisseillam
273 847 409 904 mentem
433 840 568 914 Lutlreri,
598 841 683 916 patet
696 851 734 898 ex
761 834 810 896 lris
835 832 924 896 loeis.

83 929 114 992 iu
127 927 176 989 lib.
191 925 228 987 de
241 924 348 1004 uatpl.
363 924 497 1004 eaptiril.
513 939 582 999 eap.
600 920 640 982 da
653 918 820 997 Baptismo‚
844 921 926 994 posi·

85 1027 163 1090 quarn
178 1008 291 1070 dixerat
306 1007 461 1069 hominem
476 1005 658 1082 baptizatum
672 1017 732 1062 non
744 999 926 1076 possedan-
1298 1011 1417 1076 fflppp
1438 1017 1501 1079 xp·

84 1093 150 1164 nari,
165 1090 220 1152 nisi
235 1088 312 1151 nolit
326 1091 464 1161 eredere,
480 1085 650 1165 subiungit:
677 1083 774 1145 Nullo
791 1085 927 1160 paeeuto

84 1176 287 1256 eumpoamtui
314 1173 484 1245 domuere,
513 1171 580 1235 nisi
602 1167 674 1230 eolo
699 1163 927 1228 incredulitas.-
1213 1239 1219 1254 ι
1549 1192 1550 1200 1

84 1253 340 1320 eoetmeuornniu
352 1256 382 1316 si
394 1256 517 1329 redeat,
538 1254 589 1316 uel
601 1255 661 1314 stet
682 1249 768 1326 fides
789 1247 828 1309 in
852 1262 926 1326 pro·
1052 1235 1113 1302 Per
1125 1237 1326 1317 neptunum
1338 1255 1406 1303 nou
1421 1239 1555 1306 tolerari
1567 1243 1751 1310 holrriuese

84 1340 255 1402 missionem
280 1337 431 1400 diuinum
455 1337 617 1416 baptizato
641 1333 773 1410 foetum,
799 1330 837 1392 iu
860 1344 928 1423 tuo·
1234 1343 1398 1406 seruanda
1412 1343 1478 1422 2393
1493 1343 1560 1408 pei·

84 1427 177 1484 anemo
189 1419 399 1482 obsorberetur
410 1436 469 1496 per
483 1418 620 1482 eoadem
633 1416 745 1493 iidem.
758 1411 840 1473 Haeo
861 1412 926 1472 rlle.

84 1503 310 1566 Ubirideseum
326 1494 848 1574 dieere,eiredeutoelatetiidee.
870 1493 927 1554 Pu·
1554 1533 1556 1538 .

83 1586 146 1648 tarit
163 1585 250 1662 igitur
270 1585 422 1646 lutherus
444 1600 536 1659 posse
557 1590 637 1647 stare
651 1581 757 1650 tidem,
772 1577 928 1654 dumqais
1012 1577 1155 1656 Sequitur
1178 1578 1272 1640 altera
1299 1576 1465 1657 propositio
1491 1578 1530 1641 de
1555 1580 1693 1643 seeundo
1716 1581 1828 1648 eiieeto

84 1674 188 1747 peceat,
203 1672 232 1730 et
246 1682 303 1745 per
318 1681 386 1729 eam
402 1665 508 1740 idem,
534 1669 658 1744 peecata
685 1677 748 1724 nou
773 1658 927 1736 imputari,
970 1659 1127 1738 Baptismi:
1144 1661 1328 1740 Baptismus
1342 1677 1411 1725 uon
1425 1663 1461 1724 id
1477 1661 1581 1742 effluit,
1594 1667 1630 1724 ut
1652 1663 1746 1726 ltomo
1757 1669 1848 1731 soli·¹

84 1751 161 1814 etiam
176 1749 245 1812 dum
258 1748 349 1824 ilunt3
365 1765 549 1830 quamquam
563 1743 735 1811 liemnitius
757 1757 819 1803 non
846 1741 928 1803 bona
970 1760 1010 1805 us
1024 1745 1104 1820 [idei
1115 1743 1238 1808 debitor·
1250 1744 1373 1817 sitnon
1384 1745 1689 1824 outeuea'orpleudue
1701 1748 1831 1812 univer·

84 1833 136 1894 ide
149 1833 225 1894 haue
252 1832 437 1894 sententiam
462 1831 614 1906 reterens,
639 1825 741 1891 omisit
768 1823 856 1885 illud:
878 1823 929 1886 oei
970 1843 1026 1887 aue
1039 1827 1115 1902 lepis
1133 1827 1256 1890 diluisti.
1284 1828 1365 1889 llaee
1382 1829 1511 1890 liabetur
1526 1829 1556 1889 in
1573 1828 1602 1890 l.
1621 1845 1688 1892 ean.
1706 1835 1829 1894 eoncilii

82 1919 134 1977 stet
144 1914 234 1992 fedus.
249 1911 327 1976 ilem
344 1914 375 1974 in
391 1914 445 1977 lib.
463 1915 503 1976 de
518 1913 657 1977 libertate
671 1909 847 1982 ehristiana3
861 1906 930 1969 Noa
972 1909 1095 1970 trident.
1109 1909 1273 1972 listautenr
1286 1911 1508 1972 obseruandum
1522 1911 1619 1986 primo
1632 1911 1752 1974 duobus
1768 1931 1831 1978 mo·

82 1995 283 2075 [neieinouiu
312 2012 488 2072 personum
517 1997 635 2059 bonum
660 1993 727 2064 ruisi
752 1991 846 2069 [ides.
869 2005 929 2052 nee
972 1991 1020 2052 dis
1038 1991 1165 2070 intelligi
1193 2009 1282 2068 posse
1299 1992 1453 2054 nerninem
1480 1993 1664 2071 baptizatum
1680 1995 1739 2056 diei
1757 1999 1831 2058 libe·

83 2082 202 2150 ndum,
227 2078 296 2140 nisi
316 2080 541 2141 incredulitas.
570 2079 646 2140 item
675 2077 705 2136 in
735 2071 927 2152 quaestione3
973 2089 1041 2136 rum
1058 2091 1074 2134 a
1092 2075 1158 2153 lege
1175 2075 1273 2136 divina
1300 2075 1460 2136 servanda.
1479 2075 1542 2136 lino
1566 2077 1668 2150 modo,
1687 2085 1718 2138 ut
1733 2078 1833 2142 laeere

83 2164 119 2222 ln
132 2177 218 2236 opera
233 2161 346 2222 iaciant
359 2162 396 2222 ad
413 2162 553 2224 salutern.
570 2161 647 2224 haee
662 2157 816 2235 estprima
828 2170 928 2217 asser·
972 2163 1076 2217 eontra
1091 2171 1157 2218 eam
1175 2157 1273 2235 legem
1290 2173 1349 2216 non
1365 2157 1404 2218 sit
1420 2158 1640 2238 injustum,rreo
1656 2169 1828 2236 peecatum,

83 2243 130 2305 tio:
146 2243 178 2306 tu
190 2242 446 2322 uiiriijmtiiieut
460 2245 528 2307 uisi
539 2245 634 2323 tides,
649 2243 699 2302 ito
710 2237 927 2314 nlutlpeeeae
972 2239 1059 2317 euasi
1074 2239 1122 2300 ier
1138 2240 1277 2319 abrogata
1293 2238 1427 2301 essetiit
1442 2241 1500 2302 hoe
1525 2257 1585 2302 non
1601 2240 1713 2302 donent
1727 2245 1833 2306 adver·

81 2327 371 2389 notiomeualitae.
402 2327 544 2390 Secunda
573 2324 713 2388 assertio:
733 2320 928 2402 justificatio
972 2321 1173 2400 sarii,quippe
1189 2323 1240 2400 qui
1258 2322 1359 2386 volunt
1375 2321 1474 2383 omnia
1491 2339 1584 2401 opera
1596 2323 1747 2403 justorum
1760 2343 1832 2390 esse

82 2409 200 2487 proprie
214 2414 257 2470 eal
270 2409 356 2485 fides
369 2415 485 2489 quarto
499 2404 928 2487 mod03etpeeeelumiuere·
974 2410 1110 2483 peecata,
1127 2405 1196 2480 utria
1214 2421 1376 2483 numquam
1393 2403 1521 2484 implent
1536 2408 1648 2486 legem,
1665 2413 1697 2468 ut
1709 2416 1832 2486 oporte·

83 2492 225 2555 omitum.
245 2490 325 2552 llere
341 2492 371 2552 in
387 2492 441 2554 lib.
457 2493 497 2554 de
521 2493 597 2554 rotis
622 2486 799 2553 monestieis
817 2505 826 2548 a
857 2486 926 2549 dre·
972 2493 1028 2550 ret.
1046 2487 1081 2548 El
1096 2488 1125 2547 in
1142 2488 1308 2550 troesenen
1336 2487 1444 2549 latetur
1465 2485 1636 2550 Kemnitius
1650 2488 1679 2548 in
1696 2491 1726 2550 u.
1746 2497 1830 2568 perte

83 2575 175 2636 derttia
186 2575 225 2636 in
240 2573 404 2636 divisium
415 2575 512 2638 nullu
524 2580 601 2639 sunt
614 2580 682 2636 tum
705 2571 795 2634 molo
815 2583 927 2645 opero,
972 2569 1076 2631 Eram.
1094 2587 1162 2648 pag.
1178 2569 1249 2631 did.
1267 2575 1349 2634 reete
1366 2573 1497 2648 positum
1514 2567 1584 2633 esse
1600 2571 1721 2632 concilii
1738 2590 1829 2636 eano-

83 2656 402 2735 puoepoeeintillum
416 2673 571 2720 neonem
585 2662 615 2720 et
641 2657 812 2720 domuere.
839 2652 929 2713 lieni·
972 2668 1054 2722 nent.
1074 2658 1103 2712 el
1119 2654 1298 2713 contrariam
1324 2651 1507 2714 sententiam
1523 2669 1593 2716 esse
1617 2653 1830 2731 blasphemam

82 2755 137 2813 que
148 2739 177 2799 in
194 2739 223 2799 l.
238 2752 384 2800 sermone
397 2755 491 2818 super
505 2739 698 2820 evangelium
713 2736 805 2798 leriae
819 2735 928 2811 upen-
972 2737 1002 2797 in
1019 2737 1119 2814 ipsum
1134 2735 1331 2815 Baptismum.
1349 2733 1454 2816 ltaque
1469 2737 1508 2798 de
1524 2737 1583 2798 lroo
1597 2751 1691 2798 sensu
1706 2745 1828 2802 nonest

83 2822 204 2881 teeostes
218 2835 314 2898 snper
329 2821 419 2882 illud:
435 2821 488 2884 Sie
507 2821 590 2886 Deus
614 2821 733 2884 otteutt
755 2819 926 2880 rotundum.
971 2819 1188 2880 controversia.
1571 2821 1574 2828 '

83 2901 228 2977 utiliter,
243 2901 358 2981 inquit,
375 2909 430 2971 eet.
444 2903 494 2966 tot
503 2905 633 2966 nullone
644 2907 738 2966 nocet
749 2906 926 2978 peccaturo.
1013 2903 1113 2963 Altero
1128 2901 1218 2962 modo
1234 2901 1362 2982 intelligi
1380 2905 1490 2980 potest,
1509 2909 1541 2962 ut
1554 2898 1653 2964 ia‘eere
1670 2909 1774 2964 eontra
1787 2903 1830 2968 le·

81 2981 113 3044 Et
127 2983 215 3047 addit:
231 2985 279 3046 sie
295 2987 390 3046 ileum
406 2987 481 3048 nillil
498 2987 597 3049 iaeere
627 2992 749 3061 peeeala
778 2984 929 3046 eredenti·
972 2999 1041 3060 gem
1057 2984 1096 3046 sit
1121 2983 1246 3064 quidem
1262 2992 1431 3062 peeuntum,
1463 2989 1561 3045 tamen
1585 2999 1646 3044 non
1664 2982 1830 3063 imputetur

82 3081 127 3126 an
140 3066 170 3125 in
183 3081 230 3138 se,
248 3068 406 3143 quomodo
419 3076 506 3149 pater
520 3068 596 3130 nilril
612 3068 683 3129 iaeit
697 3083 794 3145 nugas
823 3065 930 3127 luden-
973 3065 1023 3138 iis,
1041 3067 1091 3145 qui
1110 3066 1200 3128 iidem
1217 3065 1340 3143 liabent,
1358 3083 1416 3130 nee
1432 3067 1564 3147 pendeat
1574 3064 1764 3145 justificatio,
1778 3075 1830 3132 ntrt

83 3148 149 3208 tium
164 3149 334 3213 infantium.
350 3149 414 3212 libi
432 3158 536 3229 aperte
561 3152 695 3231 loquitur
718 3150 757 3211 de
781 3149 927 3227 pereatis,
972 3151 1055 3213 salus
1070 3150 1108 3213 ab
1123 3150 1300 3227 impletione
1313 3150 1402 3229 legis,
1418 3153 1473 3213 sad
1490 3168 1504 3209 rr
1522 3152 1586 3211 sola
1604 3150 1826 3225 miserioordia,

83 3245 151 3305 onae
165 3238 232 3293 aete
245 3232 337 3308 liunt,
353 3240 387 3296 el
408 3234 471 3297 ruit
486 3250 522 3299 en
548 3250 610 3296 non
634 3248 758 3305 nocere,
780 3232 852 3312 quia
875 3248 932 3310 per
972 3250 1050 3311 qaae
1066 3250 1120 3312 per
1134 3234 1225 3296 iidem
1241 3234 1491 3313 apprehenditur.
1501 3232 1573 3294 illio
1588 3231 1647 3295 hoe
1667 3234 1833 3295 sensato·

85 3311 167 3372 idern
181 3318 338 3393 leguntur,
353 3316 402 3378 nel
417 3324 614 3379 excusantur.
972 3314 1089 3377 theraei
1106 3332 1214 3379 omnes
1230 3315 1341 3379 doeenl
1356 3317 1443 3395 (lieet
1458 3316 1507 3377 alli
1526 3314 1672 3389 timidius,
1690 3315 1740 3376 alii
1754 3316 1831 3378 libe·

118 3393 196 3466 erod
218 3403 321 3459 autem
344 3399 435 3461 etiam
456 3398 489 3461 in
510 3399 649 3462 seeundo
670 3412 764 3461 sensu
796 3395 868 3457 talsa
890 3396 931 3458 sit
973 3396 1036 3459 rios
1052 3400 1228 3479 loquantur)
1245 3414 1305 3459 non
1321 3399 1449 3476 obligari
1467 3398 1653 3463 Cirrislinnos
1675 3399 1711 3458 ad
1729 3397 1828 3477 legem

82 3490 112 3535 ea
131 3478 309 3553 propositio,
335 3486 427 3557 patet,
449 3483 519 3562 qnia
531 3485 680 3560 repugnat
695 3481 797 3554 Paulo,
812 3480 841 3539 l.
858 3474 927 3541 Cor.
972 3481 1115 3551 divinam.
1129 3481 1183 3543 sed
1199 3480 1297 3543 solum
1313 3482 1349 3542 ad
1365 3482 1468 3557 litlern3
1487 3484 1578 3543 irnrno
1595 3481 1624 3540 iu
1642 3482 1699 3541 lroe
1714 3484 1826 3543 eonsti-

81 3557 317 3625 tusituuero
332 3578 462 3627 omnem
473 3566 876 3643 fidemitoutmontestra
917 3595 927 3608 ·
968 3570 1036 3625 terrt
1051 3580 1203 3626 summam
1228 3563 1377 3626 libertatis
1397 3560 1591 3641 evangelioae
1612 3579 1620 3639 3
1643 3568 1676 3623 ut
1697 3569 1830 3639 paretes

80 3638 196 3715 tuom,
222 3642 417 3707 euenturum
445 3653 553 3710 utitem
576 3645 822 3717 nonimlruero,
844 3645 882 3706 ui
905 3646 930 3707 il
973 3647 1026 3709 lib.
1042 3645 1165 3709 lutheri
1188 3647 1227 3708 de
1242 3646 1317 3708 lotis
1343 3649 1530 3720 monasticis,
1548 3645 1600 3706 ubi
1628 3644 1658 3704 in
1681 3644 1739 3707 lroe
1754 3646 1829 3709 dieit

81 3724 153 3786 atili
163 3728 304 3801 prodest.
322 3726 379 3790 Ubi
393 3728 506 3792 Paulus
519 3731 620 3798 doeet.
637 3744 729 3806 possa
743 3727 834 3790 tidem
857 3742 927 3791 esse
972 3730 1140 3792 consistere
1157 3730 1325 3791 libertatem
1341 3729 1586 3807 euangelii‚quod
1601 3728 1649 3805 pia
1665 3729 1826 3791 eonscien-

80 3806 139 3869 sine
150 3809 310 3882 sturitate,
327 3817 356 3871 et
372 3812 501 3884 proinde
516 3811 670 3873 hominem
685 3826 755 3874 eum
776 3825 844 3871 rere
867 3810 927 3873 lide
971 3813 1008 3872 tia
1026 3813 1064 3874 sit
1078 3813 1173 3876 libera
1190 3811 1227 3871 ab
1242 3811 1385 3873 omnibus
1400 3812 1556 3890 operibus,
1574 3826 1634 3870 non
1648 3809 1771 3885 quidem
1786 3812 1826 3873 ie·

79 3886 215 3952 damnari.
231 3890 423 3971 Respondet.
440 3893 563 3955 Paulum
578 3895 663 3974 loqui
688 3894 728 3956 de
753 3893 814 3955 ilde
838 3893 927 3954 mira·
971 3894 1089 3959 ciendis
1104 3896 1222 3975 (volunt
1237 3893 1317 3957 enim
1343 3910 1376 3955 en
1392 3893 1470 3968 lieri,
1494 3899 1525 3957 ut
1539 3892 1654 3955 iruelus
1669 3890 1754 3972 lidei)
1769 3896 1824 3955 sed

80 3970 217 4046 culorum,
233 3988 299 4036 noa
314 3974 355 4036 de
368 3974 429 4037 ilde
444 3974 642 4054 justiileante.
658 3974 779 4049 Contra,
795 3976 864 4055 quia
892 3976 928 4037 ss·
970 3980 1198 4045 accusantibus.
1227 3983 1258 4040 et
1273 3976 1521 4039 defendentibus:
1548 3974 1618 4054 quia
1635 3973 1717 4036 nulla
1734 3990 1826 4054 opera

78 4050 127 4113 des
139 4056 365 4125 miraculorum,
378 4058 458 4119 -nilril
474 4064 520 4121 est
531 4058 613 4122 aliud
636 4058 695 4120 nisi
724 4059 878 4121 ereellens
894 4058 927 4118 tl·
970 4069 1040 4121 sunt
1057 4068 1115 4123 tam
1133 4062 1221 4131 enata,
1241 4074 1317 4139 quae
1333 4059 1508 4121 credentem
1535 4072 1681 4121 aecusare
1696 4055 1824 4133 valeant,

78 4132 127 4195 des
145 4134 306 4215 catholiea,
330 4145 362 4200 et
379 4140 550 4219 justificans
571 4157 629 4204 suo
650 4141 753 4204 modo.
776 4140 862 4203 Unde
874 4142 926 4200 Pa·
969 4148 1000 4203 et
1013 4143 1167 4218 damnare
1185 4142 1264 4206 nulla
1281 4148 1339 4203 tam
1356 4143 1447 4214 bona,
1463 4156 1541 4220 quae
1556 4156 1626 4202 eum
1642 4145 1755 4218 queant
1769 4142 1820 4202 de·

76 4214 277 4310 alesioirade
293 4223 402 4283 eadem
416 4220 478 4284 ilde
493 4224 636 4303 loquens,
665 4229 844 4286 annumerat
858 4239 926 4285 eam
970 4227 1096 4290 iendere
1120 4232 1150 4289 et
1174 4224 1352 4307 justiireare.
1381 4226 1455 4287 ltem
1472 4227 1502 4285 in
1525 4220 1738 4286 commenti.
1755 4238 1824 4299 eap.

77 4296 136 4359 alrrs
149 4300 313 4365 virtutibus
327 4304 522 4384 theologieis:
550 4305 654 4376 iltuto,
680 4305 789 4385 inquit.
815 4313 928 4370 munet
969 4309 1005 4370 ad
1023 4308 1117 4371 Galat.
1146 4307 1273 4371 instituit
1289 4308 1370 4370 huno
1385 4308 1549 4385 dialogum.
1574 4304 1611 4367 st
1625 4304 1824 4367 conscientia

75 4378 158 4454 Mel.
171 4398 255 4461 tuce,
272 4386 428 4449 auarum.
444 4386 483 4449 iil
495 4389 555 4450 hoe
569 4389 638 4451 loeo
651 4388 736 4451 dieit:
752 4386 788 4450 st
806 4388 926 4452 hedua·
969 4392 1079 4454 dictet.
1095 4391 1249 4467 Peeeosti;
1274 4391 1446 4471 responde,
1473 4388 1618 4451 Peeeuot'.
1642 4387 1725 4465 Erpo
1742 4386 1825 4451 Deras

76 4477 108 4523 ro
121 4479 244 4528 omnem
257 4467 372 4545 fidem.
388 4469 559 4544 Praeterea,
584 4472 755 4535 seeundum
781 4470 924 4533 Lulirera·
967 4475 1091 4553 puniet,
1109 4480 1137 4537 et
1151 4470 1333 4548 damnabit·
1354 4490 1434 4537 nou.
1451 4472 1489 4534 At
1504 4472 1559 4541 lem
1586 4468 1644 4531 Dei
1659 4469 1718 4531 lroe
1733 4471 1824 4546 dieii,-

76 4560 126 4607 nos
140 4547 218 4609 nulla
235 4556 285 4612 est
299 4552 376 4612 ratio
389 4570 447 4615 eur
461 4569 521 4615 non
534 4555 632 4632 possit
643 4554 723 4617 fides
744 4554 810 4631 ipsa
835 4554 923 4633 justi·
967 4559 1025 4619 aed
1035 4558 1120 4620 nihil
1132 4558 1213 4620 milri
1224 4574 1297 4620 eum
1309 4558 1386 4635 lupe.
1402 4555 1607 4635 Quoreiquio
1618 4552 1719 4615 leuben
1732 4552 1824 4615 lider-

74 4624 160 4720 lleans
175 4646 302 4694 manere
317 4650 389 4696 eum
405 4641 541 4712 peeealo.
557 4636 627 4698 Nam
653 4634 731 4699 nilril
757 4641 805 4698 est
827 4637 920 4704 aliud.
968 4646 1076 4702 tutem.
1094 4640 1176 4701 idern
1192 4640 1265 4701 sotis
1280 4646 1383 4717 operte
1399 4641 1488 4700 ‹loeel
1500 4634 1589 4699 ioan.
1607 4635 1822 4711 Calvinuslib.

74 4722 127 4770 orsr
140 4709 248 4805 iidueia
264 4715 387 4779 divinae
401 4716 642 4793 misericordiae,
668 4725 702 4781 ul
724 4718 783 4795 ipsi
808 4720 922 4799 passim
967 4722 998 4784 3.
1015 4722 1149 4783 institut.
1167 4740 1235 4799 ear).
1253 4721 1303 4783 lo.
1320 4720 1335 4797 i
1352 4722 1383 4783 2.
1399 4720 1429 4783 l.
1448 4727 1478 4783 at
1495 4719 1524 4783 i.

72 4790 222 4886 desierunt.
239 4796 322 4875 Quid
337 4806 438 4861 eutem
455 4800 610 4877 prohibet,
623 4816 685 4879 ono
700 4802 801 4863 minus
827 4804 925 4879 possit
980 4824 985 4830 ’
1008 4806 1077 4868 ilota
1094 4808 1242 4874 seeundo,
1265 4802 1336 4882 quid
1352 4804 1515 4865 adversarii
1541 4803 1579 4865 de
1594 4800 1715 4864 eoneilii
1732 4816 1824 4863 eano-

72 4872 260 4967 alroursdum
275 4878 923 4956 iuratur,relmoeehatur,ooniidere.lleum
968 4904 1008 4948 ne
1023 4889 1167 4949 sentiant.
1193 4886 1334 4949 Calvinus
1356 4888 1387 4947 in
1412 4887 1553 4948 Antidota
1579 4882 1702 4947 coneilii
1728 4900 1822 4961 agno-

71 4969 125 5047 uon
140 4968 358 5038 imputaturum
370 4980 438 5027 earn
452 4968 605 5029 aetionem
620 4966 657 5028 ad
678 4973 848 5046 peceatum.
864 4966 922 5030 lle-
968 4970 1025 5032 seit
1041 4986 1187 5033 renonem
1215 4970 1244 5033 l.
1261 4966 1397 5042 ennodii,
1421 4974 1523 5030 eontra
1551 4972 1683 5031 suamet
1697 4980 1824 5029 suorum

71 5052 93 5095 st
108 5046 202 5115 potest
216 5060 290 5107 eum
306 5043 368 5107 ilde
384 5063 507 5111 manere
523 5055 683 5127 peceatum
700 5050 823 5120 laetum,
839 5051 922 5129 quod
966 5055 1148 5131 senitentiam
1166 5068 1236 5116 esse
1253 5054 1431 5132 positum3et
1442 5056 1546 5132 aperte
1558 5048 1741 5114 eontrarium
1754 5064 1822 5127 pro·

71 5122 160 5215 tanen
175 5140 247 5189 rere
262 5134 425 5207 peceatum
438 5137 497 5192 est.
514 5138 545 5190 et
557 5131 590 5192 in
604 5131 778 5211 justilieatis
804 5131 918 5198 haeret.
965 5134 1077 5197 litetur.
1873 5206 1876 5211 ,

69 5206 160 5280 dirpsi
174 5208 296 5279 dieunt,
313 5227 368 5272 eur
381 5228 443 5273 non
459 5212 549 5275 etiarn
567 5219 737 5291 peceatum.
761 5216 841 5291 qnod
864 5216 921 5276 siti
1007 5220 1041 5279 tt
1055 5218 1226 5280 liemoitius
1242 5217 1271 5278 in
1288 5215 1431 5278 Examina
1447 5216 1588 5295 eiusdem
1603 5212 1730 5277 eanonis
1741 5212 1821 5275 irau-

70 5281 182 5374 iertesi
197 5299 361 5367 peeeatom
378 5310 437 5357 non
451 5302 557 5374 posset
571 5298 741 5359 consistere
756 5312 825 5356 enm
844 5296 917 5374 ilde,
964 5299 1106 5362 dolenter
1123 5318 1229 5380 agens.
1247 5314 1413 5373 moresne,
1431 5298 1643 5378 praetermittit
1663 5312 1736 5357 eum
1750 5312 1821 5357 sen·

68 5365 94 5425 td
112 5384 169 5463 non
190 5379 278 5437 esset
298 5375 418 5456 ratione
437 5378 587 5455 temporis
601 5379 817 5456 praetoriolam
832 5396 918 5459 prae·
965 5399 1045 5453 sum,
1062 5384 1092 5445 in
1110 5398 1170 5460 ouo
1185 5383 1243 5463 ipsi
1257 5396 1369 5463 negare
1384 5381 1495 5457 solent,
1513 5380 1642 5460 obligari
1665 5378 1702 5439 ad
1718 5380 1821 5458 legem

69 5456 172 5547 senus&
188 5456 245 5517 sed
271 5457 393 5522 ratione
418 5458 563 5538 malitiae,
590 5466 622 5523 el
646 5462 796 5523 loeditatis
820 5463 918 5540 ipsius
963 5464 1164 5542 implendam:
1181 5476 1210 5527 et
1226 5480 1385 5543 perperam
1400 5464 1523 5541 exponit
1536 5466 1597 5525 tam
1612 5460 1733 5526 eoneilii
1749 5476 1821 5523 sen-

68 5541 184 5629 tieeeau.
206 5538 245 5598 tr
267 5548 428 5619 peecatum
446 5541 510 5623 iam
524 5544 635 5607 laetam
668 5562 736 5608 eum
771 5551 830 5606 lota
861 5562 917 5607 sua
963 5548 1098 5614 tentiam:
1116 5555 1149 5611 ut
1163 5566 1229 5609 eam
1245 5548 1472 5626 relallar‚quam
1486 5546 1623 5619 lutheri,
1640 5550 1673 5608 ul
1687 5558 1754 5607 eam
1766 5545 1819 5606 de·

68 5614 179 5711 trulum,
194 5625 226 5681 et
238 5619 384 5687 ineditale
399 5630 503 5689 manet
516 5632 681 5708 praesente
691 5627 764 5705 tide;
780 5627 860 5709 lirgo
881 5626 917 5690 u·
931 5624 942 5670 ,¹
960 5627 1075 5694 tendat.
1092 5630 1196 5710 ltaque
1211 5630 1272 5693 duo
1286 5630 1371 5691 dieit.
1389 5627 1500 5701 Primo:
1510 5627 1751 5691 lutherum-non
1765 5627 1820 5689 do·

66 5706 103 5759 err
116 5704 203 5763 mam
217 5709 325 5785 potest
337 5713 500 5785 praesente
525 5709 600 5774 ilde.
626 5709 727 5788 erare
751 5717 914 5791 eoguntur,
961 5712 1065 5777 coisse
1080 5712 1266 5778 Christianos
1282 5712 1396 5775 liberos
1412 5726 1482 5775 esse
1498 5710 1535 5775 ab
1550 5710 1724 5776 ohedientia
1741 5710 1819 5789 legis
