4084 6275
821 395 920 455 libati
939 389 1063 457 eoldus
1711 398 1767 455 eta

76 532 149 601 iliad
163 530 346 607 altlceretor,
359 544 421 597 nan
431 530 547 597 debere
560 532 620 596 nisi
632 530 751 595 adultos
767 528 923 606 baptizari,
964 532 1091 615 peceati
1110 530 1301 599 remissione
1326 533 1444 613 capital
1459 548 1478 607 ,'
1490 536 1529 597 att
1550 534 1645 599 illine
1656 548 1723 599 aeae
1738 532 1831 597 colii·

75 628 107 685 at
119 617 157 680 ab
171 613 388 695 duabaptistis,
405 632 484 697 quos
498 616 662 680 botberani
683 614 773 676 eliam
785 618 816 677 et
829 612 925 683 Calai·
966 623 1022 696 qai
1043 617 1255 698 animamque
1275 616 1413 694 recipiat
1432 622 1462 681 ei
1481 616 1578 697 iidem
1592 612 1756 696 continuet
1771 622 1830 681 eie.

73 699 156 767 uiant
170 698 412 778 reprehendant,
426 697 493 761 lieri
508 697 733 762 ridemus.liam
748 696 860 772 alioqui
878 698 920 757 in·
1010 699 1207 779 liespandea:
1223 699 1320 763 ltulta
1331 706 1404 761 sunt
1418 699 1448 761 in
1462 700 1617 780 Baptisma
1632 718 1641 761 :
1671 698 1827 773 Primum,

73 783 242 851 certissima
256 781 314 843 crit
324 779 513 860 iustillcaiio,
528 782 654 860 quippe,
681 794 759 858 quoe
773 780 811 839 ab
827 780 924 841 boati·
968 782 1046 843 aelia
1058 782 1124 860 ipsa
1140 779 1319 851 ablutionis.
1336 797 1414 860 quae
1430 784 1552 861 proprie
1574 800 1645 845 cum
1666 782 1762 845 aerbo
1778 797 1827 845 sa·

70 882 142 931 num
158 864 333 928 testimonio
348 864 491 943 pendeat:
508 863 706 942 nequeenim
723 863 774 940 qui
792 864 926 925 intactas
968 870 1157 926 aramentum
1173 864 1256 928 iacit:
1273 873 1363 942 atque
1378 865 1455 927 baec
1471 881 1530 927 nan
1556 869 1714 944 permanet
1731 910 1739 939 ,
1768 864 1824 927 sed

70 948 269 1029 baptizantur,
285 962 355 1009 eunt
371 952 477 1024 pastea
492 944 692 1016 adoleverint,
707 943 874 1020 baptizatas
889 960 924 1007 se
967 948 1042 1008 dam
1057 944 1197 1019 allicitur,
1214 946 1332 1020 transit,
1348 952 1381 1007 ul
1396 954 1500 1009 nolam
1512 955 1570 1009 est.
1587 947 1715 1021 Deinde,
1732 947 1827 1026 gralia

67 1033 162 1096 luisse
178 1028 330 1094 recordari
347 1029 546 1107 possunt,sed
561 1033 714 1107 coquatur
732 1027 845 1089 alienis
857 1043 923 1088 aer·
969 1029 1211 1106 regenerationis
1224 1035 1254 1091 ct
1265 1029 1563 1109 renovationis,quae
1577 1046 1630 1108 per
1641 1028 1828 1108 baptismum

66 1116 124 1184 bis.
140 1128 205 1175 nan
220 1112 285 1175 suis
300 1112 400 1174 aculis
412 1111 550 1193 credere.
568 1110 633 1184 Quo
646 1116 734 1187 paeto
759 1110 851 1187 igitur
865 1110 922 1172 ista
969 1111 1147 1189 acquiritur:
1163 1113 1239 1175 baec
1254 1126 1326 1183 reru
1342 1118 1442 1175 manet
1458 1112 1488 1173 in
1505 1114 1628 1185 aalma,
1652 1113 1753 1175 donec
1774 1126 1830 1189 per

65 1198 245 1269 cohaerent,
261 1200 294 1256 ul
307 1200 496 1255 sacramenta
512 1193 629 1271 percipi
642 1192 756 1260 dicant,
772 1208 833 1270 quo
848 1192 923 1253 certi
968 1193 1081 1255 lethale
1097 1203 1257 1271 peccatone
1272 1193 1423 1273 ejiciatur.
1446 1194 1503 1266 Oui
1525 1194 1610 1259 enim
1625 1199 1694 1273 post
1708 1194 1826 1272 baptis·

66 1280 232 1344 reddaotur
246 1274 541 1354 bomiuespropriaa
554 1273 781 1354 justificationis
799 1318 807 1346 ,
835 1279 866 1336 ct
881 1281 923 1336 ta·
969 1293 1050 1337 anum
1068 1276 1207 1353 peccant,
1225 1278 1372 1339 desinant
1396 1292 1467 1340 esse
1482 1276 1535 1339 lilii
1551 1276 1604 1339 Dei
1632 1281 1663 1337 et
1675 1276 1828 1339 haeredes

67 1378 135 1425 men
152 1359 287 1423 incertos
300 1374 355 1421 eas
367 1365 606 1436 essecoqantun
617 1361 840 1419 sacramentum
856 1372 925 1436 per·
967 1358 1070 1435 requi.
1087 1366 1180 1437 alque
1195 1359 1232 1422 ad
1245 1359 1380 1427 membra
1396 1358 1510 1421 diaboii
1527 1364 1558 1421 et
1572 1360 1744 1437 gebennam
1758 1373 1827 1437 per·

70 1443 221 1520 ceperint,
237 1458 307 1505 cunt
323 1439 454 1503 inientes
469 1440 641 1517 baptizanti
967 1442 1067 1504 tinere
1079 1440 1273 1522 incipiunt:id
1287 1438 1369 1521 quud
1385 1438 1589 1521 inSeripturls
1601 1439 1827 1519 apertissimum

107 1524 231 1600 Quinta.
246 1523 278 1587 Si
293 1522 467 1602 Baptismus
483 1522 562 1584 salet
576 1521 613 1583 ad
628 1526 776 1602 paccata,
793 1536 856 1581 non
872 1536 923 1583 so·
969 1532 1028 1587 est.
1044 1522 1159 1595 Tertio,
1186 1526 1343 1585 character
1369 1524 1493 1603 quidam
1518 1522 1704 1602 spiritualis;
1733 1528 1764 1585 cl
1778 1522 1831 1584 bic

67 1610 129 1671 lam
146 1606 320 1686 praeterita,
336 1604 392 1668 sed
407 1606 499 1667 etiam
512 1604 610 1667 lutura
636 1604 780 1681 delenda3
796 1619 924 1682 quaero,
969 1607 1095 1687 quidem
1110 1623 1234 1683 semper
1248 1614 1363 1687 manet,
1375 1622 1475 1687 aeque
1489 1622 1543 1685 per
1558 1605 1653 1669 ullum
1669 1610 1830 1682 paccatum

67 1708 127 1770 quo
139 1697 280 1769 tempore
295 1690 394 1751 lutura
409 1695 532 1768 peecata
548 1687 660 1751 deleat:
685 1704 725 1751 aa
751 1692 835 1759 tuuc,
852 1702 924 1749 eum
968 1691 1085 1757 aboleri
1101 1696 1214 1769 potest,
1230 1696 1261 1751 el
1275 1689 1391 1751 ratione
1416 1692 1505 1762 eius,
1533 1689 1704 1768 Baptismus
1729 1688 1829 1764 repeti
1948 1704 1951 1715 ·

66 1775 196 1854 primum
210 1771 390 1852 suscipitur,
407 1786 445 1833 an
460 1776 579 1849 postea,
606 1786 676 1833 oum
691 1770 729 1831 ad
745 1770 925 1831 memoriam
970 1772 1089 1851 nequit.
1118 1772 1178 1835 Sed
1206 1787 1308 1851 neque
1332 1770 1475 1835 Caluinus
1501 1770 1708 1839 characterem
1736 1770 1828 1831 latum

67 1860 237 1919 revocatur.
253 1853 284 1917 st
300 1854 466 1917 enimcum
481 1852 612 1931 primum
627 1852 805 1938 suscipitur,
821 1851 924 1913 amnia
968 1854 1109 1930 admittit,
1126 1870 1228 1936 ucqne
1238 1860 1288 1918 est
1298 1854 1455 1917 character
1466 1852 1587 1933 signum
1600 1850 1721 1915 risibile
1735 1858 1828 1930 atque

68 1945 192 2017 peccata
207 1937 297 2000 etlam
312 1936 411 1999 latura
427 1936 576 2015 usquead
591 1934 685 1997 linem
705 1935 783 1997 ritae
798 1933 900 1996 deleat
910 1963 922 2008 ·,
969 1944 1141 2011 arternum,
1155 1938 1295 2011 utrerba
1310 1938 1497 2015 adjunctum,
1514 1935 1636 2015 proprie
1651 1948 1830 1997 sacramen·

68 2018 261 2083 incredibilis
275 2026 485 2096 consequetur
498 2017 694 2090 absurditas,
724 2022 757 2080 ul
782 2016 927 2091 ridelicet
969 2025 1034 2083 tum
1049 2016 1170 2083 efficiat.
1186 2018 1286 2095 Quare
1297 2018 1369 2081 licet
1382 2018 1557 2097 Baptismus
1577 2018 1610 2081 io
1625 2032 1682 2080 sua
1697 2014 1829 2094 quadam

68 2109 192 2183 peccata
208 2103 294 2180 prius
303 2102 464 2166 deleantur
474 2117 567 2179 quam
581 2099 665 2173 daal,
681 2107 712 2162 et
735 2099 853 2162 bamini
873 2100 926 2162 ba·
964 2102 1083 2167 abacto
1098 2118 1222 2182 semper
1250 2107 1396 2165 maneat:
1422 2116 1485 2163 ηηη
1501 2107 1602 2163 ιηηηη
1619 2114 1685 2161 eam
1702 2098 1761 2161 aim
1776 2097 1831 2159 bo·

14 2222 21 2235 ·
68 2189 178 2265 plicato
190 2187 273 2247 nulla
287 2192 413 2264 peccata
425 2183 516 2246 etiam
529 2189 598 2263 pust
612 2183 799 2263 baptismum
813 2182 926 2245 admis·
970 2186 1045 2251 bet.
1069 2191 1102 2247 ul
1116 2200 1171 2264 per
1189 2184 1313 2248 madum
1329 2184 1410 2263 signi
1438 2182 1569 2246 risibilis
1594 2180 1832 2260 promissionem

68 2285 113 2342 sa,
129 2279 243 2331 nocere
258 2272 382 2349 queant,
398 2282 434 2329 aa
447 2267 571 2329 demum
586 2271 620 2327 ul
634 2280 743 2327 omnes
757 2264 898 2343 baptizati
912 2281 923 2328 ‘.
971 2267 1165 2341 confirmare,
1182 2275 1285 2347 atque,
1307 2271 1341 2329 ut
1365 2266 1426 2346 ipsi
1451 2266 1639 2345 loquuntur,
1665 2264 1833 2343 obsignare

69 2367 103 2412 ae
118 2350 249 2429 proinde
263 2365 373 2411 amnes
387 2355 450 2411 taut
462 2348 606 2411 catholici
617 2354 684 2410 lum
698 2348 924 2420 baeretici,mo·
970 2352 1081 2432 possit.

69 2434 108 2495 do
122 2434 309 2510 Baptismum
323 2432 530 2510 susceperint,
552 2431 730 2493 necessaria
750 2431 858 2491 saltari
874 2431 928 2493 de·
985 2450 988 2454 ·
1013 2434 1122 2497 bicent
1134 2433 1277 2495 iortasse:
1292 2429 1394 2510 Ipsam
1409 2428 1554 2509 Baptismi
1566 2422 1832 2506 actiquemuis'qbi·

67 2515 171 2578 beant:
189 2514 389 2578 terumcuim
406 2530 478 2577 esse
493 2512 683 2592 baptismum
710 2512 926 2581 ctsalutarem.
970 2516 1032 2580 iem
1048 2522 1139 2595 atquc
1155 2522 1310 2577 externam
1325 2529 1450 2593 semper
1475 2526 1611 2585 manere,
1627 2527 1688 2572 nan
1703 2510 1827 2589 quidem

68 2614 160 2675 qoem
176 2597 308 2660 tutantes
323 2598 403 2675 apud
419 2613 477 2659 nas
498 2596 695 2676 suscipiunt,
715 2594 880 2657 Lutberaui
897 2603 928 2658 et
972 2600 1004 2661 iu
1018 2614 1068 2667 se.
1084 2598 1139 2661 scd
1155 2598 1184 2660 in
1201 2602 1304 2659 mente
1319 2602 1350 2658 et
1364 2595 1548 2675 capitatione
1572 2592 1706 2656 bominis
1736 2592 1837 2671 bapti·

69 2680 237 2744 dalaimam
253 2696 314 2741 ηοη
330 2685 453 2759 negant.
551 2756 554 2761 Ι
972 2682 1042 2744 rati.
1058 2682 1094 2743 tt
1109 2680 1139 2742 id
1164 2695 1223 2741 nan
1250 2676 1362 2742 sufficit
1383 2684 1415 2741 ul
1439 2682 1664 2741 sacramentum
1688 2674 1834 2753 Baptismi

107 2763 195 2839 Quod
212 2763 238 2825 si
253 2762 329 2825 larte
344 2761 485 2831 dixerint.
498 2765 622 2839 peccata
649 2767 716 2839 pust
741 2759 927 2837 baptismum
972 2763 1241 2827 manerevdicatur:
1258 2766 1288 2823 et
1302 2761 1328 2823 si
1344 2761 1374 2823 id
1387 2758 1552 2832 sufficeret,
1567 2768 1651 2823 certe
1663 2756 1754 2819 etiam
1771 2754 1830 2821 Eu-

66 2845 235 2906 cummissa
250 2859 310 2906 nan
326 2859 410 2916 esse,
433 2850 596 2925 antequam
619 2842 694 2904 llaut
708 2889 716 2917 ,
732 2843 844 2915 deleta,
868 2842 925 2904 sed
973 2845 1138 2909 charistiae
1153 2842 1348 2907 manducatio
1363 2843 1460 2905 semel
1478 2847 1609 2920 peraeta,
1632 2854 1756 2919 semper
1770 2856 1832 2903 ma·

68 2936 144 2989 tanc
158 2927 282 3007 demum
297 2927 432 3005 purgari,
449 2943 518 2990 cum
536 2943 592 3006 per
605 2924 697 2988 lldem
723 2930 755 2987 el
767 2925 929 2987 Poeuitcn·
974 2933 1074 3005 ucret;
1091 2926 1222 3007 proinde
1237 2926 1348 2989 trustra
1364 2929 1566 3003 repeteretur.

68 3010 142 3071 tiam
157 3010 195 3070 ad
211 3009 334 3089 signum
348 3016 380 3071 et
392 3008 501 3071 loedus
512 3009 657 3088 Baptismi
678 3007 780 3069 auimo
802 3015 833 3068 ct
847 3007 930 3086 cogi·
1015 3009 1171 3074 Secunda:
1189 3007 1332 3071 Celsinus
1346 3006 1460 3069 ibidem
1476 3002 1684 3083 silleronymi
1698 3001 1835 3067 testima-

68 3097 187 3155 tationa
216 3092 343 3154 reditur:
372 3090 484 3171 duplex
512 3092 685 3156 absurditas
709 3095 930 3171 consequetur.
974 3093 1212 3158 aiumadducil:
1232 3089 1333 3168 Quod,
1367 3088 1490 3171 inquil,
1516 3087 1733 3168 llieranpmca
1753 3086 1837 3162 dare

68 3173 142 3238 llam
156 3180 188 3236 et
200 3175 314 3237 incerta
330 3176 388 3236 erit
397 3173 585 3256 justillcalio,
602 3181 635 3237 ul
655 3176 747 3255 paula
761 3179 831 3235 aute
846 3173 929 3234 dice·
975 3184 1005 3240 ee
1024 3175 1203 3256 improprie
1215 3175 1313 3246 discit,
1329 3171 1534 3236 Paenitentia
1546 3171 1701 3250 emereri
1713 3167 1840 3247 napta-

69 3258 195 3332 bamu's,
212 3275 283 3320 cum
298 3257 337 3320 ob
361 3258 520 3320 bominum
545 3259 722 3320 testimonio
737 3256 883 3334 pendeat:
900 3261 931 3317 ct
975 3253 1114 3336 mamm
1128 3271 1191 3338 qna
1214 3257 1383 3326 eamdent.
1410 3256 1469 3336 qni
1492 3253 1775 3316 escammcntoori
1796 3251 1838 3330 qb

71 3341 179 3402 eadem
197 3341 315 3403 ratione
329 3342 452 3402 tolletur
466 3339 676 3403 Eucharistiae
701 3338 907 3414 trequentatia
922 3385 930 3411 ‚
976 3340 1122 3405 Ecclesia
1141 3341 1318 3414 mereatur)
1333 3339 1410 3402 boni
1419 3337 1474 3400 isti
1483 3336 1672 3415 intepretes
1684 3333 1730 3398 nti
1743 3349 1840 3398 tuam

71 3441 140 3485 cum
156 3426 197 3483 ita
211 3421 355 3486 sufficere
369 3423 468 3503 possit
482 3423 627 3485 memoria
641 3422 810 3501 spiritualis
824 3420 885 3481 cibi
901 3435 932 3479 a·
976 3425 1177 3568 impietatem
1191 3421 1334 3484 trabunt.

72 3505 219 3581 liquando
234 3507 359 3585 gustati.
376 3506 638 3584 quemadmodum
657 3501 803 3565 memorio
819 3499 931 3563 subicit
1044 3500 1285 3583 espondeotlpsa
1299 3501 1469 3587 sintiiiluda
1479 3499 1599 3563 tabulae
1612 3497 1839 3577 aquiraqii‚qua

71 3588 181 3650 liliiii
198 3589 363 3667 ³¹ill¹¹fl¹¹d⁰
380 3588 530 3667 percepq,
540 3586 596 3650 iel
611 3587 637 3649 si
652 3585 816 3648 ridiculum
832 3589 880 3645 est
895 3585 934 3645 tto
980 3592 1024 3652 lat
1038 3590 1069 3651 iu
1083 3585 1161 3650 locis
1176 3602 1203 3648 s.
1219 3583 1423 3666 Hieronymus
1438 3584 1552 3658 utiiar,
1568 3581 1642 3644 satis
1657 3589 1763 3659 aparte
1786 3580 1841 3643 da-

71 3672 251 3732 memoriam
267 3671 328 3732 cibi
344 3672 381 3732 ad
398 3670 588 3733 saturitatem
603 3669 777 3749 prodesse,
799 3665 936 3729 uicibus
978 3678 1040 3743 cet,
1055 3675 1116 3733 laia
1131 3668 1232 3736 coelo.
1254 3667 1303 3728 acl
1319 3668 1420 3743 polius
1447 3665 1520 3727 mari
1537 3664 1716 3735 „oberrare
1746 3662 1841 3726 calep.

71 3752 138 3830 ipse
154 3753 294 3832 prodest:
309 3769 365 3816 aar
378 3769 441 3814 noa
457 3753 603 3815 sitellam
618 3750 792 3821 ridiculam,
816 3751 856 3812 ita
872 3765 936 3811 me·
980 3771 1066 3816 aura.
1082 3749 1153 3814 llam
1170 3749 1197 3812 si
1211 3747 1416 3828 Hieronymus
1431 3746 1605 3827 significare
1627 3745 1721 3816 vellet
1739 3791 1746 3816 ,
1765 3745 1840 3808 Poe.

72 3834 200 3898 mariam
216 3836 327 3901 lauacri
342 3835 379 3897 ad
394 3835 535 3898 maculas
559 3833 710 3899 eluendas
734 3831 887 3906 cauierre,
904 3837 937 3894 ut
980 3835 1106 3900 nitentia
1121 3835 1254 3912 reparari
1269 3832 1456 3910 baptismum
1472 3849 1480 3905 ;
1497 3845 1558 3890 non
1574 3827 1712 3898 diceret.
1730 3827 1839 3890 Paeni-

70 3918 143 3981 lotio
157 3919 225 3998 ipsa
241 3916 374 3982 caalcrti
980 3919 1106 3980 tentiam
1121 3931 1192 3979 esse
1204 3916 1336 3977 tabulam
1352 3920 1422 3993 post
1443 3910 1633 3989 nattlraqium
1651 3955 1660 3985 ,
1689 3912 1743 3973 sad
1773 3925 1840 3971 sea·

979 4005 1085 4081 pluam.
1101 4016 1160 4078 qua
1178 3998 1328 4062 rediretur
1341 3997 1377 4058 ad
1395 3995 1509 4057 norim.
1524 3990 1630 4069 licque
1659 3991 1742 4055 enim
1758 3992 1841 4072 ejus-

981 4081 1208 4155 modltabulas,
1225 4076 1277 4160 qul
1293 4080 1325 4140 iu
1350 4077 1529 4141 discrimina
1555 4076 1638 4170 'vitoe
1666 4083 1840 4148 versantur,

403 4228 519 4297 nau
538 4226 618 4296 m.
980 4167 1116 4312 illia
1129 4163 1427 4322 {sistartiis
1442 4155 1843 4319 tlitllllitlllltl

447 4346 451 4351 ’
981 4345 1075 4411 aegre
1089 4335 1180 4406 atque
1197 4325 1391 4392 incommode
1406 4323 1449 4388 ad
1459 4323 1543 4386 littus
1558 4327 1682 4385 eantare
1710 4329 1838 4399 queant.

982 4414 1033 4476 Sic
1048 4411 1130 4476 enim
1145 4410 1278 4490 explicat
1292 4425 1320 4472 s.
1337 4407 1541 4487 {lieronymus
1553 4403 1788 4468 similitudinem
1804 4405 1841 4466 il·

320 4493 497 4561 Sotccnnn
510 4496 713 4580 abjectiones·
981 4497 1042 4559 latu
1058 4495 1088 4556 in
1104 4497 1197 4573 epist.
1213 4491 1250 4554 ad
1266 4491 1475 4562 Sabinianum:
1495 4485 1635 4566 madai,
1653 4490 1765 4566 inquit,
1780 4502 1842 4550 nec

980 4580 1011 4642 ei
1024 4575 1259 4641 Paenitentiam
1271 4574 1339 4638 aab
1352 4583 1459 4652 aqna,
1475 4575 1505 4634 ci
1517 4571 1621 4649 stacio
1634 4569 1779 4648 naaiqio,
1798 4576 1844 4631 tu·

982 4660 1094 4725 balam
1106 4675 1166 4738 per
1176 4673 1277 4739 qaam
1289 4655 1413 4720 sonori
1432 4659 1580 4735 potarat,
1594 4657 1839 4726 concatenat:

13 4736 14 4775 ³
120 4727 180 4796 Sed
207 4730 274 4813 jam
303 4740 482 4814 argumenta
510 4734 754 4800 adversariarum
784 4737 934 4820 diluenda
982 4741 1212 4824 caparaicerc,
1228 4745 1288 4802 ete.

77 4819 157 4876 ⁵⁰⁰¹·
178 4814 217 4905 ¹3¹
230 4816 375 4894 i⁰⁰⁰³⁸ffl
390 4817 421 4879 5⁰
434 4815 514 4881 mim
538 4820 578 4883 <¹⁰
591 4818 769 4900 Bilibium,
796 4837 864 4897 ⁰ill·
884 4819 934 4883 ¹⁸·
1023 4823 1138 4890 Tertia:
1152 4825 1175 4886 d
1191 4819 1366 4886 testimonio
1381 4819 1601 4899 scriptumest
1612 4815 1725 4880 ueteris
1740 4814 1847 4878 Eccle-

13 4904 15 4939 t
76 4896 224 4960 soluimus
239 4903 419 4981 argumenta
434 4901 571 4966 lutheri.
585 4901 733 4966 licmuitii
747 4909 780 4966 et
793 4901 908 4965 Caluini
924 4949 934 4974 ‚
980 4908 1061 4981 stae,
1083 4912 1296 4986 argumentum
1311 4903 1396 4966 duple
1410 4903 1459 4964 his
1473 4901 1598 4966 verbis:
1615 4899 1783 4979 ,eptam
1795 4897 1846 4960 di·

13 4976 18 5071 l
77 4993 154 5054 quaa
167 4982 227 5059 ipsi
243 4981 406 5045 allulerattl
419 4984 450 5047 ln
472 4982 732 5066 disputationibus
759 4985 799 5048 de
819 4983 936 5066 Raptis·
980 4992 1082 5066 melia,
1098 4990 1127 5053 si
1143 4985 1346 5068 quiiemnm
1367 4983 1532 5048 oceanea-ie
1559 4977 1845 5052 Paeniteniiaesa·

13 5078 17 5108 ε
78 5076 138 5122 mo:
152 5078 239 5125 uuoc
250 5077 286 5125 ea
299 5063 400 5128 ηηΙηιη
411 5075 588 5148 commenta
600 5066 794 5131 dissoluenda
807 5074 935 5139 restant.
981 5076 1195 5146 crementum,
1212 5085 1288 5134 cana
1305 5070 1344 5132 in
1373 5064 1649 5146 continuationem
1676 5067 1804 5144 protem
1818 5065 1849 5125 el

13 5151 19 5192 Ι
78 5159 155 5238 quae
170 5144 318 5208 cattinas
332 5147 449 5211 addidit
461 5149 517 5213 ltb.
531 5150 564 5212 1.
579 5149 677 5214 instit.
700 5165 770 5230 cap.
786 5147 837 5214 ltl.
853 5150 871 5232 1
887 5149 936 5214 tt.
981 5157 1066 5237 {idei
1084 5151 1247 5234 matiam,
1269 5151 1312 5216 iis
1332 5149 1428 5214 amos
1447 5151 1499 5223 att,
1522 5149 1582 5229 qni
1608 5143 1849 5211 Paenitentiam

13 5229 19 5278 t
78 5223 180 5319 ubrde
194 5234 389 5293 sacramento
414 5229 623 5295 Paenitentiaa
644 5235 770 5313 proprie
790 5234 937 5313 disputat.
982 5239 1195 5304 meditantur.
1215 5231 1362 5311 andote
1376 5237 1592 5296 commentum
1606 5245 1674 5294 eece
1698 5234 1849 5292 mamm

12 5311 20 5367 t
79 5305 129 5369 Sta
142 5309 235 5389 iqitur
248 5311 303 5374 ille
317 5321 555 5392 argumentatur:
571 5315 745 5392 Baptismus
760 5331 816 5395 per
829 5333 938 5397 pecca·
982 5325 1088 5403 pestes
1101 5323 1333 5400 praeterquam
1346 5315 1434 5395 qaod
1454 5313 1643 5393 scripturae
1656 5308 1761 5376 serbis
1773 5323 1848 5374 cuae·

80 5394 141 5483 ium
162 5409 225 5488 ηηη
239 5394 373 5471 deletur:
388 5397 554 5476 iqilortoto
570 5398 629 5460 sita
644 5398 730 5460 utilis
756 5413 827 5462 essa
852 5405 938 5477 pate·
983 5402 1086 5485 [none
1101 5405 1158 5472 eal,
1173 5397 1474 5480 apparelinoeteai
1495 5395 1639 5459 Ecclesia
1661 5393 1848 5478 iniaseper·

12 5476 21 5533 t
82 5479 129 5547 nt,
143 5489 171 5537 st
185 5475 224 5538 ad
239 5477 417 5541 memoriam
439 5486 623 5555 rcrocetur,
646 5481 768 5559 quoties
795 5487 939 5560 peccator
982 5483 1270 5565 aalqctcnainstor
1280 5477 1449 5542 carissimo·
1463 5479 1651 5543 amoenati.
1668 5475 1798 5538 linceio
1812 5475 1861 5538 ii*

12 5566 22 5649 o
84 5556 120 5615 dc
133 5557 319 5622 remissione
332 5559 455 5640 captat:
474 5559 574 5639 Quasi
585 5576 672 5634 aare,
684 5563 856 5644 inquit,per
867 5579 939 5644 pcc·
986 5567 1066 5633 betto
1082 5568 1122 5631 ue
1135 5566 1202 5644 piae
1217 5565 1263 5628 orl
1277 5563 1420 5636 Petram,
1433 5562 1492 5641 qai
1502 5561 1678 5639 laquatico
1698 5555 1850 5622 amorim

12 5649 23 5701 t
84 5642 155 5700 wia
168 5641 534 5723 delcotnriioptianaas,
556 5651 587 5709 et
605 5661 676 5710 nen
694 5646 803 5725 pelias
822 5646 861 5708 in
873 5662 938 5709 ote·
984 5659 1050 5724 ton,
1066 5654 1306 5713 sacamentum
1325 5645 1409 5724 iidei
1427 5648 1457 5708 et
1481 5642 1702 5707 Paenitentiae
1716 5640 1849 5703 dicitur.

13 5730 23 5783 t
83 5722 221 5786 maican
245 5726 449 5790 reuocandas
474 5729 516 5792 ait
540 5732 723 5808 peccatori,
748 5730 874 5810 quoties
898 5731 939 5794 de
983 5731 1312 5816 iltqnidadincerla
1326 5725 1743 5806 eonibqiataeiquaaiaero
1755 5733 1851 5804 apat·-

153 5821 314 5880 Βιιιηιιηη
332 5823 391 5880 llol.
412 5826 459 5881 tlt.
1598 5820 1632 5882 qq
1849 5855 1854 5866 ,
