4084 6275
283 309 336 367 712
742 371 747 379 ,
945 311 988 367 ot:
1006 308 1232 371 roaolroorta

219 457 402 510 romusesse
415 442 614 523 hyperbolem
627 442 658 504 in
673 442 734 507 illis
749 441 1072 520 testimoniisl’atrnm,
1119 446 1200 528 exigi
1215 464 1231 509 a
1247 448 1310 509 lleo
1326 443 1536 527 poenamque
1552 438 1855 513 Paenitentiamsed
1873 450 1993 501 noram

216 530 318 591 adbuc
346 532 446 589 tamen
474 524 659 587 haberemus
687 533 900 605 argumentum
921 524 1074 589 solidissi·
1119 530 1327 595 tantummodo
1342 528 1444 593 ritum.
1460 526 1776 601 oaeetrieteutmoap.
1795 522 1851 585 33.
1867 516 1994 585 inducit

216 611 299 672 muni
316 614 419 673 contra
433 606 635 670 aduersarios.
647 607 853 687 Hyperbotiea
868 608 950 673 eaim
965 608 1075 688 loquu·
1119 612 1281 677 Dominum
1297 614 1336 675 ito
1350 614 1539 688 loquentem:
1556 609 1708 688 Impietas
1721 606 1820 685 impii
1845 621 1924 669 non
1936 617 1994 665 no·

217 695 259 755 tiu
274 690 413 771 requirit,
428 692 462 749 ut
477 706 547 752 rere
562 690 677 765 aliquid
701 691 802 753 subsit
817 692 846 753 iu
862 707 907 767 re,
925 691 996 754 lieet
1011 706 1074 755 non
1120 694 1210 763 cedit.
1227 710 1432 774 quacumque
1445 694 1498 756 die
1514 706 1683 755 conuersos
1695 690 1795 767 faerit
1809 686 1853 751 ab
1863 688 1994 765 a'mpie·

217 782 278 837 taur
293 774 492 843 excutientem
510 788 600 850 qoem
624 774 714 835 rerba
743 773 929 851 significant:
959 773 1073 849 alioqui
1118 784 1266 853 tolerem,-
1281 795 1318 839 ex
1332 792 1394 855 quo
1409 777 1477 839 loco
1492 774 1595 853 colligi
1608 775 1735 844 ridetur,
1751 773 1856 835 nutias
1878 786 1994 849 super·

215 853 297 920 enim
314 871 375 916 uon
387 855 567 932 hyperbole,
583 855 639 917 sed
654 857 848 920 mendacium
861 862 956 927 esset,
972 871 1074 933 neque
1120 876 1190 923 esse
1212 876 1354 939 poenas,
1381 874 1458 939 ques
1474 860 1555 921 heus
1580 860 1697 937 repetat
1724 854 1762 917 ab
1790 850 1894 932 impio
1924 864 1996 928 post

216 950 276 1003 tam
292 936 445 1016 eiusmodi
460 936 566 1023 liguris
581 946 753 1012 ornaretur,
768 956 859 1017 quatu
875 939 1028 1000 vitiaretur
1043 954 1074 998 o·
1121 944 1368 1019 couversioncmy
1386 946 1455 1020 quia
1472 941 1499 1003 si
1515 941 1615 1018 aliqua
1645 942 1827 1014 superesset
1857 952 1968 1015 poena
1987 982 1995 1009 ,

216 1025 302 1084 ratio.
319 1019 433 1083 Scribit
445 1020 536 1080 ouria
549 1037 596 1099 ps.
611 1020 681 1083 toa.
696 1023 735 1083 de
747 1022 876 1084 nuribus
887 1020 918 1083 in
933 1022 1005 1083 mari
1022 1036 1073 1098 pe·
1120 1032 1204 1089 certe
1220 1026 1322 1087 adhue
1338 1030 1463 1087 noceret
1482 1020 1578 1101 impio
1594 1022 1735 1099 impietas
1748 1036 1818 1081 suo.

216 1103 433 1167 rictitentibus:
454 1104 636 1166 decendunt
650 1120 755 1184 usqae
776 1106 821 1168 ad
834 1104 937 1168 coelm
964 1111 995 1165 et
1020 1104 1075 1167 de·
1160 1108 1357 1186 Respondes:
1376 1106 1532 1171 Sententia
1549 1105 1718 1183 prophelae
1743 1118 1805 1163 uon
1831 1105 1895 1174 est,
1910 1100 1996 1178 quod

213 1188 375 1250 scendunt
387 1200 491 1265 rapae
505 1186 702 1267 adaequas,
719 1190 795 1248 heco
819 1188 943 1266 quidem
964 1187 1075 1263 hyper·
1121 1190 1197 1253 nihil
1213 1190 1338 1255 omniuo
1354 1191 1495 1267 impietas
1510 1194 1619 1250 noceat
1634 1186 1727 1264 impio
1756 1189 1829 1263 post
1858 1200 1995 1245 conner-

214 1271 315 1333 boliea
332 1270 545 1345 loquulloesl,
564 1276 664 1331 leuton
682 1270 740 1331 lllsl
757 1285 859 1331 teleta
883 1268 1074 1331 navesdllw
1120 1274 1322 1347 sloneln38ed
1339 1272 1498 1351 quodnoll
1528 1275 1637 1333 noceat
1660 1268 1699 1329 dd
1726 1268 1938 1329 obtinendam
1966 1274 1997 1327 et

217 1354 321 1415 ctibus
350 1352 504 1413 interdum
532 1353 619 1413 ratde
640 1353 699 1415 alte
720 1353 956 1416 sustollerentur
978 1356 1008 1411 et
1024 1352 1076 1411 de·
1120 1355 1364 1417 conservandam
1381 1352 1505 1432 gratiam
1521 1352 1575 1415 oet
1604 1359 1635 1413 et
1649 1350 1779 1412 salutem
1802 1358 1993 1411 aeternam:

215 1437 431 1514 primerentur,
448 1450 509 1495 uon
525 1432 665 1513 figurem,
689 1434 744 1496 sed
760 1435 953 1496 mendacium
969 1432 1016 1509 (ut
1031 1433 1079 1509 diu
1121 1456 1188 1499 nam
1205 1440 1278 1517 quid
1295 1439 1336 1499 sit
1352 1453 1479 1511 uouere,
1497 1441 1548 1497 aut
1564 1450 1624 1497 uon
1641 1449 1755 1495 nocere
1781 1433 1921 1511 explicat
1938 1432 1994 1493 ibi·

214 1515 329 1599 ximus)
345 1518 527 1589 contineret.
544 1517 587 1579 ad
604 1517 735 1579 eundem
748 1517 839 1595 igitur
862 1518 997 1588 modurn,
1016 1514 1075 1585 uisi
1121 1522 1190 1585 dam
1207 1522 1366 1600 propbeta,
1384 1536 1451 1583 eum
1482 1534 1543 1581 uon
1574 1516 1671 1581 semel
1701 1514 1826 1593 repetit,
1858 1512 1992 1587 impium

215 1617 308 1681 opera
325 1599 476 1662 laboriosa
489 1598 617 1676 aliquid,
632 1601 678 1661 rel
694 1601 795 1677 potius
807 1601 867 1661 uisi
883 1600 1010 1663 multum
1027 1614 1076 1659 aa·
1121 1611 1189 1681 uuur
1204 1604 1440 1667 uuuuuusiuuuuu
1457 1618 1516 1663 uun
1533 1601 1724 1670 moriturum,
1741 1604 1771 1659 et
1781 1597 1907 1677 justum
1925 1605 1993 1673 post

216 1686 316 1745 terent
332 1684 370 1745 ad
386 1697 517 1757 poenam
532 1689 728 1761 peecatorum
741 1681 923 1762 expiandam
937 1689 966 1743 et
978 1680 1076 1743 Deum
1120 1692 1312 1749 aversionem
1327 1702 1388 1748 uon
1406 1686 1568 1746 moturum.
1601 1680 1872 1754 Quemadmodum
1904 1680 1993 1756 igitur

215 1767 414 1845 placandum,
430 1780 491 1827 eorl
508 1764 739 1843 hyperbolicae,
766 1764 821 1825 sed
838 1764 932 1825 lolsae
947 1779 1076 1843 prorsus
1120 1785 1181 1831 non
1199 1775 1328 1848 prosunt
1340 1768 1477 1848 justitiae
1490 1766 1585 1845 justo,
1602 1766 1628 1828 si
1643 1781 1659 1825 a
1675 1762 1807 1826 llomino
1823 1768 1988 1833 arentetur,

217 1857 353 1911 rcterum
369 1845 541 1910 sententies
557 1847 617 1909 dici
646 1847 806 1909 deberent.
833 1845 938 1924 ltaque
967 1846 992 1906 si
1016 1862 1076 1923 qua
1121 1853 1191 1931 quia
1208 1868 1269 1915 nou
1287 1858 1417 1929 possum
1435 1849 1558 1912 allicere
1573 1854 1605 1911 ut
1618 1863 1680 1909 aon
1698 1844 1861 1909 moriatur:
1889 1844 1939 1905 sic
1953 1854 1989 1905 et·

218 1940 266 1995 est
280 1929 451 2010 hyperbole
469 1930 499 1990 iu
515 1929 578 1991 illis
594 1931 743 1993 encomiis
758 1928 986 2001 satisfactionis,
996 1942 1076 2006 quae
1119 1936 1178 1995 iam
1196 1952 1255 1996 non
1273 1939 1385 1997 nocent
1399 1933 1495 2011 impio
1511 1946 1619 1993 omnes
1633 1927 1821 2007 impietates,
1837 1928 1866 1987 si
1884 1928 1923 1987 ad
1940 1924 1988 1987 llo·

214 2015 298 2093 epod
314 2014 418 2075 Pelles
432 2012 641 2089 inueniuntur3
672 2012 702 2079 in
732 2027 769 2073 eo
799 2016 856 2086 est,
880 2012 962 2090 quod
985 2010 1077 2075 rerba
1122 2017 1236 2081 minum
1254 2022 1462 2092 eonvertatur,
1481 2016 1629 2094 quianon
1656 2016 1789 2092 possunt
1804 2008 1947 2083 efficere,
1963 2018 1988 2071 nt
2029 2076 2030 2091 χ

216 2092 1077 2173 Petrumsignificarerideantur,operibusPaenitentiae
1121 2102 1277 2161 moriatur.
2029 2096 2030 2149 t

216 2180 339 2259 purgari
354 2183 490 2256 peccata,
507 2178 607 2255 quoad
623 2178 742 2253 culpam
766 2185 797 2237 et
822 2188 963 2255 poenam,
994 2192 1078 2240 eom·
1162 2181 1199 2245 Et
1214 2180 1410 2245 ooussrmatur
1425 2181 1500 2243 baec
1517 2176 1678 2257 explicatio
1694 2172 1936 2240 evidentissimo
1947 2192 1986 2237 ar·
2029 2161 2031 2202 l

217 2278 278 2340 que
295 2271 356 2323 tum
372 2265 541 2331 aeternam,
558 2266 620 2321 tum
636 2260 848 2337 temporalem:
875 2276 945 2321 cum
975 2263 1077 2321 tamen
1121 2270 1280 2343 gementu.
1298 2264 1371 2327 llam
1387 2262 1413 2325 si
1429 2264 1570 2339 impietas
1599 2261 1692 2339 impio
1714 2264 1786 2338 post
1814 2258 1986 2319 conversio·
2029 2306 2030 2313 ,

214 2344 331 2424 reipsa
357 2360 393 2406 ee
407 2343 477 2405 sine
492 2341 674 2421 hyperbole,
691 2341 789 2422 quoad
814 2355 945 2420 poenam
960 2345 1078 2403 tautum
1123 2363 1194 2409 nem
1215 2348 1299 2411 nullo
1316 2346 1406 2408 ruodo
1420 2346 1595 2423 prodesset,
1612 2344 1702 2405 etiam
1729 2342 1836 2419 quoad
1866 2357 1989 2418 poenam

215 2440 345 2505 eumque
359 2424 459 2487 solum
475 2426 691 2503 temporariam
708 2469 716 2500 ,
746 2423 900 2503 ejusmodi
929 2424 1078 2503 operibus
1126 2431 1338 2509 temporalem:
1356 2429 1464 2490 eodem
1482 2427 1572 2489 modo
1586 2426 1703 2506 Justitia
1717 2423 1807 2503 justo
1823 2430 1899 2501 post
1914 2440 1989 2483 arer-

215 2506 343 2573 orimina
360 2507 533 2586 expientur.
813 2566 817 2571 .
1124 2513 1244 2575 sionem
1263 2512 1348 2573 nullu
1370 2511 1460 2573 modo
1478 2510 1650 2589 prodesset,
1667 2508 1757 2571 etiam
1786 2506 1896 2584 quoad
1913 2521 1989 2581 prnc·

257 2592 415 2655 Caeterum
431 2589 551 2651 etiamsi
566 2588 597 2649 tu
614 2604 719 2651 eorum
749 2588 871 2651 Petrum
893 2586 1078 2651 testimoniis
1124 2596 1218 2657 mrum
1239 2592 1494 2671 reurporataltuu
1511 2592 1593 2653 oeus
1610 2593 1638 2652 tu
1656 2606 1693 2651 eo
1706 2590 1774 2650 luco
1792 2587 1887 2648 aicit:
1903 2588 1988 2649 tosta·

218 2672 390 2755 hyperbole
404 2673 520 2735 admitti
537 2673 646 2749 possit,
679 2671 731 2749 qui
764 2671 794 2732 iu
820 2670 1025 2733 concionibus
1040 2671 1078 2733 ed
1125 2678 1171 2739 tia
1181 2678 1344 2756 justinam
1369 2675 1517 2739 liberabit
1545 2690 1620 2737 eum
1646 2674 1683 2735 iu
1707 2686 1925 2750 quocumque
1945 2670 1988 2731 dia

218 2758 365 2837 populum
381 2753 640 2817 deSatistaetioue
656 2752 976 2829 dissereban131ameu
994 2753 1079 2815 uullo
1123 2760 1524 2839 uuuuuuuuyqutyuuuyuyuu
1548 2756 1648 2837 emptu·
1664 2770 1733 2817 uuu
1758 2750 1896 2817 uouebat
1920 2754 1989 2813 ertu

218 2841 309 2903 modo
325 2837 484 2918 probabile
498 2842 557 2910 est,
568 2836 766 2915 hyperbolice
778 2851 849 2897 esse
863 2836 1008 2915 loquutus
1024 2850 1079 2901 eos
1127 2857 1331 2921 quocumque
1346 2842 1405 2904 die,
1420 2855 1589 2904 corruersas
1611 2838 1725 2916 [uerit3
1741 2842 1772 2899 et
1789 2852 1864 2912 cap.
1893 2833 1941 2895 ts.
1955 2836 1988 2895 st·

215 2923 268 3003 qui
281 2923 331 2985 rel
344 2926 448 2984 eontra
461 2919 631 2981 haereticos
643 2920 738 2982 libros
750 2918 789 2979 de
801 2918 988 2980 Paenitentia
1002 2916 1074 2979 seri·
1127 2933 1178 2986 uur
1191 2924 1265 2986 uiuit
1280 2924 1363 2987 Deus
1378 2940 1439 2986 uuu
1456 2924 1686 2987 recordaturum
1713 2935 1749 2981 se
1766 2917 1965 2995 tuiquitetum
1980 2966 1985 2986 ,

215 3010 356 3085 pserunt,
379 3009 413 3064 ut
427 3001 633 3071 Ambrosiam,
656 3000 888 3071 Tertullianum,
918 3005 950 3063 et
977 3000 1054 3063 alios
1068 3016 1078 3079 3
1124 3023 1200 3083 quus
1216 3007 1328 3084 impius
1343 3007 1450 3085 gessit,
1463 3008 1489 3067 si
1502 3001 1721 3069 Paenitentiam
1735 3001 1852 3079 egerit:
1867 3001 1910 3061 ita
1922 3018 1987 3077 quo·

217 3090 263 3150 rel
279 3089 310 3150 in
324 3085 416 3164 epist.
432 3084 579 3146 decretal.
595 3084 631 3161 ad
648 3084 785 3146 consulta
802 3084 1017 3162 episcoporum
1030 3098 1078 3146 re·
1125 3106 1185 3168 quu
1201 3089 1286 3160 diury,
1307 3105 1367 3151 uuu
1383 3088 1611 3152 ruuuuuuruuuuu
1627 3098 1662 3149 su
1684 3084 1895 3165 justitiarum,
1923 3100 1990 3162 quus

217 3171 423 3249 eooodeborlh
441 3174 473 3230 ol
487 3167 712 3238 tunocenttum,
728 3167 875 3237 Leonem,
898 3167 1052 3230 Gelasium
1069 3183 1077 3243 ;
1121 3173 1232 3252 Justus
1247 3179 1391 3251 operatus
1407 3176 1465 3244 est,
1481 3172 1507 3234 si
1524 3171 1707 3250 peccauerit.
1724 3169 1761 3230 lt
1791 3164 1904 3244 negari
1934 3183 1987 3227 nort

216 3255 264 3317 rel
280 3258 312 3314 in
327 3251 566 3323 commentariis,
582 3256 634 3317 aut
648 3249 716 3312 aliis
737 3248 892 3327 ejusmodi
921 3249 1009 3312 libris
1025 3249 1079 3310 do·
1124 3261 1235 3334 potest,
1253 3256 1325 3334 quin
1342 3251 1565 3332 saepenumero
1581 3254 1661 3315 ileos
1677 3267 1769 3328 opere
1782 3249 1870 3312 bona
1887 3249 1988 3326 impio·

216 3337 347 3398 utrinam
373 3333 617 3397 ecelesiasticam
642 3332 826 3411 simpliciter
849 3332 1023 3405 tradebant,
1044 3335 1078 3397 ut
1124 3355 1189 3405 rum
1206 3343 1381 3401 remuneret
1396 3335 1554 3415 temporali
1580 3336 1734 3405 mercede,
1761 3338 1795 3394 ut
1821 3331 1927 3394 saneti
1943 3333 1988 3392 Pa·

216 3417 434 3496 Hieronymum
450 3412 482 3477 iu
497 3420 664 3478 comment.
679 3415 920 3494 prophetarum,
937 3412 1078 3492 Augusti·
1126 3428 1189 3482 tres
1204 3420 1326 3493 docent,
1345 3418 1582 3498 chrysostomus
1597 3418 1680 3482 bom.
1697 3416 1748 3479 bl.
1777 3413 1818 3476 ed
1843 3415 1987 3493 pupulum

216 3517 290 3563 num
303 3504 334 3560 ill
350 3498 533 3571 enchiridio,
551 3496 730 3574 Gregorium
746 3499 776 3557 ln
789 3496 994 3576 explicatione
1007 3496 1078 3560 libr.
1129 3503 1364 3566 Alllloolltlllullt.
1381 3501 1585 3581 Hieronymus
1598 3501 1631 3564 in
1646 3516 1715 3578 uup,
1728 3496 1780 3564 29,
1806 3497 1988 3570 Ezechielis,

218 3579 941 3662 llegum,Theodoruminepitomedirinorom
973 3580 1080 3641 decre·
1129 3582 1763 3660 aaruusrtuustraducetur.bei,cup.
1796 3579 1849 3642 15.
1884 3579 1987 3654 arcuo

217 3674 330 3740 lorum,
347 3664 575 3737 ll³S⁵l⁰sl⁰r¹¹r¹¹2
592 3661 754 3737 lsiohiunr,
771 3662 936 3733 Isidorum,
951 3661 1078 3736 Eodem,
1126 3670 1191 3730 rius
1205 3668 1310 3730 homil.
1324 3667 1374 3731 to.
1392 3667 1422 3729 iu
1436 3667 1605 3746 euangelia.
1616 3666 1700 3730 Sicut
1714 3665 1809 3744 igitur
1825 3662 1912 3724 bona
1927 3680 1988 3740 ope·

216 3749 387 3818 Rabauum,
403 3746 610 3824 hadulphum,
623 3750 655 3807 el
669 3746 745 3807 elios
761 3762 839 3822 quos
861 3744 964 3821 capite
987 3760 1080 3822 supe·
1126 3768 1158 3813 ra
1175 3757 1244 3829 post
1259 3751 1450 3814 aversionem
1472 3749 1691 3812 dicuutur-oon
1709 3746 1866 3824 prodesse
1885 3747 1984 3826 y'usto,

218 3834 299 3894 riore
315 3830 510 3909 protulimus.
529 3827 618 3890 Porro
630 3828 679 3888 isti
696 3843 805 3890 omnes
820 3843 881 3888 uon
898 3830 999 3892 minus
1011 3842 1080 3905 per·
1127 3833 1195 3912 quia
1213 3849 1273 3894 noo
1291 3847 1359 3894 eum
1377 3833 1536 3895 liberante
1552 3838 1648 3896 morte
1673 3829 1868 3907 sempiterna
1890 3876 1899 3904 ,
1925 3829 1987 3890 lieet

218 3915 327 3993 spicue
357 3911 622 3974 satistaettoutbos
650 3918 775 3986 oeoeata
804 3910 912 3970 redimi
942 3910 1080 3982 docent,
1128 3933 1188 3976 nou
1202 3915 1379 3978 tractentur
1392 3915 1550 3994 temporali
1565 3915 1667 3993 aliquo
1680 3911 1887 3991 praemiozste
1905 3911 1987 3972 etiarn

218 4013 310 4075 (turm
325 3994 507 4075 Cyprianus,
524 3993 688 4065 lucianus,
705 3991 955 4070 cuuysostomus,
972 3990 1080 4064 etalii,
1127 3997 1269 4077 inopietas
1285 3997 1395 4061 dieitur
1410 4004 1479 4076 post
1490 4000 1721 4060 conversionem
1735 4010 1799 4058 non
1813 4008 1925 4054 nocere
1936 3994 1986 4054 tm·

218 4079 271 4157 qui
287 4079 318 4139 iu
334 4075 537 4154 concionibus
558 4077 596 4136 ad
623 4077 770 4153 populum
799 4075 839 4138 de
868 4073 1084 4140 Satisiectioue
1130 4080 1193 4158 pio,
1210 4080 1280 4159 quia
1297 4096 1356 4142 non
1374 4080 1502 4159 impedit
1515 4080 1593 4142 ritae
1607 4086 1749 4140 aeternae
1772 4076 1986 4156 consequutio·

219 4163 444 4224 disseruerunt.
460 4159 502 4220 lo
516 4161 555 4221 de
570 4159 618 4220 his
633 4161 718 4219 satis.
1131 4179 1213 4235 nem,
1230 4163 1304 4224 licet
1317 4178 1446 4240 poenam
1462 4162 1660 4239 temporalem
1674 4175 1779 4222 secum
1798 4157 1890 4224 terat.

1092 4315 1097 4326 ¹
1169 4245 1308 4322 benique
1324 4245 1350 4306 si
1365 4243 1448 4308 Deus
1463 4261 1517 4323 por
1533 4244 1711 4324 prophetam
1739 4245 1910 4304 testaretur
1931 4241 1988 4304 nul·

1129 4326 1189 4388 lam
1205 4327 1330 4390 omnino
1345 4343 1476 4404 poenam
1492 4343 1526 4390 se
1549 4327 1587 4389 de
1610 4329 1772 4404 peccatore
1796 4331 1988 4403 sumpturum

549 4425 669 4490 CAPUT
692 4425 746 4486 lli.
916 4450 919 4455 <
1130 4403 1986 4488 postconrersioaem:quarationelleysemmarouem,

1130 4491 1287 4568 oartdem,
1303 4499 1334 4556 et
1349 4491 1425 4558 alios
1447 4500 1505 4553 tam
1532 4491 1644 4554 multos
1658 4496 1727 4568 post
1751 4489 1988 4552 conversionem

1130 4576 1339 4654 temporaliter
1354 4575 1534 4654 punivisset,
1551 4581 1583 4636 ut
1604 4571 1777 4650 scripturae
1807 4571 1937 4634 divinae
1953 4580 1989 4632 tr·

242 4675 623 4750 sotrumorcrpomentu
634 4673 799 4753 quaedem
809 4673 1065 4737 tumuffuuuyuu
1129 4665 1257 4730 stanter,
1274 4674 1402 4736 quarum
1419 4657 1590 4720 testimonia
1604 4655 1664 4736 jam
1681 4661 1749 4718 ente
1777 4655 1989 4732 protulimus?

314 4777 505 4841 sementiam
525 4775 688 4838 Ecclesiae
701 4776 741 4839 de
757 4775 993 4856 Sumam
1130 4739 1229 4813 Quare
1242 4753 1370 4802 necesse
1396 4746 1453 4808 est,
1469 4746 1521 4832 aut
1535 4738 1720 4833 Scriptorum
1749 4735 1935 4813 scripturae
1949 4755 1990 4800 re·
2029 4797 2030 4808 ,

739 4876 742 4880 a
1127 4839 1278 4902 pugnare,
1295 4823 1376 4902 quod
1393 4821 1724 4897 absurdissimumes13
1752 4825 1804 4880 aut
1820 4817 1923 4898 (quod
1947 4830 1989 4884 est

1128 4905 1336 4984 verissimum)
1352 4906 1475 4966 alteram
1492 4921 1529 4968 er
1544 4905 1637 4968 alteru
1653 4903 1796 4982 explicari
1817 4919 1825 4960 ι
1859 4903 1991 4980 proinde

261 4984 346 5046 dunc
361 4984 484 5044 demum
500 4989 677 5060 argumenta
692 4983 838 5047 solvende
852 4988 925 5045 sunt
945 4998 982 5043 ac
996 4997 1084 5062 prae·
1129 5003 1227 5067 poena
1243 4989 1421 5066 temporalis
1449 4988 1488 5050 de
1516 4983 1630 5049 Doride
1659 4991 1730 5064 post
1753 4985 1991 5048 couversionem

221 5069 312 5144 cipue
325 5066 470 5142 lutheri,
496 5065 730 5140 llelanethonis,
757 5065 893 5140 Caluini,
923 5065 1083 5128 llemnitii.
1118 5077 1259 5149 sumptu,
1271 5070 1462 5150 apertissime
1478 5069 1578 5144 docel,
1594 5069 1695 5131 locum
1711 5057 1889 5130 Ezechielis
1904 5069 1992 5132 iutel-

221 5150 444 5228 sedquoniam
472 5148 593 5210 botheri
619 5157 795 5229 ergurnenta
822 5156 853 5212 et
879 5149 1080 5210 teriorasunt
1125 5153 1284 5233 ligendum
1307 5153 1432 5216 esseda
1457 5167 1555 5230 poena
1584 5151 1799 5231 sempiterne,
1826 5165 1912 5223 quae
1940 5169 1992 5231 per

219 5244 251 5294 et
266 5233 428 5294 dissoluto:
451 5247 546 5310 pauca
560 5232 663 5299 solum
676 5232 834 5312 attingam,
849 5237 883 5296 ut
897 5246 935 5292 ex
948 5231 987 5294 iis
996 5231 1078 5310 judi·
1125 5235 1359 5300 conversionem
1373 5235 1501 5306 tollitur,
1518 5250 1580 5297 non
1601 5234 1640 5296 de
1671 5247 1768 5313 poeno
1799 5236 1966 5311 temporati
1983 5283 1991 5302 ,

220 5317 358 5380 ciuntde
373 5313 504 5376 caeteris
525 5311 589 5374 liat.
1125 5334 1204 5396 quae
1218 5325 1288 5398 post
1303 5318 1536 5382 conversionem
1551 5323 1665 5379 maaet.

262 5398 394 5458 Primum
411 5399 501 5477 igitur
517 5395 547 5456 in
563 5411 656 5459 serm.
674 5398 712 5460 de
727 5397 929 5477 indulgentiis
947 5445 955 5472 ,
985 5411 1078 5474 quern
1165 5401 1342 5464 Secundum
1355 5405 1568 5481 argumentum
1598 5399 1733 5483 babetur
1747 5397 1779 5460 in
1806 5395 1867 5459 lib.
1885 5399 1927 5462 de
1943 5418 1991 5462 ca·

219 5479 328 5540 babuit
342 5497 422 5542 ranno
438 5475 530 5541 tate.
547 5479 585 5542 ad
599 5481 724 5543 initium·
735 5481 878 5544 uidelicet
903 5479 1077 5560 tragoediae
1124 5483 1221 5562 ptirit.
1236 5483 1385 5564 Babylon.
1400 5500 1494 5562 quern
1508 5479 1695 5546 ediditauno
1709 5479 1802 5543 tato.
1815 5479 1891 5542 dam
1906 5483 1938 5544 iu
1955 5501 1992 5546 eo

221 5578 287 5624 ase
302 5565 458 5635 excitatae,
474 5578 512 5623 er
537 5561 638 5626 uerbis
648 5562 822 5626 Ezechielis
835 5565 1004 5643 prophetae
1025 5562 1078 5624 de·
1109 5565 1177 5644 lib.
1195 5583 1264 5632 oum
1279 5569 1316 5630 ad
1332 5569 1556 5630 sacramentum
1582 5564 1789 5628 ouentteuttae
1820 5566 1989 5632 venisset,

221 5649 391 5706 monstrare
407 5645 522 5718 rttttur,
541 5652 610 5724 post
623 5647 783 5710 dimissam
798 5647 919 5726 culpam
936 5693 944 5723 ‚
961 5643 1077 5708 nullam
1123 5648 1215 5712 urulta
1231 5648 1355 5730 scripsit
1370 5649 1408 5714 do
1422 5647 1702 5722 satisfactionesed
1716 5646 1796 5710 iuter
1810 5645 1911 5712 multa
1927 5666 1991 5714 rer·
