4084 6275
292 366 349 423 titii
850 360 894 417 ut·
913 356 1135 426 sithtlttrtio
1154 357 1398 418 thultthlslttt

221 502 399 581 corporales
415 498 476 559 ιιιιι
493 512 555 559 οοο
584 510 678 573 posse
703 493 784 557 circu
814 495 971 572 proprium
1002 492 1088 569 uhic·
1135 508 1205 555 osse
1220 494 1383 557 credamus
1397 506 1459 555 non
1475 491 1588 561 nudam
1603 504 1739 568 curnem,
1755 491 1812 557 sod
1827 490 1945 557 unitam
1961 495 2009 557 di-

222 591 317 661 etutu3
333 583 396 645 lulli
413 587 513 641 tomen
528 593 622 657 posse
637 576 718 641 circu
733 576 861 655 idqucu
877 579 950 640 latet
963 580 1022 641 suh
1035 579 1088 641 oh·
1135 576 1261 649 ciuitati,
1278 583 1309 639 cl
1324 574 1529 655 perspiritum
1543 575 1599 637 Dei
1617 576 1725 645 elram,
1739 582 1771 639 et
1784 574 2008 655 vivificantem:

220 666 302 729 iccio
316 680 480 745 sensuum:
496 666 578 740 quod
592 664 693 721 umen
710 658 807 737 magis
822 662 966 722 convenit
980 663 1088 725 sensui
1135 657 1212 721 nihil
1227 658 1297 721 lacit
1311 665 1415 721 contra
1429 674 1486 721 nos
1497 656 1893 739 iilud:doruucuprodcst
1905 663 2007 741 quid·

221 748 355 821 interno,
372 762 463 825 quum
478 752 615 807 externo.
632 742 732 821 Saepe
747 743 830 803 enim
845 742 957 805 oceidit
973 791 981 813 ,
997 751 1030 807 ut
1041 747 1088 825 pi·
1134 757 1246 823 quotu

221 839 323 895 olores
337 828 492 907 decipiunt
505 824 623 898 oculus,
639 826 688 887 ret
704 824 1087 905 imaginationerniutuen·
1178 826 1237 889 Sed
1254 829 1411 904 praeterea
1429 828 1478 886 est
1493 822 1551 885 alia
1563 822 1687 887 solutio.
1700 822 1772 885 Nam
1784 840 1876 889 rerus
1891 831 1924 888 et
1938 828 2012 890 lito·

219 914 307 985 tium,
324 929 394 975 cum
405 909 520 990 aliquid
536 910 577 973 od
589 909 690 969 ritum
700 907 888 986 exprimunt:
904 910 987 987 quod
1000 911 1039 972 de
1053 910 1088 971 it·
1134 908 1207 969 ralis
1221 923 1334 969 sensus
1346 922 1453 969 eorum
1475 906 1649 977 rcrboruro,
1666 923 1728 969 non
1751 914 1809 983 est,
1837 910 1920 985 quod
1934 927 2012 973 caro

219 997 252 1059 lo
265 995 407 1067 retertur,
424 995 477 1073 qui
494 994 532 1053 ita
548 992 625 1053 scite
640 1006 714 1053 uros
728 991 877 1066 depinxit,
894 999 926 1056 ut
940 994 979 1054 art
1003 993 1086 1065 illas,
1134 988 1258 1060 Christi,
1275 991 1339 1051 sire
1360 989 1530 1053 substantia
1543 989 1644 1051 carnis
1656 1004 1716 1051 non
1731 990 1840 1067 prosit,
1853 992 1909 1053 sed
1923 995 2011 1073 quud

220 1095 292 1141 eres
307 1075 573 1154 accurrent,quesi
588 1088 677 1136 veroa
693 1080 800 1135 esseut
811 1089 899 1135 urae.
913 1073 949 1135 lit
963 1076 993 1137 iu
1007 1076 1086 1138 Scri·
1134 1072 1264 1135 carnotis
1282 1068 1483 1153 intelligentia
1502 1088 1564 1135 non
1581 1072 1689 1149 prosit:
1699 1079 1898 1151 uterponunt
1913 1074 2013 1155 Chry-

219 1161 329 1240 pturis,
346 1160 397 1238 qui
414 1153 559 1219 ridehuirt
587 1162 618 1217 el
633 1155 799 1235 tangebant
812 1162 969 1235 assumpta
985 1159 1023 1219 ab
1036 1176 1088 1220 cu·
1132 1162 1298 1227 sustumus,
1316 1154 1561 1235 theophylactus
1576 1160 1607 1217 ct
1620 1154 1802 1235 Euthymios
1818 1157 1848 1217 in
1862 1157 1947 1219 huuc
1963 1159 2011 1221 lo·

219 1244 300 1321 getis
314 1258 454 1320 corpora,
470 1240 585 1303 Genus.
604 1236 653 1301 to.
670 1244 702 1307 cl
727 1237 777 1300 to.
804 1254 866 1299 nou
891 1237 1086 1315 tollebantur,
1134 1254 1217 1314 cum;
1235 1254 1355 1301 necnon
1374 1237 1525 1317 Origenes
1548 1239 1579 1301 in
1601 1238 1657 1299 lih.
1680 1235 1711 1299 3.
1735 1238 1766 1299 ιο
1783 1240 1875 1317 epist.
1892 1244 1931 1300 art
1948 1240 2010 1304 Ilo·

221 1341 294 1389 cum
309 1340 345 1387 se
359 1340 474 1403 corpus
488 1322 592 1384 ridere
621 1327 655 1383 et
667 1326 794 1398 tangere
808 1320 986 1383 credebaut:
1003 1324 1087 1387 lalle·
1134 1337 1255 1384 munos.
1272 1321 1435 1398 explicans
1448 1320 1497 1381 illa
1513 1320 1606 1383 rerba
1621 1336 1691 1398 cap.
1708 1319 1739 1381 3.
1768 1321 1823 1384 Do:
1850 1322 2008 1399 operibus

220 1407 334 1471 bantur
347 1414 460 1478 lumen,
478 1420 548 1467 curn
578 1418 614 1467 se
635 1419 748 1482 eorpus
774 1403 940 1467 homonum
964 1412 1089 1483 tangere
1135 1402 1213 1483 lepis
1224 1418 1294 1466 οοο
1305 1402 1542 1481 iustificabitur
1557 1404 1663 1467 omnis
1677 1417 1765 1465 curo.
1782 1402 1820 1465 Et
1834 1402 2010 1484 Cyprianus

222 1497 254 1554 et
268 1490 373 1552 ridere
388 1488 615 1551 existimabant.
631 1487 683 1549 Sic
711 1486 799 1547 etium
827 1487 858 1547 in
883 1486 1088 1564 Eucharistia,
1136 1486 1168 1548 iu
1181 1502 1324 1549 sermone
1337 1488 1375 1549 dc
1388 1501 1486 1551 coena
1500 1486 1678 1555 Domini,'el
1693 1485 1756 1547 alii.
1772 1484 1904 1549 iocur
1922 1489 2008 1550 enim

220 1589 283 1637 nou
300 1573 447 1635 lalluutur
461 1585 575 1632 sensus
589 1569 699 1641 nostri,
716 1585 786 1630 cum
800 1583 856 1631 uos
875 1570 978 1631 album
1000 1572 1086 1649 quid,
1135 1585 1173 1631 eo
1185 1569 1254 1631 luco
1270 1568 1394 1631 nomine
1409 1569 1524 1640 cornis,
1541 1569 1674 1631 humana
1689 1574 1720 1629 et
1735 1568 1866 1631 cornutis
1887 1571 2007 1650 cogita·

219 1655 397 1728 rotundum,
414 1654 547 1717 solidum
563 1653 679 1715 sentire
694 1651 1033 1717 arbitramur:lalluntur
1048 1662 1089 1715 ta·
1136 1652 1190 1727 tio,
1203 1656 1238 1715 ut
1253 1648 1477 1731 distinguitura
1494 1651 1677 1731 cogitatione
1689 1648 1839 1729 spirituali
1869 1659 1902 1713 et
1918 1668 1955 1715 ex
1973 1654 2007 1717 ιι-

224 1754 294 1801 mon
311 1754 381 1799 cum
397 1736 489 1805 nobis
504 1735 707 1797 sulrstontiam
725 1733 900 1811 patrissui
926 1736 988 1798 illis
1009 1739 1089 1797 occi·
1137 1735 1188 1799 de.
1205 1741 1297 1811 atque
1313 1734 1515 1811 inspiratione
1530 1733 1809 1798 coelesliexcitatu.

221 1819 368 1891 dentibus
384 1821 478 1881 tatere
493 1818 692 1881 denunciant.
709 1816 743 1877 ll
755 1833 816 1878 nou
832 1824 993 1896 propterea
1006 1821 1089 1881 inlir·
1174 1813 1207 1879 Id
1221 1815 1366 1896 probatur
1380 1816 1491 1887 Primo,
1508 1814 1578 1893 quia
1600 1832 1671 1877 caro
1700 1815 1732 1876 in
1755 1814 1924 1895 Scripturis
1941 1819 2008 1881 lere

222 1919 307 1967 mom
320 1902 377 1964 luit
390 1907 604 1980 argumentum
621 1898 812 1961 Dominised
828 1898 1088 1973 efficacissimum.
1133 1899 1322 1976 ubicumque
1336 1899 1533 1979 distinguitur
1547 1905 1654 1959 contra
1670 1897 1823 1977 spiritum,
1836 1901 1882 1971 rel
1896 1908 2008 1962 eontra

224 1986 330 2048 Solum
346 1984 428 2047 enirn
444 1984 574 2062 probare
589 1982 683 2045 roluil
696 1980 858 2054 Dominus,
884 1998 998 2046 senon
1019 2000 1091 2047 essa
1134 1982 1250 2061 uliquid
1266 1980 1444 2056 sublimius;
1460 1996 1522 2043 uon
1538 1978 1691 2059 sigm'flcut
1717 1980 1924 2045 substantium
1941 2000 2005 2045 car·

220 2070 315 2131 inane
339 2075 510 2144 spectrum,
536 2070 588 2127 out
613 2065 765 2135 umbram,
781 2080 836 2127 sou
852 2066 1043 2143 phantasma,
1060 2073 1093 2129 ut
1134 2065 1195 2135 uis.
1212 2065 1268 2127 sed
1288 2066 1335 2125 rel
1350 2063 1620 2133 infirmitatemrel
1637 2063 1877 2141 corruptionem,
1895 2065 1946 2127 rei
1962 2066 2009 2145 (ut

221 2148 782 2228 :postolisuspicabamur,scurerurn
798 2149 957 2224 eorpus3id
968 2166 1040 2211 vero
1053 2167 1090 2213 ex
1141 2146 1218 2226 diri)
1233 2148 1397 2209 humanam
1427 2153 1458 2209 et
1472 2146 1625 2208 carnalem
1650 2146 1867 2224 cogitationem
1885 2165 1894 2223 3
1927 2166 2009 2227 quae

221 2234 398 2297 testimonio
423 2247 537 2293 sensus
557 2231 702 2307 turgendi
718 2230 834 2307 optimc
846 2231 995 2307 probarit:
1013 2232 1089 2295 illud
1138 2232 1240 2291 omnia
1256 2231 1285 2291 in
1303 2228 1384 2292 idem
1400 2230 1463 2291 lere
1479 2229 1639 2291 incidunt:
1660 2226 1688 2290 si
1702 2228 1827 2307 quidem
1842 2246 1881 2291 cx
1895 2246 2005 2293 corrru-

221 2323 326 2378 autem
352 2330 466 2392 corpus
481 2329 552 2375 essa
579 2314 759 2385 humanum,
777 2312 889 2384 riruur,
913 2313 1089 2392 idemquod
1137 2313 1243 2391 phone
1258 2318 1316 2387 est,
1342 2318 1375 2373 ut
1390 2313 1481 2375 humo
1495 2312 1631 2373 humano
1645 2326 1701 2374 suo
1717 2325 1812 2375 sensu
1840 2314 1881 2375 de
1907 2314 2008 2375 rebus

220 2405 308 2461 colec
321 2398 435 2469 lucrm,
462 2412 524 2457 non
540 2394 679 2475 probcril
692 2394 989 2458 Dominushocsolo
1000 2415 1089 2478 argu·
1135 2394 1247 2457 divinis
1258 2394 1398 2475 judicare
1414 2394 1497 2455 uelit.
1515 2393 1627 2456 Genus.
1651 2392 1684 2455 6.
1704 2394 1782 2465 ιιοιι
1793 2395 2007 2473 pemmueou

221 2487 325 2543 mento
338 2497 375 2542 cx
387 2478 533 2557 teugendi
548 2494 643 2540 sensu
658 2478 937 2557 depromptuquco
953 2482 1022 2543 sinc
1034 2484 1089 2544 du·
1132 2477 1266 2557 spiritus
1280 2492 1372 2539 uacus
1384 2477 1423 2540 iu
1438 2476 1579 2545 homine,
1595 2477 1677 2555 quio
1694 2491 1771 2538 curo
1793 2483 1882 2551 suut,
1897 2479 1984 2541 idest
1998 2527 2008 2550 ,

222 2561 350 2627 hicnon
367 2569 431 2625 erat
451 2559 612 2623 sufficiens
629 2578 638 2636 ;
653 2561 709 2622 sert
733 2560 836 2623 multis
862 2562 930 2623 aliis
959 2564 1060 2626 modis
1078 2608 1087 2636 ,
1133 2561 1285 2625 ceruales.
1302 2558 1534 2621 inormittmtn.
1553 2559 1603 2621 lo.
1633 2558 1724 2632 Coro,
1739 2564 1768 2621 el
1780 2562 1920 2638 sanquis
1933 2578 2009 2625 nou

221 2646 390 2725 loquendo,
408 2643 634 2716 manducando,
647 2642 822 2705 testimonio
837 2645 1089 2722 augelorummi·
1131 2643 1287 2705 reoctuutt
1302 2642 1370 2717 tihi,
1386 2643 1444 2705 sed
1454 2640 1549 2705 Pater
1563 2656 1666 2704 uleus.
1680 2642 1766 2708 Dour.
1777 2639 1876 2718 &Qui
1886 2660 2008 2708 sumtu·

222 2728 329 2791 rcculu
344 2728 489 2806 piscium,
505 2726 690 2804 allegatione
706 2724 928 2804 Scripturururu
944 2734 1004 2790 etc.
1134 2724 1215 2787 dum
1225 2741 1359 2788 cuntem
1373 2724 1544 2787 ombuluul
1559 2768 1567 2797 ,
1583 2729 1614 2785 ct
1625 2739 1696 2787 uon
1708 2728 1891 2789 omttudum
1903 2730 2007 2805 opiri-

263 2810 422 2884 Septimus
433 2810 521 2871 locus
536 2815 584 2869 est
597 2806 686 2872 tuen.
699 2809 730 2868 o.
746 2808 887 2885 optutus
901 2816 957 2882 cst,
971 2812 1031 2889 qui
1041 2812 1087 2875 ui·
1133 2814 1214 2871 tum.
1238 2808 1283 2881 lit.
1303 2806 1414 2882 onitu
1425 2820 1524 2871 cume
1538 2806 1833 2885 soutoeoptccere
1846 2824 1917 2872 uun
1927 2826 2009 2888 pos·

225 2892 346 2970 cilicet,
365 2908 442 2956 coro
455 2907 525 2953 uon
537 2891 669 2969 prodeo
682 2890 878 2969 quidquam.
893 2892 958 2953 tioc
973 2900 1021 2955 est
1036 2910 1089 2972 po·
1131 2896 1221 2953 suut:
1240 2902 1281 2965 et,
1298 2888 1482 2953 Prudentia
1495 2890 1606 2953 coritis
1615 2904 1708 2953 more
1738 2896 1799 2962 eet,
1823 2894 2010 2969 ominentia

221 2975 377 3039 tissimum
391 2975 623 3036 tundamentum
635 2971 787 3050 Zwirrgtii,
811 2974 841 3033 io
865 2974 919 3035 lib.
936 2977 975 3037 de
990 2992 1086 3052 nera,
1135 2974 1280 3051 spiritus,
1292 2974 1359 3037 uilo
1371 2980 1492 3051 etpcc.
1505 2974 1601 3035 Calui.
1619 2972 1648 3034 l.
1666 2972 1737 3037 Nou
1745 2974 2010 3051 oequieuicurui

221 3066 254 3119 et
268 3057 343 3119 laisa
359 3057 510 3135 religione
532 3072 600 3132 cap.
618 3054 657 3117 de
673 3052 875 3131 Eucharistim
898 3057 981 3119 huuc
1005 3063 1089 3121 enim
1138 3062 1168 3119 et
1187 3056 1357 3135 eouquiui.
1383 3054 1447 3119 lloc
1472 3070 1546 3134 ergo
1575 3054 1665 3117 modo
1691 3070 1762 3117 cero
1788 3071 1849 3117 nun
1872 3058 2009 3136 prodest

222 3143 324 3203 locum
342 3145 429 3207 rocol
439 3155 559 3201 murum
575 3139 774 3211 uheueumet
788 3136 980 3217 adamantem
998 3143 1089 3206 inira·
1114 3190 1117 3197 .
1134 3140 1313 3218 quidquam,
1328 3140 1418 3211 idcsl,
1434 3139 1570 3217 cogitare
1592 3145 1623 3200 et
1638 3138 1809 3218 inlelligere
1835 3142 2008 3204 manducar-

224 3230 319 3286 eluni.
334 3223 440 3284 Petrus
455 3222 544 3283 etiam
567 3220 672 3291 llarlrr
687 3220 717 3280 in
745 3220 799 3282 lib.
816 3232 919 3284 contra
943 3224 1089 3288 Cardine·
1135 3225 1247 3284 tionem
1264 3225 1364 3285 carnis
1379 3221 1492 3286 Christi
1510 3222 1670 3295 humano,
1694 3228 1725 3282 ct
1739 3221 1853 3283 cernuli
1881 3225 1977 3286 modo
1997 3271 2006 3298 ,

224 3321 291 3370 rum
307 3303 498 3383 objecisti.
514 3303 625 3366 eodem
642 3306 701 3364 hoc
727 3302 794 3364 loco
810 3306 916 3379 utitur,
932 3311 1024 3386 alque
1048 3309 1087 3369 ιιι
1132 3306 1219 3383 quusi
1236 3305 1405 3368 scindenda
1421 3308 1506 3368 esset
1521 3303 1551 3364 in
1568 3309 1682 3382 partes,
1706 3308 1737 3365 ct
1765 3307 1940 3382 coquenda,
1967 3323 2009 3368 ac

211 3394 441 3470 argumentum·
472 3387 621 3449 deducit:
661 3383 903 3464 Cophoruoitoe
928 3391 1089 3467 putatum
1133 3388 1330 3456 masticando.
1348 3395 1379 3450 et
1394 3386 1598 3450 concertendo
1628 3385 1659 3446 in
1686 3387 1839 3465 proprium
1856 3388 2006 3451 substan·

225 3469 346 3535 Christi
359 3485 493 3532 curnem
514 3467 726 3546 corporaliter
746 3471 1030 3544 manducandum,
1053 3480 1090 3536 ιιι
1142 3473 1214 3532 tiam
1232 3487 1287 3548 per
1301 3468 1454 3537 actionem
1470 3469 1581 3532 caloris
1597 3469 1755 3532 naturalis.

224 3569 318 3617 nrtuc
329 3552 533 3618 arbitruutur
545 3551 710 3630 Pupictoe.
723 3550 762 3612 lt
783 3551 927 3616 Chricluc
948 3571 1092 3620 erronem
1178 3553 1321 3616 Secundo
1334 3553 1415 3615 idem
1432 3552 1576 3630 pruhutur
1590 3566 1628 3612 ex
1639 3554 1814 3628 occasione,
1841 3569 1935 3632 quarn
1951 3554 2008 3618 ha·

222 3637 361 3700 illerum
380 3635 599 3713 reprehendit.
617 3647 693 3696 cum
705 3635 765 3695 uit·
782 3633 864 3699 Cure
876 3653 948 3701 mou
959 3641 1091 3717 predere
1135 3634 1202 3697 huit
1214 3635 1378 3706 Dominus,
1396 3642 1430 3697 ut
1449 3634 1567 3702 diceret
1581 3634 1639 3696 ists
1650 3634 1754 3698 rerba.
1771 3634 1902 3699 Occasio
1918 3640 2007 3700 enim

225 3721 439 3798 quidquem:
467 3717 630 3798 sipuiicot
652 3717 755 3794 iqitur
777 3717 933 3783 Dominus
958 3736 1091 3786 ceruum
1133 3718 1190 3780 luit
1203 3732 1288 3781 error
1303 3717 1583 3796 Copharualtarum,
1610 3714 1663 3795 qui
1692 3732 1754 3778 non
1770 3719 1870 3780 solum
1886 3719 2005 3798 cogita·

222 3814 321 3864 suom
337 3817 407 3863 uou
417 3801 633 3878 corporaliter
640 3802 928 3878 manducandum,
941 3806 1000 3868 red
1017 3805 1090 3869 selu
1134 3801 1218 3873 haut,
1232 3801 1314 3880 quod
1329 3799 1439 3880 liurtpr
1453 3799 1538 3872 dicit,
1554 3814 1656 3860 reram
1668 3814 1791 3860 carnem
1808 3801 1918 3864 Christi
1946 3818 2004 3864 uo·

222 3884 288 3962 ilde
301 3885 529 3962 spiritualiter.
676 3949 680 3956 ,
719 3937 722 3945 .
1137 3882 1188 3946 his
1204 3882 1349 3962 promitti,
1362 3882 1444 3961 quod
1459 3888 1508 3945 est
1519 3881 1724 3952 remesinum,
1741 3884 1796 3944 sed
1822 3885 2004 3962 cogitabant

263 3967 460 4046 ltcspoodeo:
476 3965 594 4029 iturum
610 3963 703 4026 istum
729 3979 791 4026 non
817 3966 910 4029 modo
938 3984 1000 4030 nun
1015 3969 1089 4032 olie-
1136 3981 1203 4027 cum
1221 3964 1628 4032 manducandameomudo.
1645 3979 1736 4042 quem
1762 3967 1824 4026 illis
1852 3983 2006 4045 suggere·

229 4065 301 4110 num
320 4094 328 4116 ,
344 4057 396 4111 aut
409 4048 648 4119 adomacutinum,
671 4045 727 4108 sed
740 4047 787 4108 rix
808 4048 926 4112 luteum
940 4052 1000 4112 dici
1017 4069 1089 4130 pos·
1133 4047 1353 4125 bulptoprium
1372 4047 1537 4126 iudiciuin,
1562 4054 1596 4109 et
1618 4047 1785 4110 homonum
1809 4055 2007 4127 experimen·

223 4150 269 4196 se.
293 4133 364 4194 llam
378 4135 409 4191 ιο
425 4129 533 4206 primis
544 4127 666 4190 etiamsi
690 4125 829 4192 Christos
856 4131 1034 4210 loqueretur
1049 4135 1088 4198 de
1134 4136 1209 4203 tum,
1226 4138 1259 4191 ut
1272 4131 1507 4209 Augustinuspt
1518 4129 1569 4190 alii
1585 4138 1752 4207 exponunt,
1763 4129 1908 4195 nimirum
1924 4149 2006 4212 quo·

223 4229 397 4286 curnesua,
413 4218 446 4274 et
459 4227 528 4274 cum
541 4211 660 4273 diceret
680 4210 757 4271 nihil
780 4215 950 4289 prodesse:
968 4234 1029 4277 nun
1046 4223 1090 4278 ta·
1135 4215 1226 4274 modo
1242 4213 1533 4276 comedunturaliae
1556 4227 1677 4274 carues.
1704 4209 1781 4276 iluic
1796 4215 1879 4277 enirn
1902 4219 2007 4278 errori

225 4314 295 4360 men
317 4302 401 4357 recte
416 4293 645 4371 colligeremus,
661 4309 722 4354 non
738 4309 809 4376 csse
834 4314 936 4358 reram
963 4317 1087 4362 curnem
1134 4295 1294 4375 aptissime
1308 4295 1477 4374 respondet
1491 4295 1568 4356 haec
1589 4293 1708 4356 Domini
1731 4299 1897 4360 sententia:
1914 4298 2002 4362 idem

224 4381 254 4442 in
271 4382 480 4448 sacramento,
497 4376 588 4452 idque
604 4382 729 4452 propter
741 4378 816 4440 duas
832 4383 1085 4454 caussasorimn,
1134 4381 1216 4440 enirn
1229 4385 1276 4440 cst
1290 4395 1325 4439 ac
1339 4381 1365 4440 si
1381 4377 1520 4440 dixisset:
1536 4377 1682 4440 turmulis
1704 4380 1796 4441 homo
1825 4397 1887 4442 non
1912 4397 2004 4443 asse·

224 4461 294 4542 quia
310 4461 420 4522 codem
435 4460 527 4522 modo
540 4457 682 4520 concludi
695 4467 876 4536 posset,nou
890 4479 960 4526 csse
977 4483 1088 4542 panem
1134 4461 1237 4539 quitur
1249 4461 1348 4524 diviua
1361 4461 1518 4539 mysteria.

223 4547 254 4608 ιο
270 4549 478 4604 sacramento:
496 4557 565 4601 nam
587 4542 613 4600 si
636 4556 708 4600 coro
723 4539 833 4605 Christi
851 4561 912 4608 nou
934 4549 1085 4625 prodest,
1165 4543 1276 4607 Curtio
1289 4544 1434 4622 probatur
1446 4559 1482 4604 ex
1496 4541 1597 4604 verbis
1609 4543 1824 4622 sequentihus:
1838 4542 2005 4622 subjungit

224 4627 443 4688 multominus
470 4622 556 4701 punis
580 4622 717 4684 triticeus
747 4629 892 4702 proderit.
919 4629 1086 4703 Secundo,
1134 4629 1216 4688 enim
1232 4625 1420 4688 immediate:
1441 4625 1635 4706 lcrhuquoc
1660 4641 1718 4702 eqo
1747 4626 1901 4706 loquutus
1924 4642 2006 4690 eum

225 4707 338 4788 quiesi
364 4707 404 4768 de
416 4721 509 4768 cerne
524 4722 578 4766 suo
595 4706 654 4766 huc
670 4704 818 4770 Dominus
838 4711 987 4785 dixisset,
1004 4720 1088 4776 certe
1132 4707 1232 4780 noim,
1247 4710 1394 4788 spiritua,
1411 4713 1440 4770 ct
1453 4709 1521 4770 uilo
1533 4711 1621 4778 eunt,
1638 4708 1728 4782 idest,
1744 4717 1818 4770 suut
1832 4709 1924 4770 ocrha
1945 4725 2004 4770 ex·

225 4807 287 4854 non
303 4789 508 4850 intellexisset
522 4804 588 4848 conr
604 4788 745 4850 absolute
770 4807 831 4852 uon
857 4795 1020 4871 prodesse,
1033 4799 1089 4858 sed
1134 4792 1290 4870 plicantiu,
1308 4799 1338 4854 et
1355 4792 1502 4853 trudentia
1519 4806 1568 4852 res
1582 4789 2005 4870 diriuas,spirimolestiam

226 4889 287 4935 uon
297 4873 459 4948 prodesse.
474 4870 501 4932 si
517 4869 581 4931 sola
594 4870 646 4943 sit,
661 4869 753 4942 idest,
769 4875 887 4952 ubsque
899 4877 1007 4951 spiritu
1019 4894 1088 4940 earn
1134 4881 1287 4936 ueternum
1303 4873 1488 4942 udtercctos.
1510 4868 1671 4952 propterea
1685 4889 1746 4934 non
1761 4872 1876 4936 debeat
1891 4873 2004 4936 huma·

154 5017 160 5028 ,
227 4953 409 5027 vivificante,
426 4959 461 5015 ul
474 4959 630 5027 exponunt
651 4953 841 5029 Augustinus
855 4965 886 5017 et
901 4957 1043 5038 cyrillus:
1059 4979 1089 5022 u·
1128 4973 1174 5028 ,uo
1196 4973 1291 5020 sensu
1306 4956 1475 5034 accipisod
1492 4946 1564 5026 hoc,
1583 4961 1614 5018 et
1627 4955 1830 5035 intelligentia
1845 4955 1937 5016 aDeo
1953 4959 2005 5017 in-

226 5036 320 5115 h'oqui
333 5035 415 5096 euim
432 5037 456 5097 si
472 5053 542 5098 caru
558 5035 669 5098 Christi
696 5053 755 5096 uun
785 5043 947 5116 prodesset
961 5048 1088 5107 mandu-
1133 5039 1256 5117 spirutu,
1270 5039 1355 5119 quusi
1372 5040 1453 5100 dicat
1467 5036 1628 5101 Dominus:
1638 5037 1703 5102 Non
1719 5039 1829 5100 mirum
1842 5044 1891 5100 est
1901 5038 1928 5100 si
1944 5055 2005 5101 rus

227 5119 371 5181 uentibus
386 5135 464 5183 eum.
479 5117 632 5193 quomodo
648 5120 678 5178 in
701 5121 811 5183 codem
827 5125 925 5200 cupite
941 5125 1089 5190 Dominus
1134 5139 1195 5183 non
1214 5121 1396 5201 intelligitis,
1413 5121 1485 5198 quio
1501 5137 1555 5184 ros
1568 5121 1701 5183 humana
1714 5121 1866 5200 cogitatis,
1894 5127 1925 5182 ct
1940 5137 2005 5199 ego

224 5202 364 5263 dixisset:
386 5198 447 5275 Qui
460 5202 640 5262 munducat
650 5213 758 5263 uocum
779 5220 923 5278 caracui,
937 5207 1032 5271 hehet
1041 5210 1087 5272 ui·
1134 5205 1243 5284 loquor
1257 5205 1369 5266 rliriua.
1387 5202 1546 5277 Quomodo
1560 5204 1651 5272 ctiam
1666 5201 1880 5266 turnucum
1896 5201 2007 5265 Domi-

225 5293 293 5346 tum
306 5287 494 5346 colunum?
508 5291 549 5354 ct,
566 5282 636 5344 ll'isi
647 5286 935 5360 utuuduooucritis,
950 5306 1021 5354 ocu
1031 5291 1089 5354 hu·
1135 5305 1194 5350 irus
1208 5279 1385 5365 loqueretur
1406 5287 1446 5350 dc
1461 5286 1605 5367 mysterio
1633 5286 1890 5366 regenerationis,
1907 5293 1938 5348 et
1953 5287 2007 5348 lli-

224 5364 335 5429 ichitis
348 5366 495 5430 uilumiu
505 5365 592 5428 uobis
606 5367 625 5426 t
639 5365 676 5426 tit
697 5367 834 5447 Denique
848 5387 966 5434 summe
979 5375 1088 5453 impie·
1136 5373 1284 5434 nodemus
1299 5375 1446 5449 cogitaret
1460 5370 1612 5432 carnalem
1635 5368 1787 5448 quandam
1813 5369 2004 5432 nativitatem

221 5455 268 5510 tas
279 5454 331 5508 cst
346 5464 459 5527 negare
474 5447 585 5512 Christi
611 5463 734 5511 caruem
751 5453 897 5516 diuinitati
914 5458 1028 5518 unitum
1042 5461 1086 5518 ni·
1136 5470 1173 5516 ex
1188 5462 1275 5518 utero
1291 5453 1407 5524 matris,
1419 5451 1620 5526 reprehendit
1634 5467 1706 5514 eom
1723 5447 1785 5514 illis
1799 5450 1915 5516 uerbis:
1937 5451 2005 5527 Qut

222 5531 266 5590 hit
282 5530 442 5609 prodesse,
459 5535 507 5595 cui
525 5539 616 5593 totam
632 5538 764 5594 nostram
780 5537 908 5598 salutem
925 5539 957 5604 h.
974 5539 1086 5602 Paulus
1135 5538 1175 5601 de
1191 5542 1277 5600 terro
1292 5542 1348 5610 cst,
1362 5537 1403 5598 dc
1416 5539 1505 5598 terro
1519 5533 1675 5614 loquatium
1696 5534 1755 5614 qui
1776 5534 1818 5598 de
1838 5535 1926 5597 coelo
1948 5553 2005 5598 ue-

138 5660 144 5673 .
224 5613 338 5683 tribuit,
350 5613 428 5692 udum
444 5612 597 5676 Colossi.
613 5613 697 5685 dicit,
715 5633 771 5680 οοο
788 5619 850 5680 Deo
872 5625 1088 5686 reconciliatos
1132 5621 1193 5693 uit,
1209 5635 1308 5698 super
1321 5633 1433 5680 omncs
1447 5622 1503 5690 est,
1533 5617 1624 5686 idest,
1650 5623 1681 5678 tu
1707 5619 1800 5680 homo
1828 5626 1973 5680 terrenus
1991 5665 2001 5692 ,

221 5713 277 5774 per
291 5709 415 5760 curnem
430 5694 553 5760 Christi.
573 5693 648 5758 Cum
663 5695 755 5776 igitur
770 5701 799 5762 io
815 5712 1008 5768 suoramcuto
1030 5721 1087 5769 nos
1135 5710 1254 5766 terreno
1270 5702 1398 5782 cogitas,
1413 5700 1606 5778 alloqueris:
1622 5714 1680 5779 ego
1692 5699 1745 5780 qui
1755 5700 1796 5764 dc
1811 5701 1899 5764 coelo
1916 5701 2005 5776 reni,
