4084 6275
243 298 309 408 802Ι
835 345 1116 408 bosacnlltltttto
1135 347 1336 408 llalttlltonll

94 504 98 515 ’
172 486 219 544 tra
231 481 379 544 Faustum
395 496 465 559 cap.
481 479 536 543 30.
551 485 583 542 et
597 479 653 545 lib.
671 483 723 545 tb.
738 481 780 544 de
794 479 883 546 dicit.
900 479 957 546 llei
970 498 1042 561 cap.
1090 481 1305 569 gar,tnissenl
1331 478 1611 550 exterminatione,
1637 475 1974 540 etiamsiluissenlex

175 562 228 626 2⁵.
254 563 337 626 idem
362 563 482 626 crimen
501 560 873 628 Abrabaeallanicbaois
886 565 1043 644 objectum
1090 564 1253 627 Abrabam.
1278 557 1728 643 Sineroagalurdospirituali
1744 559 1972 625 tornicatione.

175 651 315 720 excusat,
341 646 425 723 quod
451 659 513 706 non
528 643 672 719 libidine,
684 646 741 708 sed
758 645 857 723 prolis
871 646 980 724 gratia
996 645 1045 708 id·
1087 645 1181 718 ideal,
1198 645 1238 710 de
1252 646 1436 721 idololatria,
1453 642 1618 707 rarissime
1632 641 1779 704 dicuntur
1809 655 1880 704 non
1899 655 1975 704 esse

173 743 237 804 oue
263 740 359 790 uxore
387 731 520 804 cogente
549 725 672 791 lecerit.
687 727 844 791 Potuisset
857 734 964 792 autern
980 742 1045 791 uuo
1091 744 1129 791 ex
1143 728 1360 802 fornicatione,
1376 727 1428 808 qui
1445 731 1519 790 sunt
1531 741 1570 787 ex
1586 723 1751 796 Abrabam,
1774 725 1854 802 quia
1876 723 1975 786 Abra·

176 809 273 872 aerbo
287 809 406 871 crimen
432 806 564 880 diluere,
581 807 609 869 si
624 809 834 873 existimasset
847 809 926 890 lgar
938 823 1044 872 aeram
1090 810 1161 873 bam
1177 811 1337 873 idololatra
1353 825 1414 872 nou
1429 808 1497 884 tuit,
1513 807 1570 870 sed
1586 806 1680 869 unius
1693 805 1748 868 llei
1760 803 1975 870 fidelissimus

177 891 343 971 coniugem
358 887 524 950 Abrabami
540 887 650 954 tuisse.
1090 893 1203 956 cultor.

216 972 359 1050 Denique
369 986 399 1033 s.
409 970 473 1034 beo
485 969 577 1050 epist.
590 972 684 1036 iliad
695 972 857 1038 ltusticunt
867 972 1046 1036 narbonen·
1133 973 1240 1054 Neque
1256 972 1436 1038 Secundum
1458 975 1674 1052 argumentum
1698 969 1877 1032 concludit.
1902 968 1978 1031 itam

176 1069 257 1125 sam,
274 1067 344 1130 cap.
367 1051 400 1114 l.
424 1051 587 1132 distinguit
611 1054 693 1117 inter
707 1068 834 1118 uxorem
849 1059 881 1118 ct
895 1053 1045 1121 concubi·
1093 1057 1124 1120 in
1141 1055 1299 1134 Scriptura
1314 1056 1407 1118 etiarn
1438 1069 1530 1116 aerae
1545 1059 1576 1115 et
1589 1052 1748 1132 legitimae
1774 1067 1897 1114 uxores
1922 1053 1977 1113 ali·

175 1150 297 1208 nam,ac
309 1133 402 1196 docet
412 1135 619 1198 concubinam
632 1152 694 1198 non
706 1151 894 1200 essenorum
904 1152 1044 1212 uxorem,
1093 1138 1217 1217 qnando
1232 1136 1378 1200 dicuntur
1392 1135 1600 1207 concubinae,
1617 1142 1649 1196 et
1664 1135 1751 1214 ipsae
1774 1135 1978 1196 concubinae

173 1218 215 1278 ita
240 1222 274 1278 ut
287 1215 314 1278 si
330 1213 400 1293 quis
414 1215 536 1280 babens
549 1217 769 1291 concubinam,
799 1218 894 1281 ducat
906 1219 997 1281 aliam
1013 1219 1046 1280 in
1092 1221 1238 1283 dicuntur
1253 1234 1377 1282 uxores.
1391 1217 1551 1297 Siquidem
1568 1216 1683 1278 Genea.
1701 1216 1751 1278 lb.
1763 1217 1849 1296 Agar
1864 1216 1980 1277 dicitur

176 1314 316 1370 uxorem,
339 1297 394 1363 ille
417 1306 661 1362 nonoeoseatur
675 1301 836 1380 duplicare
850 1301 1044 1381 conjugium:
1092 1319 1183 1366 uxor:
1201 1301 1316 1364 Genea.
1332 1302 1385 1363 al.
1403 1299 1535 1363 delbora
1559 1299 1672 1360 dicitnr
1700 1300 1794 1360 etiarn
1821 1313 1906 1362 uxor
1923 1343 1931 1366 ,
1950 1305 1980 1360 et

177 1381 708 1459 ponttautemcxemplumdeSara
734 1381 1047 1462 eligantiuarori·
1093 1383 1550 1466 pauloposttamipsa,quem
1565 1380 1979 1460 Agardicunturconoubi·
2030 1411 2031 1446 1

178 1462 269 1524 datur
292 1462 448 1536 sensisse,
473 1463 554 1542 agar
579 1477 642 1527 noa
667 1479 770 1528 aeram
792 1465 890 1528 tuisse
906 1465 1048 1529 abrabae
1093 1483 1164 1530 nae:
1181 1465 1328 1529 elladio.
1346 1463 1398 1526 lli.
1415 1479 1586 1533 unornera,
1602 1468 1634 1526 et
1648 1463 1798 1542 legitima,
1823 1464 1928 1524 immo
1950 1469 1979 1522 et
2030 1535 2031 1540 .

180 1558 536 1690 wglglggffi'gsgmgnga
565 1632 615 1688 est
646 1626 876 1705 improbabilis,
892 1642 953 1690 nec
967 1625 1045 1689 dilii-
1094 1546 1514 1695 gingunccrssrjalilggtaunr.1ffltae'
1531 1561 1615 1608 mmo
1630 1559 1721 1618 uxor,
1737 1559 1827 1608 nuno
1858 1559 1977 1607 eoum·
2030 1575 2031 1614 1

179 1708 325 1770 cultatem
337 1707 440 1769 solvit.
454 1705 528 1769 llam
541 1708 694 1787 quidquid
706 1710 747 1774 sit
761 1712 802 1774 de
818 1711 891 1774 Sara
906 1715 937 1772 et
951 1709 1044 1788 llgar,
1135 1713 1231 1776 lirant
1244 1720 1347 1775 autern
1363 1712 1426 1774 duc
1441 1724 1555 1789 genera
1571 1722 1715 1782 uxomm,
1731 1713 1798 1771 lum
1813 1707 1904 1787 epod
1917 1707 1974 1770 lle·

76 1833 80 1841 .
179 1795 264 1852 certe
279 1789 332 1850 bia
345 1794 377 1850 et
391 1787 508 1851 llaclrel
522 1790 606 1852 duae
618 1806 710 1855 aerae
725 1801 877 1872 conjuges
892 1797 980 1856 erant
996 1807 1050 1870 pa·
1094 1797 1368 1868 braeosaeteres,
1385 1808 1457 1856 cum
1483 1793 1574 1854 etiarn
1591 1791 1673 1869 apud
1696 1790 1849 1872 gentitus.
1878 1791 1975 1868 Quae

180 1869 333 1933 triarebae
346 1868 456 1942 Jacob,
469 1875 601 1950 utraque
615 1873 701 1937 enim
715 1873 814 1936 libera
829 1880 908 1946 erat,
922 1877 954 1936 et
968 1878 1051 1936 utra·
1095 1880 1178 1950 dam,
1196 1891 1275 1955 quae
1290 1874 1488 1939 ducebantur
1501 1887 1564 1934 non
1580 1873 1682 1935 sctum
1707 1872 1745 1934 ad
1761 1873 1976 1951 procreandos

180 1968 242 2031 que
257 1967 333 2014 uxor
346 1956 500 2031 perpetuo
515 1954 704 2020 nominatur:
721 1963 754 2017 et
767 1956 851 2019 idem
866 1956 929 2018 diei
947 1961 1051 2034 potest
1095 1959 1282 2032 iiberoa,sed
1292 1958 1385 2021 etiam
1400 1957 1438 2018 ad
1452 1955 1635 2018 societatem
1649 1954 1789 2017 amnium
1804 1954 1973 2019 bonorum.

182 2036 222 2096 de
249 2034 341 2101 Anna,
351 2038 382 2096 al
397 2034 567 2098 Pbeuonna
581 2037 733 2102 uxoribus
747 2037 916 2114 Helcanae,
935 2043 967 2098 ct
980 2037 1052 2100 aliis
1096 2049 1127 2106 et
1141 2043 1237 2105 totius
1251 2040 1363 2102 domus
1378 2037 1648 2118 gubernationem
1673 2043 1766 2114 atqua
1781 2038 1898 2098 panorm
1916 2045 1975 2097 ran.

182 2115 358 2196 permultis.
1096 2131 1159 2189 tum
1176 2122 1230 2185 lllii
1246 2129 1335 2186 erant
1349 2121 1514 2194 haeredem
1530 2124 1563 2180 ct
1576 2118 1636 2181 bae
1647 2117 1774 2196 proprie
1789 2119 1976 2180 dicebantur

223 2197 428 2276 beinde,ouis
439 2198 547 2262 credat
560 2202 766 2279 patriarcham
783 2202 937 2265 Abrabam
952 2199 1051 2264 airum
1095 2204 1377 2284 matresfamiliae.
1394 2202 1551 2276 Quaedam
1576 2206 1664 2264 erant
1691 2201 1857 2279 legitimae
1886 2202 1975 2263 etiam

182 2279 449 2358 sapientissimum
478 2286 509 2342 el
523 2284 768 2362 sanctissimum,
780 2285 876 2345 immo
890 2290 1052 2362 parentem
1097 2304 1222 2361 uxores,
1239 2287 1297 2350 sed
1310 2301 1373 2348 non
1387 2285 1544 2348 admissae
1558 2282 1596 2347 ad
1611 2282 1794 2345 societatem
1806 2283 1974 2356 bonorum,

182 2360 286 2423 omnis
309 2361 494 2434 sanctitatis,
522 2369 554 2426 et
568 2364 598 2424 in
614 2365 784 2444 scripturis
798 2367 837 2428 ab
852 2366 1004 2443 apostolis
1019 2371 1051 2428 el
1097 2378 1129 2436 et
1143 2371 1256 2433 domus
1270 2367 1539 2448 gubernationem
1556 2369 1587 2427 el
1608 2365 1668 2426 bae
1683 2380 1788 2443 neque
1801 2366 1974 2442 matrasta·

184 2442 360 2519 propinetis,
383 2449 415 2504 ct
435 2442 475 2504 ab
489 2444 560 2522 ipso
573 2444 685 2509 Christi
702 2463 830 2528 semper
843 2463 914 2511 cum
932 2447 1053 2511 bonore
1096 2453 1208 2516 nuttios
1223 2451 1418 2520 dicebantur,
1435 2463 1539 2526 neque
1554 2461 1660 2509 earum
1688 2445 1743 2508 lilii
1774 2446 1935 2510 haeredes
1947 2464 1977 2508 c·

183 2525 386 2598 nominatum,
409 2525 460 2588 net
474 2525 637 2604 ignorasse
651 2529 839 2593 adulterium
854 2544 927 2592 esse
942 2543 1053 2606 peeca-
1097 2541 1178 2609 rant3
1193 2539 1224 2598 et
1239 2534 1298 2595 bae
1314 2541 1378 2594 turn
1394 2545 1518 2606 uxores,
1535 2533 1600 2591 tum
1622 2528 1819 2592 concubinae
1838 2529 1977 2592 aomina·

184 2612 261 2678 tum,
273 2605 323 2668 nel
334 2605 417 2684 adigi
430 2607 570 2684 putuisse
581 2624 740 2674 consensu
759 2611 915 2692 conjugia,
927 2617 980 2672 aut
992 2613 1053 2676 alia
1098 2618 1224 2680 bantur.
2030 2574 2031 2650 ¹

184 2687 246 2750 ulla
257 2687 298 2748 de
309 2688 471 2764 caussa,ad
483 2689 515 2750 id
528 2692 782 2771 perpetrandum,
796 2691 879 2774 quod
891 2700 1054 2772 peccalum
1139 2698 1174 2760 ld
1190 2699 1222 2761 in
1238 2713 1297 2760 usu
1311 2695 1410 2764 luisse
1425 2693 1506 2774 apud
1523 2693 1785 2772 llebraeos,palet
1798 2708 1837 2756 ex
1851 2693 1979 2770 capae.

184 2783 334 2832 essenon
348 2770 522 2849 ignoraret..
1099 2781 1178 2844 (len.
1194 2795 1287 2859 supra
1300 2780 1403 2840 citato.
1420 2776 1507 2856 lpud
1521 2775 1657 2855 gentilos
1686 2781 1788 2838 autem
1818 2776 1852 2837 id
1883 2776 1979 2838 tuisse

215 2850 412 2944 ,addaoucu
423 2851 451 2914 si
463 2868 526 2915 non
537 2853 671 2918 luissent
681 2854 752 2918 illae
767 2872 859 2920 verae
872 2873 986 2922 uxores
1001 2874 1055 2936 pa·
1098 2864 1131 2925 in
1147 2876 1233 2925 more
1249 2861 1398 2942 positum,
1414 2859 1616 2938 perspicuum
1631 2864 1681 2922 est
1694 2873 1733 2921 ex
1744 2857 1849 2922 Gellio
1865 2857 1980 2921 lib.l8.

184 2933 401 3007 triarcbarunr,
414 2938 573 3011 oporteret
583 2937 689 3001 dicere
701 2939 891 3017 patriarchas
907 2955 969 3001 non
985 2945 1052 3001 tan·
1100 2961 1170 3022 cap.
1187 2944 1218 3006 b.
1441 2938 1446 2946 ’

187 3021 251 3076 tum
266 3014 365 3109 semel
382 3058 391 3088 ,
423 3021 476 3077 aul
491 3016 602 3079 ilerum
617 3034 654 3081 ex
669 3019 804 3083 bumana
818 3021 1057 3102 fragilitatescd
1142 3026 1179 3088 lit
1190 3027 1250 3088 boo
1264 3023 1357 3088 modo
1372 3021 1499 3102 exponit
1513 3020 1678 3085 Gratianus
1689 3021 1762 3084 dist.
1779 3021 1834 3084 al.
1851 3039 1928 3084 can.
1948 3021 1982 3084 0·

187 3101 250 3159 toto
262 3095 328 3159 tere
339 3101 418 3159 ortae
430 3100 582 3176 tempore,
598 3099 694 3180 idone
709 3101 823 3183 palam,
838 3108 870 3167 et
883 3120 922 3168 er
937 3103 1056 3184 protes·
1098 3108 1241 3183 mnibus,
1258 3119 1411 3171 caconem
1440 3105 1581 3169 ultimum
1608 3104 1733 3168 concilii
1764 3105 1910 3177 toletani,
1930 3107 1981 3168 ubi

184 3177 275 3273 sione
301 3193 465 3273 peccasse:
493 3179 564 3245 illas
578 3182 661 3246 anim
677 3185 828 3250 mulieres
840 3192 1005 3267 perpetuo,
1024 3192 1056 3250 et
1102 3192 1250 3255 dicuntur
1265 3188 1383 3252 admitti
1399 3202 1494 3265 posse
1517 3188 1556 3248 art
1585 3188 1842 3251 communionem
1873 3190 1909 3256 ii,
1929 3190 1981 3267 oui

185 3258 312 3340 publico
326 3261 514 3325 retinebant.
1102 3290 1161 3337 una
1177 3272 1308 3335 muliere
1323 3269 1460 3333 contenti
1476 3274 1560 3341 sunt,
1576 3270 1642 3332 sira
1664 3284 1700 3331 ea
1727 3269 1768 3331 sit
1793 3286 1886 3341 uxor,
1915 3274 1981 3332 siae

225 3341 386 3407 Praeterea
397 3342 482 3406 Deus
493 3346 562 3423 ipse
576 3344 652 3409 dicit
665 3347 785 3421 bacidi,
799 3350 832 3412 2.
848 3349 925 3430 lteg.
942 3350 1055 3413 lille·
1100 3352 1288 3418 concubina:
1305 3352 1381 3415 dicit
1411 3352 1496 3414 enlm
1526 3351 1734 3414 concubinam
1761 3353 1870 3413 vocari
1898 3368 1980 3425 eam,

185 3422 223 3487 da
234 3438 359 3489 amurca
369 3423 503 3490 Domini
514 3428 565 3491 tui
582 3429 622 3492 io
634 3430 749 3494 mnam
761 3437 869 3495 tortos·
883 3440 912 3494 at
926 3447 1056 3511 quomo·
1100 3453 1180 3515 quae
1194 3452 1267 3499 aere
1282 3438 1368 3497 esset
1383 3449 1473 3507 uxor,
1490 3434 1547 3497 scd
1571 3434 1710 3511 privatim
1725 3434 1830 3509 ducta,
1848 3434 1924 3497 siae
1940 3439 1982 3495 le·

187 3505 240 3578 do,
257 3520 386 3584 quaeso,
402 3506 486 3570 lieus
500 3509 642 3573 adulterii
658 3521 766 3576 auctor
776 3529 850 3577 esse
864 3514 986 3593 potest?
1100 3518 1224 3599 gallbua
1239 3515 1468 3580 instrumentis.

229 3586 373 3667 lienique
383 3588 495 3653 beatam
508 3590 623 3655 Paulus
636 3594 674 3657 ad
687 3594 786 3657 Galat.
797 3596 829 3658 l.
842 3596 962 3670 scribit,
976 3596 1056 3658 duos
1143 3600 1187 3663 Ad
1203 3600 1339 3663 tertium
1367 3598 1585 3678 argumeirlum
1612 3612 1651 3659 ex
1677 3596 1822 3660 Patribus
1852 3598 1980 3660 desum·

189 3667 272 3731 iilius
295 3668 449 3733 Abrabam
474 3673 671 3752 significasse
685 3677 749 3740 dno
763 3676 973 3751 Testamenta,
989 3678 1057 3741 sine
1100 3688 1200 3761 ptum,
1216 3679 1416 3760 llespondeo:
1433 3680 1628 3741 Ambrosium
1644 3680 1736 3741 variis
1759 3680 1867 3742 modis
1889 3680 1980 3742 Abra

188 3748 268 3812 dnos
292 3752 439 3831 populum
465 3760 497 3818 et
510 3756 593 3819 sicut
605 3756 761 3821 Abrabam
775 3775 873 3823 unum
887 3759 986 3824 lilium
1002 3760 1057 3823 ba·
1101 3767 1226 3827 hamum
1242 3762 1411 3826 detundere
1427 3766 1570 3824 conatum
1586 3776 1671 3837 esse,
1688 3762 1791 3825 sedin
1808 3762 1920 3824 ultima
1936 3778 1980 3824 re·

188 3830 257 3925 buit
280 3847 321 3895 ex
345 3833 455 3910 libera,
482 3836 578 3913 idest,
605 3838 691 3918 Sara,
717 3842 850 3904 alterum
875 3841 1053 3917 exancilla,
1101 3846 1274 3926 sponsione
1287 3858 1391 3908 reram
1406 3842 1623 3906 detonsionem
1638 3844 1799 3923 posuisse.
1821 3844 1861 3906 ln
1878 3846 1979 3906 ultima

190 3914 285 3989 adest,
311 3914 403 3995 Agar:
429 3918 471 3981 ita
498 3919 596 3982 beum
622 3922 772 3987 babutasc
798 3925 878 3987 duos
907 3924 1054 4004 populos,
1102 3932 1185 3991 enim
1201 3924 1409 4006 responsione
1431 3930 1539 4003 aparte
1560 3926 1711 4003 scripsit,
1741 3926 1979 4006 coniugiumc-

190 4010 289 4059 unum
314 4013 353 4059 ex
370 4013 534 4091 ‘synagoga
549 4018 650 4078 serra,
667 4005 797 4067 alterum
812 4020 849 4068 ex
865 4006 1005 4071 Ecclesia
1021 4006 1058 4067 li·
1101 4010 1217 4073 brahae
1232 4023 1303 4072 eum
1318 4007 1396 4086 lgar
1410 4021 1472 4070 nou
1488 4006 1585 4069 tuisse
1596 4013 1773 4085 peccatum,
1792 4010 1852 4070 sed
1870 4014 1979 4086 mysc-

188 4076 276 4140 ΜΝ·
292 4078 481 4159 Sissfflflffllst
496 4083 589 4159 *titur
602 4086 683 4165 Anat·
695 4102 898 4168 synogogam.
915 4087 951 4148 lt
965 4104 1056 4167 synu-
1102 4095 1194 4155 rinm:
1210 4092 1295 4154 Deus
1310 4090 1394 4151 eninr
1408 4088 1449 4150 ita
1463 4088 1531 4151 lieri
1544 4090 1638 4151 voluit
1653 4088 1692 4151 ad
1705 4090 1825 4167 aliquid
1843 4090 1980 4152 totarum

190 4173 270 4302 aar
286 4162 943 4329 culatinuinarticulatum
956 4184 1053 4330 tran·
1101 4169 1855 4336 irritaruntlatrunculum·
1872 4171 1979 4333 aar

255 4287 263 4313 ¹
502 4291 511 4323 a
741 4296 748 4320 a
1044 4282 1054 4296 ”
1387 4298 1395 4323 a
1844 4298 1854 4323 a

190 4319 304 4417 beatio,
332 4340 394 4388 non
411 4325 466 4389 luit
480 4329 619 4394 adultera
641 4331 829 4407 concubina,
845 4334 902 4396 sed
917 4333 1055 4413 legitima
1101 4338 1185 4418 glum
1201 4353 1271 4399 oum
1287 4334 1434 4413 pluribus
1449 4334 1600 4397 uxoribus
1614 4335 1730 4413 alioqui
1747 4335 1910 4409 illicitum,
1927 4334 1980 4397 liei

189 4418 306 4477 ocorux
319 4405 471 4473 Abrabae.
1102 4418 1338 4497 dispensatione
1352 4416 1463 4480 tactum
1479 4432 1553 4480 esse
1568 4416 1699 4479 licitum:
1715 4432 1797 4495 qnae
1822 4424 1876 4479 est
1901 4418 1982 4479 solu·

231 4484 338 4565 lleqne
358 4498 539 4569 argumenta
562 4493 615 4557 illa
640 4494 843 4573 concluduo13
865 4510 937 4557 nam
964 4495 1054 4561 illud:
1104 4502 1263 4578 linquam
1278 4504 1387 4578 postea
1412 4498 1618 4562 innocentius
1646 4498 1703 4561 lll.
1729 4506 1761 4561 et
1789 4498 1981 4563 scholastici

190 4565 536 4647 Nocemtoroicoticoe
546 4590 616 4639 occ
628 4591 742 4640 aucam
754 4578 838 4653 anti,
855 4577 988 4658 intelligi
1003 4577 1058 4642 de·
1102 4582 1227 4661 sequuti
1241 4586 1326 4646 sunt.

190 4646 296 4712 balde
308 4652 692 4737 tornicationespirlluati,
707 4674 789 4739 quae
804 4665 855 4722 est
869 4660 1057 4736 idololatria,
1145 4664 1238 4726 Porro
1252 4678 1280 4727 s.
1298 4661 1489 4741 Augustinus
1502 4662 1535 4724 iu
1551 4660 1630 4725 locis
1651 4662 1754 4724 citatis
1782 4677 1850 4725 non
1882 4663 1981 4737 dicit,

133 4789 136 4793 ,
191 4731 314 4826 nendo
331 4734 532 4801 fornicatione
547 4740 675 4833 carnali,
690 4742 821 4805 utlmuc
834 4741 938 4805 looom
953 4758 981 4805 s.
997 4743 1058 4806 bu·
1104 4746 1182 4825 Agar
1201 4742 1874 4825 ncnluissouxcrem,autcoojunctionem
1892 4744 1982 4807 Abra·

190 4818 334 4890 guotrous
347 4823 432 4881 recle
443 4827 583 4897 exponar
598 4822 671 4885 ideo
686 4823 771 4886 enim
785 4824 831 4886 illi
846 4824 974 4887 addunt:
992 4823 1058 4889 Sed
1102 4828 1185 4891 hemi
1200 4844 1271 4891 eum
1287 4827 1355 4906 ipsa
1371 4826 1468 4890 tuisse
1482 4824 1680 4898 adulterium,
1697 4826 1753 4889 sed
1769 4828 1878 4889 solum
1894 4828 1980 4898 dicit,

190 4908 299 4959 mom
322 4897 453 4963 Pocrem
476 4902 637 4967 babemus
651 4904 770 4968 bacon.
787 4906 830 4968 lc
844 4907 871 4968 si
886 4905 1053 4969 dicissentz
1102 4924 1253 4973 cumcun
1266 4924 1418 4988 peccasse
1433 4913 1562 4986 peccato
1575 4908 1805 4987 libidinisquia
1821 4910 1932 4971 solnm
1947 4910 1984 4971 ob

190 4975 252 5039 ilos
276 4994 338 5041 noo
354 4980 577 5075 descendimus
590 5001 628 5047 cx
641 4988 787 5067 gentibus
801 4987 984 5061 idololatris,
999 4989 1055 5067 oui
1101 5006 1236 5055 amorem
1252 4990 1349 5071 protis
1364 4996 1396 5053 et
1410 5005 1447 5053 ox
1463 5006 1620 5053 consensu
1644 4992 1747 5053 uxoria
1758 4989 1854 5053 aliam
1873 4993 1982 5055 mulie·

191 5072 264 5153 com
276 5061 382 5155 mullas
395 5063 457 5127 diis
472 5066 674 5146 tornicantur,
691 5071 747 5133 sed
762 5084 802 5133 et
817 5069 1002 5149 patriarchis
1017 5088 1054 5133 u·
1100 5090 1166 5137 rom
1177 5072 1332 5153 cognorit.

190 5154 263 5203 nrns
274 5142 330 5205 liet
345 5144 529 5211 cultoribus.
1143 5156 1189 5230 ll,
1202 5155 1358 5233 inquiunt,
1376 5155 1530 5232 potuisset
1541 5169 1606 5217 uno
1628 5153 1858 5217 nerboc'rimen
1875 5155 1982 5235 depul-

231 5222 351 5317 llciode
361 5224 445 5289 idem
456 5235 539 5308 patet
549 5231 702 5295 exrerbis
716 5230 945 5312 superioribus:
959 5250 1057 5314 supra
1101 5238 1208 5312 lere,si
1224 5236 1365 5308 dixisset,
1376 5238 1455 5315 lgar
1467 5251 1568 5300 noram
1581 5236 1747 5317 conjugem
1761 5236 1881 5312 tuisse,
1899 5246 1932 5300 et
1948 5254 1983 5299 eo

189 5318 273 5367 enirn
288 5306 440 5384 dixerant,
456 5326 492 5374 se
508 5320 627 5390 patrem
642 5313 760 5377 babere
772 5314 939 5390 Abrabam,
955 5321 987 5377 et
1007 5317 1056 5379 in·
1102 5324 1242 5399 tempore
1256 5318 1369 5383 licitam
1385 5318 1482 5381 luisse
1494 5318 1912 5398 polygaminmitespondeo
1928 5322 1984 5382 boc

189 5382 433 5483 decoaoluduot
445 5400 565 5471 postea,
578 5410 614 5459 se
626 5410 689 5459 noo
700 5411 824 5460 esseex
836 5397 1054 5477 tornicatioue3
1100 5401 1174 5463 alibi
1190 5400 1477 5480 dixitlugustinus.
1493 5400 1567 5462 llam
1584 5402 1614 5463 in
1631 5400 1688 5463 lib.
1704 5399 1755 5463 to.
1771 5400 1813 5463 de
1828 5400 1981 5465 ciritllei

190 5469 230 5559 ata
243 5468 371 5561 cladem
381 5474 422 5533 stt
433 5490 505 5538 asse
517 5494 555 5539 er
568 5478 842 5553 Abrabam,atoon
855 5496 928 5543 esse
940 5496 978 5542 ex
992 5480 1055 5542 tor·
1101 5500 1171 5561 cap.
1187 5482 1239 5545 38.
1254 5486 1361 5561 aperta
1375 5482 1612 5560 scripsit,Jacob
1627 5483 1830 5561 patriarcham
1850 5492 1984 5564 quatuor

189 5552 361 5643 uacatione.
373 5552 410 5615 At
421 5556 448 5618 si
460 5564 606 5636 ageretur
620 5560 661 5623 da
675 5561 879 5625 tomicatione
892 5562 1057 5636 carnali‚el
1101 5580 1215 5627 uxores
1231 5565 1391 5636 habuisse,
1406 5565 1478 5645 quia
1494 5581 1533 5627 ao
1548 5573 1690 5644 tempore
1702 5564 1785 5628 nulla
1800 5566 1851 5628 lex
1865 5567 1899 5629 id
1916 5582 1982 5645 pro

191 5642 249 5708 por
262 5626 497 5703 incarnationem
508 5640 736 5721 intelligeretur
748 5642 926 5715 coniunctio
940 5643 1056 5709 cumb·
1101 5645 1240 5711 bibebat:
1254 5652 1285 5711 et
1299 5644 1354 5711 lib.
1370 5647 1423 5711 22.
1440 5656 1546 5711 contra
1562 5648 1709 5713 Faustum
1730 5664 1801 5727 cap.
1819 5647 1879 5712 Π.
1906 5650 1983 5712 dicit
