4084 6275
242 296 298 353 208
800 295 844 354 hh
858 292 1082 355 sochotllihrh
1102 292 1346 353 huchrlttlsrlae

170 429 303 505 explieat
316 427 424 491 Petrus
440 433 561 505 martyr,
577 427 658 491 lihro
671 432 776 489 contra
804 428 1003 493 Gordiacrnm
1021 477 1030 499 ,
1076 431 1158 509 qood
1172 428 1233 493 diei
1247 428 1337 502 solet,
1354 442 1528 491 sermonem
1538 432 1681 495 constare
1692 441 1729 489 er
1744 442 1824 489 voee-
1847 434 1880 489 et
1896 423 1942 487 si·

172 511 295 589 obiecto
314 511 384 572 til.
402 510 453 572 uhi
469 510 555 580 dicit,
572 525 627 589 per
655 508 874 573 Eucharistiam
903 530 1032 592 corpora
1077 513 1284 591 guiliealione.
1300 511 1362 574 Sed
1377 510 1559 590 significatio
1587 508 1618 571 in
1644 509 1709 587 ipsa
1725 523 1801 571 noce
1823 516 1885 581 est,
1903 514 1940 567 ol

171 599 275 656 nostra
290 594 355 656 lieri
371 594 565 660 immortalia.
591 592 661 668 noia
678 610 733 670 pcr
755 608 822 655 eam
847 595 908 658 ilde
922 612 1032 673 oppre-
1076 598 1184 659 relatio
1199 597 1229 657 iu
1252 612 1309 657 suo
1324 594 1477 674 suhjemm
1492 609 1528 655 oc
1540 592 1668 668 proinde
1693 608 1752 654 unu
1770 599 1871 670 potest
1902 606 1941 651 ex

171 676 337 740 hendimus
351 676 518 750 Christum3
539 692 577 739 aa
596 692 632 736 ea
653 674 715 737 ilde
741 684 904 741 renovatur
918 680 1030 756 animm
1078 696 1112 741 ea
1139 680 1268 757 probare
1284 678 1389 739 Petras
1402 684 1515 755 martyr
1528 674 1641 752 aliquid
1658 680 1799 738 constare
1814 691 1853 737 ex
1868 690 1912 735 eo
1930 716 1939 744 ‚

169 759 541 823 carenoratioredcudat
568 757 599 820 io
622 774 762 834 eorpus,
795 761 1033 840 illudquetacil
1077 764 1158 841 qnod
1176 763 1207 823 iu
1222 762 1291 839 ipsc
1306 776 1367 821 nou
1383 766 1442 823 est.
1455 758 1541 831 Quod
1565 774 1636 821 acro
1651 757 1736 819 addit
1764 758 1803 820 de
1831 773 1939 821 saera·
2037 824 2038 839 ¹

169 842 313 917 paulatim
327 850 431 919 aptam
447 841 683 905 instrumentum
700 839 766 917 liei,
790 851 821 903 et
840 845 920 905 ritae
935 853 1031 907 aeter·
1078 845 1190 907 carentis
1205 841 1361 913 veteribus
1372 859 1408 905 er
1424 841 1518 903 Paulo
1532 887 1540 911 ,
1556 841 1720 917 impudens
1741 839 1944 919 mendacium

169 940 348 1003 mimihil-
1077 936 1136 990 est.
1166 926 1324 1005 Nusquam
1347 926 1429 988 enim
1453 924 1563 987 Paulus
1585 922 1659 985 dixit
1683 929 1945 985 sacramentane-

209 1008 371 1069 licentra.
387 1007 459 1067 llam
474 1006 621 1071 lreuaeos
633 1005 680 1083 (ol
694 1009 860 1071 adversarii
887 1008 1031 1089 latentur)
1078 1018 1140 1073 tera
1167 1009 1342 1071 constitisse
1369 1024 1406 1071 ea
1434 1006 1604 1087 symbolis.
1637 1012 1669 1067 ct
1695 1022 1825 1083 corpore
1854 1004 1945 1067 Chri·

166 1089 329 1152 contendit
344 1090 475 1167 probare
490 1090 654 1152 haereticis
682 1093 730 1153 sui
758 1092 906 1167 temporis
931 1108 1032 1155 reram
1074 1095 1128 1158 sti:
1146 1110 1205 1155 nee
1216 1091 1291 1153 dixit
1304 1092 1406 1153 Patres
1421 1088 1531 1152 veteris
1553 1088 1736 1152 Testamenti
1760 1088 1945 1149 manducas·

169 1175 271 1239 caruis
287 1179 410 1233 nostrae
423 1173 681 1235 resurrectionem
695 1173 862 1254 aliquando
878 1175 1031 1251 loturam3
1078 1194 1113 1239 se
1128 1176 1258 1238 errudem
1273 1190 1376 1236 eseam
1392 1173 1565 1245 uobiscum,
1577 1176 1616 1233 ἰιι
1626 1186 1719 1249 supra
1744 1171 1869 1250 saepius
1884 1170 1941 1233 de·

169 1254 263 1333 idque
278 1254 397 1330 prohat,
421 1254 492 1333 quia
509 1254 575 1331 ipsa
601 1272 674 1317 earo
700 1263 802 1319 nostre
819 1257 1032 1333 periloehari·
1076 1257 1323 1321 monstrauimus.
1403 1308 1405 1313 ,

169 1338 258 1402 stiam
275 1337 473 1416 conjungitur
485 1337 659 1410 immortali,
676 1344 706 1401 et
720 1338 904 1401 vivificatrici
921 1339 1032 1403 Christi
1117 1338 1182 1405 iam
1198 1356 1270 1401 nero
1283 1340 1333 1400 illa
1349 1338 1448 1401 llltora
1469 1334 1630 1414 expositio,
1646 1352 1705 1415 qua
1722 1350 1777 1413 per
1788 1351 1852 1397 rem
1864 1350 1941 1399 eoe-
2037 1378 2038 1393 r

169 1419 266 1481 carni.
283 1420 321 1481 dt
334 1422 359 1481 ει
376 1426 461 1481 ιεειι
476 1436 545 1481 nera
556 1421 800 1485 adversariorum
825 1424 989 1498 sententia,
1003 1423 1032 1486 1·
1074 1425 1189 1487 testem
1215 1421 1390 1502 intelligunt
1405 1420 1692 1491 consecrationem,
1719 1418 1785 1479 sire
1800 1418 1941 1480 sanctil-
2037 1414 2038 1433 ³

166 1502 273 1564 renaei
289 1510 501 1585 arg-umectum
514 1503 561 1565 rel
578 1503 654 1565 nihil
673 1506 934 1572 concluderetrel
949 1512 1034 1569 certe
1076 1508 1249 1577 cntionem,
1266 1521 1364 1584 acque
1379 1501 1579 1566 icelle-rotelli
1596 1507 1706 1578 polest.
1723 1499 1795 1563 llam
1818 1500 1940 1563 nullam

168 1589 254 1652 esset
268 1599 541 1663 supervacaneum.
558 1584 630 1647 llam
646 1587 698 1663 qui
713 1594 827 1665 negant
837 1589 1034 1651 resurreetio·
1077 1591 1137 1669 ipsi
1153 1592 1323 1669 agnoscant
1337 1603 1437 1648 reram
1454 1583 1717 1647 consecrationem
1732 1583 1834 1661 panis3
1848 1601 1944 1663 qoam

170 1684 241 1730 nem
267 1670 379 1735 earnis.
411 1684 471 1730 uou
493 1668 663 1731 admittunt
693 1669 775 1731 illam
800 1671 1034 1733 redundantiam
1078 1675 1161 1736 euim
1177 1689 1235 1735 nos
1250 1670 1443 1741 adhibemus,
1460 1668 1699 1730 incantationem
1725 1672 1858 1740 noeant3
1882 1667 1944 1729 sed

169 1751 283 1825 gratiae
299 1750 449 1811 exanima
465 1750 495 1811 in
521 1766 646 1829 corpus,
674 1751 704 1812 in
731 1770 789 1830 oua
816 1754 902 1829 ponit
926 1754 1033 1816 Petrus
1079 1754 1252 1819 solumillis
1267 1755 1458 1816 consecratio
1473 1756 1522 1811 est
1550 1766 1659 1826 panem
1689 1748 1827 1825 deputari
1845 1767 1860 1809 a
1876 1750 1944 1811 heo

169 1840 282 1910 inartyr
298 1840 388 1892 totam
405 1833 463 1891 viru
480 1835 652 1911 argumenti
674 1834 912 1912 lrenaei3neque
926 1837 1033 1898 admit·
1080 1839 1117 1900 ad
1131 1837 1313 1899 sacramenti
1330 1850 1431 1905 arsum,
1445 1833 1537 1903 ιιιιει,
1555 1837 1586 1892 ut
1600 1837 1810 1908 repraesentet
1824 1848 1944 1910 eorpes

169 1922 246 1983 tent,
263 1917 344 1990 orrod
360 1915 434 1976 diclt
445 1915 533 1988 llere,
551 1915 662 1979 Christi
677 1935 790 1996 eorpus
805 1922 908 1979 errimo
923 1936 1033 1996 appre·
1081 1920 1205 1983 Christi:
1222 1935 1300 1997 quae
1321 1916 1511 1980 consecratio
1528 1914 1602 1975 nihil
1618 1915 1701 1975 reale
1716 1913 1803 1991 pouit
1830 1914 1859 1975 in
1889 1932 1947 1990 pa-

170 1999 314 2068 henscm,
331 1997 460 2058 animam
477 2003 508 2058 et
521 2015 635 2077 eorpus
650 2000 909 2064 ririhccrcimmo
930 2001 1034 2063 dicent
1079 2022 1131 2074 ue,
1150 2002 1204 2065 scd
1220 2017 1337 2065 meram
1352 2005 1524 2077 respectum
1540 1995 1774 2060 rartionis.lcrro
1789 1995 1942 2059 irenaeus

168 2081 243 2149 inde
256 2084 357 2155 secui,
374 2096 486 2158 corpus
501 2096 562 2142 nou
576 2082 730 2152 virihcari,
757 2085 812 2145 sed
842 2084 939 2146 solam
965 2085 1034 2146 aui·
1080 2090 1120 2149 dc
1135 2087 1227 2148 rebus
1244 2086 1389 2159 tenuitur,
1406 2098 1466 2143 uon
1492 2080 1532 2139 de
1558 2079 1847 2149 enumerationis,
1868 2098 1944 2141 curu

172 2178 264 2236 mam,
282 2179 353 2224 eum
368 2163 494 2224 illasola
511 2162 664 2226 Christum
694 2166 916 2242 apprehendat.
943 2166 1035 2230 licin-
1079 2170 1156 2232 dielt
1170 2168 1388 2230 Eucharistiam
1419 2169 1560 2226 constare
1586 2161 1706 2239 duabus
1728 2161 1847 2230 rebus.
1878 2180 1941 2223 una

168 2246 222 2313 de.
238 2246 310 2323 quid
328 2251 393 2307 erat
406 2261 486 2323 opos
500 2263 611 2321 urgere
627 2254 787 2326 tantopere
811 2248 1035 2312 Ecetrarlsliam
1081 2260 1212 2324 terrena,
1229 2251 1321 2311 altera
1333 2245 1510 2315 coelestiit
1521 2243 1716 2307 coullrmatcr
1726 2250 1944 2324 argumentum

169 2327 410 2405 adprehendam
427 2329 697 2407 resurrectionem,
718 2330 800 2406 quod
825 2331 973 2394 irenaeus
994 2333 1035 2395 la·
1081 2351 1119 2398 ex
1135 2338 1203 2414 ipso
1216 2332 1457 2395 adversariorum
1475 2327 1659 2389 testimonio.
1676 2326 1749 2389 llam
1765 2344 1835 2388 cum
1849 2344 1949 2404 quac-

99 2426 104 2443 ’
169 2411 221 2483 cit,
239 2412 378 2474 tumhoc
392 2410 472 2473 loco.
488 2417 552 2472 turn
569 2411 624 2473 lib.
641 2411 672 2473 5.
693 2419 724 2475 ιι
748 2414 840 2475 alluit
866 2415 938 2477 llam
959 2417 1035 2479 satis
1079 2417 1166 2481 ritur.
1183 2416 1255 2491 naid
1272 2414 1312 2477 sit
1328 2430 1378 2475 res
1392 2420 1526 2483 terrena,
1543 2416 1573 2471 el
1589 2426 1645 2471 nos
1660 2410 1792 2473 dicimus
1807 2424 1877 2471 esse
1893 2428 1947 2472 ae·

168 2493 363 2565 erudirere,
377 2491 528 2555 Christum
545 2511 600 2570 per
614 2493 705 2557 iidem
720 2498 951 2573 apprehensum
963 2498 1035 2560 riri·
1079 2498 1211 2563 oideutia
1229 2497 1317 2575 panis
1334 2494 1507 2568 sensibilia3
1534 2492 1577 2552 illi
1593 2493 1735 2564 clamant,
1764 2507 1829 2553 ram
1847 2499 1940 2555 terre·

170 2574 332 2637 {tenturum
347 2574 478 2647 animas,
495 2582 525 2636 et
538 2592 671 2652 corpora·
692 2586 808 2639 nostra:
832 2580 1036 2657 impertinens
1081 2598 1151 2644 nam
1168 2581 1282 2643 dehere
1298 2594 1369 2641 csse
1382 2575 1660 2644 substautiammon
1676 2574 1740 2637 sola
1757 2574 1945 2637 accidentia.

170 2664 272 2720 autem
287 2664 346 2725 ιει.
364 2658 446 2719 unde
462 2659 611 2721 excitetur
635 2659 686 2721 illa
708 2661 798 2734 tides,
825 2669 926 2725 ulrum
951 2680 1036 2725 sum·
1082 2666 1112 2727 Si
1129 2679 1202 2741 ergo
1215 2678 1265 2725 res
1281 2668 1413 2731 terrena,
1429 2664 1462 2721 ul
1476 2673 1546 2719 rere
1562 2656 1621 2717 diei
1638 2656 1736 2735 possit
1759 2673 1820 2730 res,
1848 2658 1946 2720 dehet

169 2739 277 2817 ptioue
291 2740 514 2810 Eucharistiae,
530 2750 582 2803 aut
593 2742 805 2820 Baptisml.aot
819 2746 886 2807 solo
900 2746 955 2807 liei
970 2763 1036 2809 ver·
1081 2762 1151 2810 esse
1166 2744 1348 2820 substautia3
1364 2759 1414 2805 res
1427 2740 1582 2813 eoelestis,
1600 2746 1632 2801 ut
1646 2756 1697 2801 res
1713 2740 1854 2803 veredici
1872 2758 1946 2817 pos·

168 2822 278 2893 ho‚aut
291 2824 395 2901 aliquo
409 2822 570 2900 miraeuio;
586 2824 642 2885 ista
659 2829 740 2887 enim
757 2828 858 2887 omnia
875 2829 950 2889 nihii
963 2834 1036 2890 suut
1085 2831 1136 2905 sit,
1160 2843 1263 2890 nonne
1279 2826 1371 2889 dehet
1386 2840 1457 2889 esse
1472 2823 1562 2885 etiam
1589 2821 1775 2885 substantia?
1789 2823 1948 2896 quomodo

168 2905 250 2982 apud
282 2906 501 2976 adversarios,
534 2906 597 2969 nisi
623 2906 827 2973 iustrumenta
854 2910 1034 2975 excitandae
1081 2912 1413 2991 igitnraxpouunrper
1429 2922 1493 2968 rem
1522 2905 1709 2979 coelestem,
1739 2908 1946 2967 consecratio-

169 2987 255 3052 lidei.
1083 3010 1165 3063 nem,
1182 3008 1260 3072 quae
1281 2993 1358 3055 inre
1374 2989 1448 3051 nihil
1464 2988 1528 3049 esti
1544 2988 1699 3048 Praeterea
1722 3003 1812 3049 nenio
1838 2988 1878 3049 ita
1902 2988 1948 3049 lo·

210 3069 252 3130 td
268 3068 440 3131 seeundum
456 3070 624 3144 respondet
636 3070 758 3151 ilartpr.
776 3072 831 3135 lib.
843 3081 948 3138 contra
964 3075 1036 3139 liar·
1073 3079 1183 3156 ‚quitur
1197 3076 1236 3139 de
1252 3074 1321 3140 eliis
1335 3070 1547 3142 sacramentis,
1564 3075 1597 3132 ιιι
1611 3070 1691 3133 dieat
1702 3087 1811 3150 aquam
1827 3070 1945 3149 Baptis-

169 3152 325 3223 dinernm‚
341 3153 464 3222 ohicmo
480 3153 550 3214 152.
567 3160 599 3216 ιι
614 3154 686 3216 lca.
710 3155 934 3221 Eucharistiam
949 3175 1037 3223 roeo·
1083 3162 1122 3221 mi
1138 3167 1279 3226 constare
1291 3157 1410 3220 dnahus
1425 3154 1530 3220 rohas.
1544 3169 1601 3215 uua
1617 3159 1749 3218 terrena.
1765 3155 1858 3216 altem
1874 3171 1948 3216 coe·

169 3236 196 3308 ιι
212 3249 321 3313 panem
337 3252 398 3296 non
414 3251 621 3307 communem.
648 3237 720 3314 nnis
741 3247 789 3301 est
809 3248 1034 3306 sacramentum
1085 3243 1167 3319 lesti3
1187 3249 1332 3304 ettamen
1349 3256 1426 3313 anua
1443 3237 1598 3315 Baptismi.
1628 3236 1800 3314 symbulum
1830 3243 1878 3298 est
1899 3254 1949 3297 sa·
2037 3235 2038 3256 ¹

171 3318 339 3393 quoddam,
356 3316 487 3397 preinde
513 3334 624 3395 panem
649 3336 771 3383 sacrum
797 3325 1038 3402 conculcarem
1084 3325 1246 3397 crementi,
1264 3329 1296 3386 ut
1311 3323 1400 3400 panis
1415 3318 1636 3383 Eucharistiae.
1666 3317 1806 3394 heninae
1835 3335 1948 3381 couse-

171 3401 231 3460 diei
248 3400 375 3462 dehere.
392 3399 666 3472 concursantem,
684 3403 773 3467 eitre
788 3412 907 3468 terrena
924 3415 1037 3470 cteoe·
1082 3409 1178 3472 cretio
1195 3424 1255 3470 uon
1271 3407 1365 3468 hahet
1376 3420 1443 3482 eam
1465 3402 1537 3472 rim,
1554 3417 1645 3476 qoam
1671 3401 1776 3462 tribuit
1797 3401 1949 3464 irenaeus

170 3485 257 3552 testi.
272 3481 365 3555 idest,
382 3482 535 3562 symbolo,
551 3490 583 3546 et
596 3500 631 3546 re
644 3485 827 3565 significem
843 3488 916 3552 licet
929 3507 980 3552 res
996 3492 1037 3553 si·
1084 3493 1128 3554 ιιι
1150 3492 1278 3554 ιοιιιειι
1295 3491 1325 3550 ιιι
1341 3483 1543 3550 Eucharistia:
1561 3483 1629 3558 ipse
1651 3485 1733 3550 enim
1748 3484 1811 3544 ruli
1826 3485 1947 3546 lloeha·

172 3565 315 3640 guiheata
331 3573 442 3643 procul
456 3565 548 3639 absit,
565 3569 629 3628 sive
646 3572 1036 3647 peneetsanetilicetionc.
1083 3574 1210 3645 rislum,
1227 3573 1346 3649 noia-re
1361 3569 1486 3632 coelesti
1503 3571 1643 3639 constat,
1675 3565 1776 3627 ledere
1800 3579 1944 3640 corpora·

173 3648 229 3710 Est
244 3646 326 3710 enim
340 3646 428 3727 panis
444 3664 494 3710 res
511 3655 631 3710 terrena
649 3697 656 3711 .
686 3653 886 3717 sanctificatio
908 3663 1010 3720 autem
1028 3701 1036 3730 ,
1084 3664 1185 3719 nostra
1202 3653 1379 3718 immortalia
1395 3668 1432 3713 ex
1449 3648 1638 3712 mortalibus.
1651 3648 1686 3709 tt
1701 3663 1760 3709 uon
1776 3648 1867 3710 hahet
1879 3651 1948 3712 sola

173 3749 232 3806 niro
259 3731 348 3808 panis
373 3739 599 3794 sacramentum
629 3733 786 3810 efficitur,
816 3753 868 3800 res
896 3746 943 3802 est
968 3756 1039 3802 coe·
1084 3739 1275 3802 consecratio
1301 3739 1388 3798 istam
1418 3733 1570 3802 uirtutem,
1595 3731 1948 3808 ctpmesertimsccun-

173 3814 274 3897 lestis·
998 3866 1002 3872 .
1084 3819 1371 3886 dumadvcrsarios,
1389 3817 1441 3896 qai
1467 3815 1582 3876 nullam
1597 3815 1655 3874 rim
1681 3812 1819 3875 tribuunt
1843 3829 1948 3876 sacra·

216 3894 349 3971 Utraque
363 3894 495 3958 absurda
511 3900 559 3958 est
573 3897 750 3975 explicatio:
772 3917 809 3963 ne
824 3903 956 3979 primam
971 3919 1037 3966 rem
1083 3906 1208 3973 mentis,
1226 3901 1285 3963 nisi
1301 3901 1337 3962 ad
1353 3899 1447 3962 fldem
1459 3895 1655 3960 excitandam
1667 3899 1943 3973 repraesentando.

174 3986 329 4040 terrenam
345 3993 417 4040 ιεει
433 3977 581 4047 simbola.
599 3996 663 4040 rem
679 3983 845 4046 coelestem
871 4002 944 4048 esse
973 4002 1039 4048 rem
1087 3989 1162 4050 vera
1176 3986 1268 4064 igitur
1283 3981 1433 4060 expositio
1448 3987 1507 4053 est,
1524 3995 1588 4041 rem
1609 3985 1759 4040 terrenam
1784 3994 1860 4042 esse
1889 3979 1918 4039 id
1937 4025 1944 4046 .

175 4059 391 4138 significatam,
409 4061 464 4121 sed
477 4063 650 4136 rosentem,
678 4066 763 4127 nullo
780 4069 870 4132 nando
893 4067 959 4131 heri
987 4085 1040 4146 po·
1084 4067 1166 4148 quod
1183 4084 1276 4130 seusu
1294 4065 1462 4144 percipitur
1490 4063 1521 4124 in
1552 4060 1739 4123 Eucharistia
1755 4059 1843 4138 (illud
1860 4063 1946 4122 euim

175 4150 247 4207 test.
263 4143 335 4225 llam
350 4142 426 4203 nihil
442 4149 585 4206 constare
599 4145 712 4208 dicitnr
723 4164 760 4210 ex
774 4153 908 4226 comoed
924 4151 1040 4227 inipso
1085 4155 1142 4216 etsi
1159 4165 1262 4213 revera
1278 4147 1446 4211 substantia
1461 4161 1522 4207 nou
1536 4145 1587 4212 sit,
1615 4149 1714 4204 tamen
1741 4159 1810 4204 vera
1827 4159 1889 4217 res,
1915 4152 1947 4206 et

176 4241 238 4295 non
262 4232 323 4286 est:
350 4224 571 4288 Eucharistiam
600 4233 703 4301 aulem
730 4239 871 4294 constare
892 4233 966 4296 dicit
979 4234 1042 4296 lre·
1084 4251 1156 4297 rere
1171 4242 1289 4296 terrena
1306 4239 1364 4303 est,
1380 4228 1493 4307 alioqui
1509 4226 1657 4288 sensibus
1667 4225 1879 4303 corporalibus
1894 4243 1950 4302 ap·

177 4323 275 4370 tracus
287 4323 326 4370 ex
342 4307 462 4369 duabus
477 4307 583 4377 rebus,
598 4314 716 4372 terrena
734 4330 806 4386 una,
818 4317 913 4378 altera
935 4316 1039 4379 eoele-
1085 4315 1235 4398 prehendi
1254 4331 1315 4378 nou
1332 4314 1451 4394 posset)
1466 4326 1529 4372 rem
1546 4309 1712 4370 coelestem
1728 4323 1799 4370 esse
1812 4309 1948 4386 immund

178 4391 229 4484 ιιι
253 4391 317 4452 mlt
330 4405 405 4468 ergo
422 4398 582 4468 utramque
597 4407 663 4454 rem
674 4411 746 4458 esse
760 4397 791 4458 in
812 4396 879 4477 ipsa
894 4398 1041 4462 Euchari·
1085 4399 1231 4467 creditur.
1249 4397 1392 4476 nimirum
1407 4393 1516 4456 Christi
1529 4406 1641 4470 eorpus
1653 4389 1819 4470 gloriosum
1844 4398 1876 4454 et
1891 4393 1952 4452 im-

174 4480 245 4534 illa·
1086 4483 1224 4546 mortale.

221 4552 659 4634 Respondetllartpr‚omuino
670 4567 810 4643 constane
823 4579 917 4639 posse
927 4564 1041 4646 aliquid
1128 4562 1314 4627 hdl'ertium
1329 4545 1466 4623 nostrum
1482 4563 1693 4634 argumentum
1703 4555 1878 4634 respondet
1893 4555 1952 4616 Pe·

180 4653 216 4698 ιι
232 4652 282 4709 ιο,
299 4634 429 4715 quodie
445 4637 513 4715 ipso
529 4654 589 4698 non
613 4646 671 4701 est:
686 4642 767 4704 Nom
785 4661 890 4710 seman
904 4657 1014 4712 ametor
1030 4695 1038 4716 .
1087 4655 1150 4710 tras
1176 4652 1300 4720 martyr,
1316 4644 1371 4705 lib.
1384 4649 1488 4704 contra
1503 4638 1716 4708 (iauliuerum,
1729 4639 1853 4716 objecto
1871 4637 1945 4700 ιιι.

177 4719 416 4798 ἱιιιιιιῑῑ·θθιῑιΐαῑ
430 4733 473 4782 ³oe
485 4734 573 4791 ιιοιι,
586 4727 615 4782 cl
627 4737 664 4784 re
678 4726 878 4804 sicmiiectm
894 4737 1043 4794 ettamen
1087 4747 1124 4793 ex
1140 4729 1242 4792 verbis
1254 4726 1372 4790 irenaei
1388 4722 1490 4800 colligi
1503 4722 1684 4784 contrarium
1697 4719 1778 4797 cias,
1792 4721 1873 4799 qaod
1886 4735 1950 4782 nas

177 4801 433 4880 ressipuiiiecto
455 4817 553 4881 coepe
578 4803 762 4884 ιοιιριιιιιιιι
791 4810 881 4874 obest
908 4829 1041 4876 ιιοιι.
1087 4814 1240 4875 volumus.
1257 4807 1409 4872 llleenim
1426 4805 1510 4876 dicit,
1537 4805 1582 4865 sie
1611 4803 1719 4865 matari
1750 4819 1860 4883 panem
1891 4819 1949 4880 per

177 4883 487 4946 PraetereoPantns
503 4886 594 4954 dicit
619 4898 828 4954 socrntnento
854 4898 968 4958 velens
992 4896 1042 4959 Tc·
1090 4893 1365 4962 consecrationem,
1395 4895 1426 4950 et
1454 4903 1491 4949 ex
1508 4886 1661 4949 communi
1687 4885 1753 4948 lieri
1782 4901 1902 4946 sacrum
1917 4890 1952 4946 et

179 4967 334 5035 slcmccti
368 4967 546 5029 constitisse
582 4987 626 5032 em
659 4972 811 5052 symhoh's
845 4982 876 5037 ιι
909 4993 1045 5057 corpore
1086 4972 1486 5052 coelestemoaomodoper
1499 4971 1594 5045 ipsam
1608 4969 1828 5031 cucharistiam
1841 4983 1951 5044 corpo·

181 5047 556 5112 Claristiamoudtteohnht
569 5051 657 5116 eoem
670 5057 809 5120 eandem
819 5060 1042 5125 eseamrnobis·
1088 5077 1120 5122 re
1136 5067 1238 5122 nostro
1253 5057 1330 5118 liunt
1344 5052 1522 5116 immortalia
1536 5067 1572 5113 ex
1587 5053 1779 5114 mortalibus.
1795 5051 1829 5111 tt
1843 5058 1949 5111 nostra

183 5145 271 5197 cmm,
300 5130 329 5191 l.
346 5128 485 5192 Corinth.
504 5132 553 5192 ill.
569 5133 609 5197 dt
621 5151 741 5215 eorpus
760 5138 875 5204 Christi
889 5150 956 5206 tarn
967 5160 1041 5221 prar·
1088 5158 1215 5220 corpora
1232 5157 1293 5202 nou
1308 5143 1463 5200 mutantur
1474 5135 1786 5204 substantialitersed
1804 5133 1950 5194 acciden-

185 5211 239 5271 eel
250 5211 373 5283 ederet.
385 5217 423 5274 ιιι
436 5230 478 5275 ιιι
489 5221 608 5280 notem
620 5221 753 5298 quidem
767 5229 858 5286 esset.
1087 5226 1329 5294 talitertautum;
1345 5235 1419 5297 ergo
1433 5224 1464 5280 et
1476 5217 1564 5296 panis
1578 5219 1632 5278 illc
1647 5233 1708 5279 ιιοιι
1731 5221 1865 5278 mutatur
1882 5215 1946 5276 uisi

221 5293 278 5355 llic
293 5309 364 5354 rere
379 5297 481 5372 prodit
493 5313 581 5361 snam
596 5302 776 5378 imperitiam
793 5305 899 5370 Petrus
914 5314 1038 5386 martyr.
1084 5305 1325 5382 accidentaliter;
1337 5303 1407 5381 quia
1429 5301 1570 5362 nimirum
1585 5299 1620 5361 ιιι
1636 5304 1859 5361 sacramentum
1873 5299 1947 5362 reli·

180 5375 257 5450 Quis
271 5375 354 5436 cuim
370 5392 506 5452 uuquam
521 5380 607 5456 dixit,
630 5399 805 5450 sermonem
835 5396 976 5454 constare
1000 5407 1039 5453 ex
1086 5388 1198 5470 glanis,
1212 5399 1282 5450 eum
1297 5392 1385 5448 antea
1397 5383 1487 5444 oihus
1500 5387 1584 5444 esset
1598 5389 1713 5443 tautum
1736 5381 1882 5457 caligaris.

180 5472 256 5550 nnec
284 5464 315 5522 et
328 5473 363 5518 re
379 5457 569 5552 signilleatai
584 5481 687 5528 nonne
701 5469 827 5533 relative
843 5479 1041 5549 opponantur
1127 5471 1310 5548 liespoudeo
1324 5466 1499 5546 dupliciter.
1515 5464 1628 5528 Primo.
1658 5479 1737 5543 quoe
1766 5465 1948 5526 adlemulur

135 5564 137 5568 ·
182 5555 305 5634 signnm
335 5545 366 5601 ιι
380 5555 431 5602 res
445 5542 632 5636 significata?
645 5551 799 5626 quomodo
819 5553 912 5630 igiter
941 5560 1042 5632 petest
1087 5553 1252 5626 ιιιιιιιιιιιι,
1270 5553 1385 5614 dehere
1400 5563 1472 5610 esse
1486 5545 1595 5610 similia
1611 5547 1643 5608 iu
1665 5563 1710 5612 re.
1740 5547 1780 5609 do
1806 5565 1866 5626 qua
1882 5547 1950 5610 dis·

180 5620 298 5701 ahqord
316 5630 1040 5715 esopposrhsconstareileiellitcnmtortasse,
1087 5642 1220 5718 putator,
1237 5639 1415 5698 nouantem
1441 5629 1471 5691 in
1500 5629 1656 5693 omnihus.
1685 5629 1814 5693 llclehat
1841 5637 1945 5693 autem
