4084 6275
928 302 1033 361 tttuhit
1782 308 1834 365 053

84 436 121 497 33
137 450 251 497 manus
261 432 460 514 impositione
474 432 661 497 ordinatoria
688 432 779 497 datur
806 432 903 514 pratia
929 440 961 499 et
1003 430 1718 510 Pantsnomeninscripturacommuneestad
1734 450 1873 516 azymum

28 529 31 569 t
129 516 267 595 Spiritus
281 523 410 581 sanctus
422 516 460 579 ad
487 521 671 596 potestatem
695 514 890 579 ministrandi
910 532 958 579 sa·
1045 520 1077 579 et
1090 515 1304 579 iermenlaturn
1315 513 1389 577 335.

131 603 293 661 eramenta
307 597 380 660 222.
1002 597 1143 679 liquato
1157 612 1238 676 3333
1254 610 1359 677 azymo
1385 594 1540 660 Christum
1568 596 1743 663 instituisse
1771 616 1874 664 sacra·

86 682 178 743 Duae
192 680 406 756 caeremoniae
421 676 605 758 praecipuae
619 677 819 741 conteruntur
832 678 871 741 ab
893 677 959 758 epi·
1045 684 1183 743 mentum
1196 678 1407 742 Eucharistiae
1421 678 1569 757 probatur
1592 678 1665 742 303.
1682 685 1713 743 et
1738 696 1806 763 seq.
1825 682 1874 747 Vi·

129 778 232 839 scopo
259 762 292 828 in
308 761 524 829 'ordinatione
552 759 707 840 porrectio
732 761 863 839 patenae
886 777 958 823 cum
1044 760 1153 825 3325.
1393 806 1396 809 -
1730 820 1732 825 .

127 842 246 917 hostia,
262 850 293 905 et
307 842 461 922 porrectio
476 840 581 905 calicis
596 859 666 903 cum
681 841 744 904 iilis
757 841 873 919 uerbis3
903 843 959 903 Ac·
1002 843 1095 907 Panis
1110 858 1223 906 nomen
1240 839 1331 905 uariis
1344 841 1444 905 modis
1459 840 1610 921 accipitur
1625 842 1706 921 opud
1731 843 1821 910 ioan.
1837 847 1869 910 0.

129 927 205 1003 cipe
215 929 405 1004 potestatem
418 922 578 1002 offerendi
596 922 795 1001 3335033333
821 930 882 986 etc.
914 925 956 985 al·
1044 925 1117 991 200.
1134 925 1205 987 303.

28 1025 32 1069 t
127 1013 192 1067 1333
205 1014 253 1069 333
266 1013 337 1085 post
351 1008 488 1077 missam,
504 1005 649 1086 nimirum
664 1020 774 1067 manus
788 1003 957 1083 impositio,
1001 1006 1093 1069 Panis
1108 1003 1324 1069 cementariis
1339 1004 1440 1066 modis
1455 974 1743 1083 accipituraiauto
1759 1010 1790 1071 in
1814 1024 1866 1071 eo·

29 1111 33 1126 ·
126 1105 200 1149 curn
216 1088 279 1151 illis
293 1087 410 1164 uerbia3
424 1085 542 1167 Accipe
555 1087 876 1168 spirituuscoctum
896 1092 958 1151 etc.
1043 1089 1114 1151 dem
1130 1089 1230 1167 cupite
1244 1085 1316 1149 230.
1333 1086 1405 1149 330.

28 1273 32 1317 i

128 1169 204 1229 333.
845 1216 852 1230 .
1001 1165 1596 1247 Panisnominemysticeintaliiguntur
1610 1182 1771 1231 sermones
1787 1170 1872 1234 cbri-
1945 1138 1948 1145 ¹

84 1247 222 1329 iltraque
236 1250 431 1313 caeremonia
447 1255 494 1312 est
509 1249 702 1323 essentialis,
726 1254 757 1312 et
780 1265 838 1328 per
865 1266 957 1313 unam
1042 1254 1095 1323 stt,
1110 1268 1167 1315 seu
1182 1250 1274 1314 rerba
1289 1248 1351 1312 -llei
1377 1266 1439 1311 non
1455 1248 1609 1323 visibilia,
1635 1252 1691 1314 sad
1721 1252 1868 1317 audibilia

28 1353 31 1396 t
127 1332 288 1395 couiertur
301 1350 363 1395 uua
378 1335 515 1411 potestas
526 1338 558 1394 et
571 1348 628 1411 per
641 1333 767 1395 aiteram
782 1333 890 1406 altera,
915 1333 958 1395 si·
1043 1333 1115 1397 303.

28 1441 31 1483 r
126 1428 166 1475 re
181 1413 321 1476 siotduo
336 1414 544 1487 characteres,
560 1415 736 1483 aireunus,
764 1414 818 1495 qui
848 1416 880 1476 in
907 1430 956 1477 se·
1001 1416 1207 1494 Panis,quem
1220 1410 1589 1492 protuiillielcbisedeeh
1613 1412 1685 1475 252.
1709 1413 1780 1478 320.
1794 1416 1869 1500 323.

127 1494 232 1555 33333
249 1496 445 1558 caeremonia
459 1496 640 1557 extendatur
652 1486 736 1558 ibid.
1043 1496 1114 1559 333.
1548 1528 1551 1533 -

89 1575 232 1654 Apostoli
249 1578 373 1639 luerunt
387 1574 490 1655 primi,
506 1576 559 1654 qui
570 1584 743 1654 coeperunt
756 1592 907 1655 usurpare
922 1577 957 1639 il·
1000 1579 1066 1642 ileo
1081 1579 1213 1646 oblatus,
1230 1576 1344 1639 deinde
1356 1574 1539 1639 distributus
1555 1574 1695 1641 abrahae
1724 1584 1757 1640 et
1775 1580 1870 1643 sociis

29 1685 30 1724 t
131 1658 197 1719 ium
223 1659 318 1720 ritum
346 1658 957 1737 impositionismaouuru,inordinatio·
1040 1659 1113 1722 332.
1126 1658 1199 1722 333.
1215 1657 1291 1722 vida
1307 1659 1399 1721 aliam
1415 1658 1454 1720 de
1469 1671 1550 1736 3333
1575 1656 1677 1723 oblato
1693 1660 1731 1723 ab
1751 1663 1922 1725 darona.

28 1853 31 1894 l

28 2266 31 2307 l

85 1739 422 1885 3023133333Η3ξ33330
438 1820 574 1897 Ordinis,
591 1826 639 1885 est
653 1825 790 1899 potestus
814 1821 956 1901 spiritua·
998 1741 1329 1901 Padisgproposutonts
1344 1819 1418 1883 233.
1434 1819 1506 1881 335.
1523 1782 1570 1883 33
1582 1819 1656 1884 333.
1673 1820 1745 1885 333.
1762 1822 1835 1887 335.

125 1902 166 1964 333
181 1909 346 1981 perpetua.
362 1903 394 1965 in
409 1903 503 1981 onius
513 1903 637 1983 signum
651 1904 835 1983 imprimitur
849 1904 958 1967 chara·
1002 1904 1093 1967 ienis
1108 1921 1170 1983 quo
1188 1904 1348 1966 roboratus
1365 1908 1414 1965 ast
1428 1900 1532 1963 Helias
1545 1902 1618 1965 252.
1684 1936 1687 1941 -

29 2019 30 2038 i
125 1989 206 2057 oter,
224 1986 356 2047 etdetar
367 1985 463 2063 pratia
478 1995 598 2063 gratum
611 1984 729 2049 iaciens
742 1985 825 2049 ibid.
1001 1986 1093 2049 Panis
1108 1987 1305 2058 benedictus,
1321 1982 1373 2063 qui
1389 1982 1516 2047 debatur
1540 1984 1772 2048 catechumenis
1795 1986 1868 2052 332.

85 2064 233 2128 Minister
245 2067 449 2131 ordinationis
465 2072 513 2128 ast
527 2067 697 2145 episcopus
709 2066 793 2131 thid.
914 2116 919 2123 .
1043 2066 1115 2130 205.
1131 2066 1204 2131 200.
1218 2065 1292 2129 303.
1307 2080 1311 2085 ·
1980 2143 1985 2151 .

83 2145 247 2209 Ordinatio
262 2154 391 2221 amulo,
402 2147 451 2211 rel
465 2148 505 2217 ab
519 2149 650 2211 ahsente
661 2147 810 2228 episcopo
824 2147 958 2212 conierri
1002 2149 1095 2245 Panis
1111 2148 1351 2293 multiplic-atina
1366 2144 1497 2213 Domino
1512 2144 1589 2209 lacta
1612 2146 1685 2211 330.
1707 2147 1780 2211 253.
1797 2150 1870 2215 200.

124 2229 394 2305 conpetenter..
1001 2231 1094 2294 Panas
1110 2231 1191 2294 bene
1215 2227 1548 2295 33333333333333.

29 2381 30 2390 ¹
84 2308 256 2375 Ordinatus
270 2311 439 2391 episcopus
453 2310 492 2373 ab
520 2310 642 2390 augelis
666 2328 696 2376 s.
721 2311 958 2391 Amphilochius
1002 2313 1094 2377 Panis
1109 2329 1165 2377 cur
1179 2301 1298 2375 dicatur
1311 2310 1505 2375 Eucharistie
1521 2309 1594 2373 200.
1611 2309 1684 2373 303.
1701 2310 1773 2375 303.
1796 2314 1870 2378 333.

121 2390 164 2451 08
1045 2394 1117 2459 580.

29 2547 31 2556 ³
85 2436 309 2535 Caeremoniae
336 2473 541 2537 ordinationis
569 2478 642 2537 sunt
666 2474 771 2539 unctio
794 2451 826 2539 et
853 2494 959 2543 rasura
1002 2476 1095 2539 Panis
1110 2476 1320 2541 Eucharistiae
1334 2488 1449 2553 corpus
1464 2471 1575 2536 Ohristi
1590 2488 1696 2537 rerum
1712 2481 1743 2538 ct
1768 2458 1874 2558 mpsti·

126 2553 199 2615 333.
1046 2576 1116 2621 cum
1134 2558 1310 2639 significare
1326 2557 1420 2621 debat
1433 2555 1506 2619 200.
1522 2553 1596 2617 230.

28 2679 30 2718 ,
85 2633 225 2713 Originis
240 2634 392 2704 haeresis,
406 2635 489 2711 quod
505 2637 607 2697 omnia
622 2641 749 2714 peccata
773 2637 959 2704 christiano·
1003 2641 1095 2705 Panis
1111 2646 1323 2713 consecratus,
1340 2654 1377 2701 ax
1392 2638 1498 2701 multis
1522 2636 1627 2714 prunis
1649 2636 1739 2703 tritici
1761 2639 1872 2715 iactos,

29 2763 30 2796 ,
123 2733 194 2777 rum
215 2716 280 2779 sint
294 2723 420 2795 peccata
435 2717 467 2778 in
483 2716 631 2797 Spiritum
642 2725 798 2793 sanctum,
811 2721 960 2785 reiutalur
1045 2722 1199 2802 significet
1213 2724 1359 2786 unionem
1375 2719 1512 2783 fidetium
1528 2717 1601 2779 320.

29 2799 30 2864 ζ
121 2797 195 2859 003.
1004 2803 1041 2865 Et
1051 2809 1204 2881 quatenus
1219 2808 1390 2867 constater
1405 2800 1499 2863 iarina
1516 2804 1546 2864 et
1560 2814 1650 2878 aque,
1668 2771 1823 2879 significat
1838 2820 1872 2865 u·

86 2880 159 2942 item
176 2885 303 2957 peccata
316 2894 380 2941 nun
396 2878 460 2942 tetii
476 2896 532 2957 per
545 2880 747 2959 baptismum,
770 2882 826 2944 sed
842 2886 959 2945 tentum
1047 2886 1171 2947 nioncrn
1187 2884 1299 2949 Ohristi
1315 2900 1385 2947 cum
1401 2883 1541 2945 Ecclesia
1557 2881 1629 2943 tlt.
1645 2880 1718 2943 335.
1731 2882 1810 2947 Vide
1822 2902 1874 2947 ex-

125 2962 205 3037 regi,
223 2963 290 3024 tolli
306 2968 407 3024 antem
423 2962 549 3025 tandem
561 2978 619 3042 per
630 2970 772 3036 mortem,
785 2964 960 3031 contutatur
1047 2967 1233 3044 positionem
1249 2966 1335 3027 iliius
1349 2965 1423 3027 loci.
1441 2965 1471 3025 3.
1488 2963 1626 3027 Corinth,
1641 2962 1793 3029 inunum
1806 2982 1872 3029 cor·

127 3040 198 3104 333.
1047 3055 1106 3125 333
1121 3049 1206 3111 multi
1223 3062 1437 3125 sumus,supra
1452 3045 1484 3106 iu
1501 3044 1604 3107 iudice
1616 3045 1754 3109 locurum
1767 3064 1874 3113 sacrae

86 3124 227 3204 Origines
242 3124 394 3204 quaedam
408 3125 477 3188 looa
497 3142 578 3205 quae
602 3129 707 3189 centra
732 3133 960 3193 sacramentam
1048 3130 1236 3210 Scripturas.

126 3208 340 3269 Eucharistiae
355 3207 499 3270 adierunt
512 3208 663 3271 baeretici
678 3207 752 3271 303.
1006 3212 1097 3275 Panis
1112 3212 1262 3286 33303333,
1278 3217 1326 3272 est
1350 3208 1474 3271 materia
1501 3224 1537 3270 ex
1563 3225 1621 3287 qua
1640 3214 1874 3274 ‘sacramentum

90 3290 237 3355 Osculum
254 3289 341 3367 pacis
355 3288 616 3368 deturbapticatis
632 3289 703 3352 300.
717 3290 789 3352 303.
1023 3364 1025 3368 .
1048 3293 1259 3356 Eucharistiae
1274 3287 1606 3354 coniurassentue.
1629 3290 1702 3354 532.
1725 3299 1756 3354 33
1778 3311 1883 3372 quaro,

91 3371 236 3434 Osculum
253 3371 370 3442 altaris,
387 3372 528 3433 osculum
544 3372 696 3451 euangelii
725 3378 757 3435 et
771 3371 914 3448 ministri,
930 3377 961 3437 ei
1047 3374 1119 3438 303.
1133 3373 1205 3437 308.
1219 3371 1292 3436 500.
1460 3451 1463 3456 ¹

132 3469 187 3528 per
202 3469 274 3523 aum
287 3451 423 3514 universi
439 3453 515 3514 cleri
530 3452 589 3515 553
595 3499 604 3514 .
1005 3457 1096 3520 Panis
1112 3457 1217 3519 elarini
1233 3453 1349 3516 oblatio
1364 3458 1435 3514 ante
1451 3451 1715 3514 consecrationem
1732 3452 1762 3516 in
1778 3456 1874 3519 missa

92 3532 806 3611 Otheimperalorereatusablnnncentioiii.
827 3535 960 3600 etdcin·
1047 3536 1119 3600 320.
1135 3537 1208 3601 523.
1221 3536 1293 3598 523.
1707 3585 1709 3590 .

129 3617 168 3676 33
184 3616 349 3695 depositus
364 3615 403 3677 ab
418 3615 529 3679 eodem
547 3616 619 3678 320.
1005 3619 1098 3682 Panis
1113 3627 1143 3682 et
1158 3622 1262 3682 riuum
1278 3614 1449 3680 offeruntur
1463 3615 1494 3676 in
1517 3611 1669 3678 sacriiicio
1691 3616 1818 3688 missae,
1843 3625 1876 3681 ut

93 3696 219 3759 Othonis
235 3698 359 3776 signum
372 3697 566 3760 contritionis
581 3697 611 3760 in
622 3704 720 3761 morte
733 3698 815 3760 ibid.
1047 3703 1109 3765 sint
1123 3701 1249 3764 materia
1263 3697 1407 3762 sacrificii
1423 3695 1634 3775 propitiatorii,
1651 3703 1753 3777 cipro
1768 3699 1828 3762 hoc
1844 3716 1876 3764 o·

96 3777 213 3848 Otium,
229 3794 391 3842 serrorum
417 3785 448 3841 et
461 3779 591 3844 militum
604 3788 652 3843 est
671 3781 789 3859 signari
805 3781 961 3846 characte-
1048 3791 1095 3846 rat
1110 3784 1257 3846 sacerdos
1272 3780 1345 3843 503.
1361 3779 1433 3842 503.
1450 3777 1522 3840 530.
1840 3813 1841 3816 =

134 3876 166 3922 re
179 3860 251 3922 322.
1004 3864 1118 3928 Panem
1134 3863 1201 3928 iicri
1218 3879 1332 3942 corpus
1344 3861 1456 3925 Ohristi
1473 3876 1533 3942 nun
1547 3863 1655 3940 petunt
1667 3860 1774 3932 Graeci
1786 3862 1876 3926 abso-

1035 3947 1111 4010 ‘lule
1125 3949 1156 4009 in
1173 3947 1239 4009 suis
1253 3943 1403 4024 precibus
1422 3949 1492 4020 post
1517 3942 1796 4022 consecrationem
1819 3945 1876 4008 sed

1047 4035 1163 4091 tantum
1179 4033 1211 4089 ut
1226 4026 1277 4089 ilat
1290 4025 1380 4088 nobis
1409 4025 1500 4096 idest,
1516 4021 1632 4086 utiliter
1646 4024 1719 4088 320.

504 4084 526 4145 P
1005 4111 1098 4180 Panis
1113 4116 1142 4170 et
1156 4109 1216 4172 vini
1233 4070 1402 4172 substantia
1419 4112 1478 4168 tota
1500 4106 1686 4200 conuertitur
1707 4107 1739 4168 in
1761 4123 1875 4186 corpus

443 4213 447 4222 ·
1048 4198 1079 4254 et
1093 4192 1275 4270 sanguinem
1288 4188 1421 4259 bomini,
1438 4188 1477 4249 ita
1493 4187 1615 4249 utnrbrl
1628 4188 1816 4252 substantiae
1828 4205 1876 4251 re·

98 4278 242 4342 laciiicae
255 4278 375 4342 bustiae
387 4287 477 4342 erant
490 4278 628 4358 duplicis
640 4276 760 4355 speciei
777 4275 849 4338 333.
866 4275 938 4338 330.
1049 4279 1181 4343 maneat,
1198 4273 1253 4334 sad
1270 4266 1334 4334 suia
1350 4269 1520 4333 accidentia
1536 4268 1814 4364 36931ieiutantur
1829 4285 1876 4334 er·

95 4359 213 4422 Pactum
225 4361 340 4424 iactum
363 4379 433 4424 curn
458 4361 611 4425 abraham
638 4359 677 4423 de
702 4359 962 4421 circumcidendis
1047 4371 1134 4418 rores
1149 4354 1221 4418 300.
1235 4357 1344 4432 etseq.
1361 4351 1433 4414 itero
1449 4351 1521 4414 333.
1539 4351 1709 4429 explicatur
1724 4353 1875 4432 etprnba·

135 4445 282 4506 masculis
296 4444 366 4505 335.
1048 4436 1219 4500 lurreriias
1233 4435 1306 4498 330.
1323 4433 1395 4496 333.
1412 4432 1484 4498 333.
1501 4432 1573 4495 533.
1709 4485 1710 4488 ,
1760 4463 1762 4466 -

96 4521 214 4585 Pactum
242 4525 295 4588 ilci
311 4542 380 4586 cunr
396 4523 546 4586 Hebraeis
561 4522 774 4586 confirmatum
799 4520 963 4600 sauguinis
1007 4516 1117 4582 Contra
1134 4517 1288 4582 haeresim
1304 4516 1488 4591 decorpore
1501 4529 1638 4592 panacen
1654 4513 1813 4580 3303333.

29 4598 30 4609 ’
136 4608 315 4685 aspersione
329 4607 402 4674 230.
419 4607 491 4669 233.
504 4604 576 4667 305.
1008 4599 1119 4663 Contra
1131 4593 1374 4681 impanatiouem
1385 4595 1457 4658 530.
1470 4594 1543 4658 333.

98 4684 217 4749 Paolum
231 4689 289 4750 ilai
304 4690 335 4750 in
351 4687 566 4752 sacramentis.
581 4686 659 4750 Vide
672 4702 700 4747 r.
723 4683 892 4748 Promissio
906 4682 959 4746 33.
1005 4681 1097 4744 Ρ3333
1112 4683 1237 4745 immam
1254 4678 1485 4743 substantialem
1501 4678 1533 4738 in
1548 4685 1741 4741 sacramento
1757 4679 1876 4742 Eucha-

29 4813 33 4829 .
137 4766 422 4849 iuuentutem.
748 4825 756 4833 .
1048 4757 1740 4837 33333333333333333333303333333.333.

29 4844 33 4921 ζ
100 4848 217 4912 Pactum
233 4853 287 4914 lici
303 4853 334 4914 in
347 4853 504 4928 Baptismo
519 4849 590 4911 320.
606 4848 678 4909 323.
799 4888 805 4898 -
1005 4840 1585 4924 Pauisiormaproiiguraexteruaab
1610 4842 1766 4922 aliquibus
1788 4857 1878 4905 ecoe·

29 4977 34 5020 ,
101 4930 217 4994 lactum
234 4935 507 4997 etiestcmentum
532 4929 645 4995 Ohristi
675 4929 705 4990 io
734 4928 840 4990 ultima
863 4943 960 4992 coena
1049 4932 1098 5007 pta
1115 4927 1250 4990 333333.
1824 4937 1825 4944 ’

69 5017 74 5025 ’
140 5013 208 5076 203.
225 5015 302 5078 3333
317 5033 345 5077 r.
362 5015 607 5078 Testamentum.
801 5046 805 5057 =
1007 5007 1119 5070 Panem
1137 5005 1393 5072 assumiarerbo
1414 4981 1608 5085 hypostatice
1634 5021 1719 5069 error
1739 5012 1787 5067 est
1802 5005 1874 5068 330.

30 5115 33 5120 ·
103 5094 320 5160 larissenum
335 5091 482 5177 3333333)
497 5091 712 5169 elenando,aut
725 5091 764 5154 ab
779 5092 960 5154 accidentali
1051 5086 1644 5168 3333333333333333333253.203.
1709 5105 1713 5108 ·

141 5179 314 5241 conditione
328 5182 449 5258 sumpta
467 5181 527 5247 est,
543 5179 596 5236 aut
609 5190 671 5236 non
701 5175 813 5236 dicitur
840 5169 937 5253 ἄρτος
953 5221 961 5247 ,
1009 5172 1120 5237 Scotus
1135 5169 1263 5234 affirmat
1277 5169 1416 5249 potuisse
1431 5166 1530 5231 Deum
1545 5167 1668 5232 efficere
1683 5173 1717 5230 ut
1731 5183 1801 5231 rere
1823 5169 1877 5230 ad·

143 5257 209 5333 quia
224 5260 361 5322 elevetur
375 5276 430 5339 per
442 5257 640 5330 iermentum;
671 5255 727 5317 sed
756 5254 871 5334 patius,
894 5258 964 5333 quia
1051 5260 1136 5317 esset
1151 5269 1264 5333 corpus
1276 5251 1389 5314 Ohristi
1405 5265 1474 5313 cum
1491 5249 1658 5328 3333333.
1756 5313 1762 5324 ,

29 5378 33 5405 t
142 5339 240 5402 elevet
254 5349 392 5403 naturam
406 5342 569 5402 humanam
585 5337 750 5401 uoluendo
778 5342 811 5398 et
823 5339 965 5414 augendo
1010 5335 1101 5398 Panis
1116 5335 1285 5398 substantia
1301 5349 1361 5396 non
1379 5333 1511 5412 partinet
1526 5332 1589 5392 uilo
1615 5331 1706 5394 modo
1733 5331 1769 5392 ad
1786 5331 1876 5393 ratio·

28 5408 34 5498 ζ
142 5435 264 5498 corpora
275 5429 378 5486 nostra
394 5422 467 5486 335.
1049 5433 1122 5479 nem
1136 5415 1319 5481 sacrementi
1335 5414 1547 5477 Encirurisliae
1561 5412 1632 5476 305.
1649 5411 1721 5476 300.
1736 5412 1809 5475 300.

29 5500 33 5591 J
102 5497 190 5562 lauis
203 5520 315 5567 nomen
331 5506 413 5584 apud
426 5501 585 5564 Hebraeos
596 5502 772 5582 frequenter
783 5499 963 5582 intelligitur
1008 5497 1084 5563 Cum
1101 5514 1181 5579 pane
1196 5514 1267 5562 rero
1281 5513 1352 5560 esse
1364 5495 1564 5575 conjunctum
1577 5511 1690 5575 corpus
1703 5495 1813 5557 Ohristi
1826 5511 1877 5556 ve·

145 5585 241 5648 omnis
257 5587 346 5652 cibus
361 5585 434 5649 203.
448 5583 521 5648 200.
538 5582 609 5647 330.
1050 5583 1129 5659 rum,
1145 5579 1203 5644 iuit
1216 5579 1355 5643 haeresis
1377 5577 1514 5640 Lutberi.
1537 5574 1625 5641 Vide
1638 5579 1791 5659 quaedem
1810 5577 1875 5638 loca
