4084 6275
287 412 341 467 605
967 407 1008 462 tlt:
1030 404 1250 462 eotntrhttttt

216 540 408 612 sacramenti,
434 535 606 601 substantia
630 539 779 615 quaedam
803 538 844 602 sit
870 538 1067 620 corporalis,
1113 544 1143 599 ct
1158 538 1248 601 rurba
1263 536 1333 600 laea
1346 534 1503 609 elementi,
1520 550 1575 596 sen
1592 534 1635 595 rel
1662 542 1756 595 eires
1779 536 1847 595 locu
1864 536 1968 598 rerha·

215 628 323 704 quales
338 621 524 687 substantias
539 635 611 681 esse
625 620 776 696 ridemus,
805 640 915 702 aquam
930 670 938 696 ,
954 638 1068 701 panem
1113 638 1179 683 rum
1195 638 1267 685 essa
1282 638 1386 699 passe,
1402 622 1432 681 iu
1448 618 1504 679 lih.
1522 620 1551 680 t.
1575 620 1619 679 de¹
1639 621 1839 680 sacramentis
1861 622 1892 681 in
1919 638 1970 701 ge-

214 717 246 769 et
258 710 373 783 ninum,
390 720 428 767 ex
441 703 556 783 quihus
569 701 716 781 Baptismi
741 713 772 766 et
795 704 1005 767 Eucharistiae
1020 721 1069 765 sa·
1114 718 1198 777 nere,
1212 702 1505 767 demonstrauimus:

212 797 365 853 eramenta
380 784 694 863 consecutusneque
720 788 779 849 hae
793 788 853 849 dici
869 795 981 867 potest:
997 804 1068 849 narn
1153 786 1291 851 Secunda
1308 787 1443 867 objectio
1456 783 1600 846 llemnitii
1615 782 1644 843 in
1655 798 1692 845 ea
1704 784 1892 857 consistit,at
1905 802 1972 864 pra·

210 873 356 951 Baptismi
368 875 476 933 natura
487 875 578 947 atque
589 867 723 931 essentia
736 872 858 945 proprie
873 888 933 933 aaa
948 874 978 932 in
994 870 1066 931 suh·
1110 870 1173 939 het,
1193 877 1416 932 sacramentum
1433 867 1643 929 Paenitentiae
1660 884 1720 926 nan
1737 868 1850 929 hahere
1866 868 1971 930 lunda-

210 959 332 1025 stantia‚
349 955 406 1017 sed
427 955 459 1013 in
474 955 594 1012 actione
614 952 767 1014 consistit.
789 952 969 1032 Symbolum
984 955 1067 1015 enim
1112 958 1247 1014 mentum
1263 952 1294 1014 in
1311 954 1403 1015 rerba
1418 951 1486 1019 Dei,
1504 965 1605 1027 neque
1622 950 1652 1033 in
1668 950 1830 1011 Patribus:
1854 953 1884 1011 id
1901 968 1971 1013 reru

210 1046 381 1110 externum,
396 1036 446 1098 cui
468 1049 585 1097 annexa
605 1041 654 1095 est
667 1038 775 1113 gratia,
788 1045 818 1097 et
838 1038 920 1113 quad
943 1036 1065 1114 proprie
1110 1034 1227 1110 prolixe
1250 1036 1455 1111 persequitur,
1473 1032 1679 1109 disputatione
1695 1034 1875 1113 inaniaque
1891 1039 1971 1112 capi-

208 1120 383 1201 Baptismus
397 1117 519 1185 dicitur,
536 1132 598 1177 nan
609 1112 661 1178 'est
674 1134 753 1193 aqua
768 1164 775 1188 ,
792 1119 847 1180 sed
864 1119 979 1182 ablatia
993 1135 1063 1179 cum
1112 1125 1137 1176 ta
1155 1119 1329 1193 distributae
1346 1121 1384 1179 dc
1400 1116 1512 1195 artibus
1528 1116 1673 1177 omnihus
1703 1116 1856 1189 breviter,
1880 1124 1970 1197 atque

208 1204 421 1267 sanctissimae
435 1199 590 1260 Trinitatis
605 1200 807 1262 invocatione:
830 1201 948 1263 ahlutia
962 1208 1064 1261 autem
1108 1202 1216 1261 ordine
1233 1202 1398 1263 dicendum
1408 1201 1484 1262 erit.
1902 1224 1904 1229 v

207 1294 237 1347 et
253 1284 415 1355 invocatio,
432 1280 708 1353 non'suhstantiae
735 1283 791 1345 sed
817 1284 953 1347 actiones
978 1290 1063 1347 sunt.
1149 1282 1248 1346 Prima
1265 1284 1355 1363 igitur
1370 1283 1481 1362 eapite,
1496 1282 1577 1358 quad
1594 1279 1724 1341 hahetur
1740 1280 1888 1357 pameas.
1904 1300 1972 1360 prn-

206 1368 305 1446 Quare
321 1365 471 1428 immerita
483 1363 650 1425 catholicus
664 1363 836 1427 [temnitius
851 1365 1061 1445 reprehendit,
1107 1362 1168 1433 hat,
1185 1373 1410 1427 sacramentnm
1428 1363 1637 1425 Pocrritentiae
1654 1378 1713 1425 nan
1732 1364 1847 1424 hahere
1863 1366 1971 1427 tanda·

162 1521 169 1537 .
205 1468 277 1531 pag.
288 1451 361 1513 936.
374 1450 455 1529 quud
471 1448 659 1507 elementum
673 1449 712 1508 de
727 1451 974 1525 praedicamento
988 1448 1064 1509 suh·
1108 1456 1242 1509 rnentnm
1260 1451 1289 1510 in
1303 1444 1497 1511 Testamenta
1512 1448 1619 1517 reteri,
1637 1446 1729 1523 idque
1744 1464 1779 1509 er
1796 1451 1971 1511 testimonio

204 1530 590 1609 stantiae,trauslarmarint
604 1528 635 1589 in
653 1530 837 1591 elementum
854 1533 892 1592 de
907 1531 1062 1608 praedica·
1105 1532 1228 1592 concilii
1246 1533 1415 1601 tridentini,
1432 1546 1512 1592 sess.
1532 1529 1581 1590 tt.
1599 1546 1667 1605 cap.
1687 1530 1715 1588 t.
1744 1537 1775 1589 et
1796 1532 1869 1593 inde
1886 1534 1971 1593 catti·

203 1624 308 1679 meula
322 1615 464 1678 actionis.
480 1611 540 1673 Nec
555 1617 656 1673 tamen
668 1617 837 1690 generatim
851 1613 992 1675 affirmari
1009 1630 1061 1691 pa·
1108 1614 1162 1690 git,
1180 1631 1234 1691 per
1248 1631 1347 1675 annas
1362 1614 1483 1675 circiter
1498 1612 1701 1688 quatermille
1714 1627 1774 1672 nan
1789 1612 1885 1675 tuisse
1899 1616 1970 1677 Tae·

201 1704 369 1768 test,omne
383 1701 607 1757 sacramentum
623 1697 653 1755 in
669 1695 789 1756 actione
804 1700 1059 1766 consistere,nam
1111 1696 1255 1759 nitentiae
1270 1703 1511 1759 sacramentume
1523 1694 1583 1755 Sed
1600 1694 1676 1755 haec
1692 1696 1792 1754 inania
1816 1704 1901 1759 sunt.
1919 1698 1971 1759 Fa·

202 1779 412 1844 Eucharistiae
427 1782 649 1838 sacramentum
667 1780 789 1855 proprie
802 1779 949 1840 nanactia
965 1785 1061 1839 trans·
1109 1786 1208 1839 ternur
1222 1784 1304 1841 enim
1322 1784 1549 1841 sacramentum
1575 1776 1784 1837 Paenitentiae
1810 1794 1825 1838 a
1851 1779 1971 1842 christu

201 1863 294 1932 iens,
309 1864 365 1924 scd
383 1878 433 1923 res
449 1875 634 1936 permanens
650 1867 710 1920 est:
735 1877 795 1921 nun
812 1862 893 1922 enim
909 1861 1060 1923 actionem
1104 1860 1324 1931 institutum,nt
1341 1865 1431 1923 etiam
1448 1860 1636 1936 Baptismnm
1654 1868 1683 1919 et
1701 1860 1975 1929 Eucharisttarnat

201 1944 417 2014 consecrandi,
433 1942 490 2003 sed
504 1957 616 2020 panem
631 1950 866 2014 consecratum,
890 1952 920 2005 et
947 1942 976 2004 in
993 1961 1059 2005 car·
1085 1943 1346 2017 ¹idcireamirum
1368 1960 1429 2005 nan
1452 1958 1534 2015 esse,
1563 1941 1589 2003 si
1619 1956 1674 2019 per
1700 1943 1793 2003 mulla
1819 1962 1972 2010 annorum

199 2046 259 2106 pus
274 2027 467 2089 Dominicum
482 2029 718 2097 commutatum,
734 2026 955 2088 Eucharistiam
971 2042 1060 2088 roca·
1105 2026 1199 2086 millia
1217 2044 1275 2088 nan
1292 2027 1394 2089 luerit.
1630 2102 1637 2109 η

200 2128 283 2173 mus.
1145 2108 1186 2169 lte
1203 2116 1303 2172 tamen
1321 2110 1396 2170 nihil
1413 2107 1526 2171 iecisse
1539 2106 1713 2168 ltemnitins
1730 2107 1976 2188 rideaturmrgu-

240 2195 315 2256 vera
331 2192 423 2270 igitur
437 2188 515 2251 retia
530 2188 741 2251 similitudinis
753 2190 967 2251 interextcrna
979 2207 1061 2266 spru·
1105 2197 1242 2253 mentam
1255 2193 1409 2272 quoddam
1427 2190 1570 2268 proponit
1585 2236 1592 2256 ,
1618 2190 1699 2266 quad
1718 2191 1775 2251 hec
1792 2192 1975 2269 syllogismo

203 2277 275 2338 hulu
296 2274 442 2353 Baptismi
457 2278 489 2333 et
502 2278 762 2334 sacramentorum
778 2280 981 2339 caeterorum,
998 2272 1061 2333 all·
1105 2276 1325 2349 comprehendi
1343 2278 1455 2352 potest.
1474 2273 1506 2333 ln
1521 2272 1708 2334 Paenitentia
1721 2270 1907 2335 Testamenti
1924 2294 1973 2337 re·

199 2374 240 2419 ne
255 2356 404 2421 sumenda
421 2353 638 2432 estnequam
654 2362 842 2417 sacramenta
858 2356 995 2417 instituta
1011 2371 1060 2417 es·
1104 2358 1178 2418 teris
1195 2356 1247 2418 luit
1264 2356 1425 2425 contritio.
1442 2354 1597 2417 contessia
1609 2363 1640 2415 et
1655 2355 1802 2430 acaedam
1821 2360 1913 2419 retuli
1927 2376 1974 2420 sa·

199 2457 234 2503 se
249 2445 380 2503 constat.
395 2436 503 2499 Finem
519 2445 620 2498 autern
647 2444 709 2498 turn
732 2438 889 2514 eapttsmt,
906 2445 969 2499 tum
984 2438 1059 2499 alia·
1104 2437 1249 2505 tisiactia.
1267 2458 1336 2502 curn
1353 2444 1505 2518 potestate
1521 2438 1695 2499 remittendi
1718 2444 1856 2515 peecata:
1883 2442 1974 2518 Atqui

197 2541 264 2585 rum
280 2526 566 2591 sacramentorum,
596 2536 707 2581 omnes
721 2521 885 2582 admittunt
909 2536 993 2592 esse,
1016 2522 1059 2582 si·
1104 2536 1138 2581 ea
1155 2522 1344 2584 Paenitentia
1361 2539 1421 2584 nan
1444 2528 1509 2582 erat
1535 2526 1758 2582 sacramentnm
1785 2525 1913 2599 proprie
1928 2527 1973 2584 di-

196 2604 344 2685 gnificare
358 2605 509 2664 internam
521 2601 786 2680 justificationem
803 2611 833 2666 el
847 2620 884 2665 en
898 2604 988 2665 moda
1005 2604 1059 2665 ha·
1103 2610 1197 2665 ctum:
1214 2606 1306 2681 igitur
1331 2620 1389 2666 nec
1415 2604 1626 2668 Paenitentia,
1652 2618 1742 2682 quarm
1769 2606 1916 2667 catholici
1932 2624 1969 2668 ea

198 2690 325 2755 minem.
341 2687 393 2762 aui
410 2690 581 2762 corporeet
595 2684 704 2762 spiritu
721 2691 860 2759 cunstat,
889 2701 945 2761 per
958 2686 1058 2747 sensi·
1102 2687 1297 2761 contritione,
1316 2687 1513 2749 confessione
1530 2692 1559 2746 et
1575 2686 1787 2748 satisfactione
1804 2734 1812 2757 ,
1831 2704 1903 2748 cum
1920 2706 1974 2766 po-

195 2771 269 2832 hilia
299 2777 331 2831 et
344 2768 513 2843 corporalia
528 2768 666 2845 symbola
681 2768 719 2828 ad
748 2785 849 2830 rerum
876 2768 1057 2847 intelligihi·
1103 2776 1211 2831 testate
1226 2771 1401 2832 remittendi
1419 2774 1555 2844 peccata,
1573 2776 1715 2830 constare
1737 2771 1854 2845 rolant3
1872 2788 1974 2833 sacra·

194 2854 271 2915 lium
287 2860 319 2913 et
339 2850 542 2929 spiritualium
555 2850 763 2929 cognitionem
779 2852 923 2913 evehere:
942 2852 1013 2911 hinc
1026 2868 1057 2913 e·
1103 2860 1239 2913 mentum
1254 2855 1378 2931 proprie
1395 2853 1509 2931 dictum
1526 2850 1762 2913 existimandum
1780 2859 1839 2913 est.
1857 2852 1973 2932 Propa-

195 2936 261 2997 nitn
276 2935 376 3013 signa,
392 2931 531 3010 symbola
546 2938 577 2992 et
591 2938 781 3014 sacramenta
804 2935 957 2995 dicuntur.
984 2933 1057 2995 llam
1102 2937 1245 2997 silianum
1262 2936 1370 3012 prohat
1386 2934 1580 2996 llemuitius:
1613 2950 1682 2994 uam
1709 2933 1739 2993 in
1770 2934 1970 2998 Testamenta

195 3024 230 3079 ut
244 3034 272 3078 s.
287 3017 477 3093 Augustinus
493 3015 523 3072 in
539 3015 630 3088 epist.
648 3015 685 3073 ad
702 3015 889 3089 Banilaeium
906 3016 1053 3094 loquitar:
1101 3019 1194 3081 veteri
1211 3026 1329 3079 exstant
1346 3018 1484 3095 exempla
1501 3015 1696 3077 contritionis
1711 3022 1741 3075 et
1756 3018 1970 3081 contessionis

196 3096 1057 3178 stcommentaremdundtnennonporereataarum
1102 3108 1309 3176 peccaturum:
1326 3100 1482 3164 etheriae
1508 3102 1606 3161 sorori
1632 3098 1769 3177 tharsis,
1797 3116 1833 3161 ac
1860 3096 1970 3163 llaridi

195 3189 316 3250 renam,
329 3185 690 3259 quommsucramentc
716 3187 818 3250 sunt,
845 3190 1057 3245 sacramenta
1101 3185 1182 3246 [term
1198 3192 1267 3262 past
1282 3184 1564 3246 reconciliationem
1588 3180 1735 3258 imposuit
1759 3191 1862 3244 certas
1879 3189 1973 3246 casti-

195 3280 265 3327 nan
279 3268 392 3326 maeret.
408 3261 668 3338 Quemadmodum
682 3261 773 3340 igitur
786 3263 818 3324 iu
833 3262 988 3342 Baptismu
1002 3264 1056 3324 ah·
1100 3267 1251 3345 gatianes,
1265 3283 1302 3328 ex
1317 3267 1431 3344 quihus
1446 3263 1586 3325 catholici
1601 3261 1841 3326 satisfactionem
1859 3270 1972 3344 proha-

176 3407 181 3417 ,
196 3347 272 3408 latia
287 3346 421 3408 exterior
436 3359 491 3420 per
504 3360 613 3422 aquam
630 3345 805 3415 exhibetur,
833 3353 865 3407 ut
881 3346 997 3409 ahlutio
1010 3347 1056 3406 in·
1100 3367 1133 3410 rc
1145 3351 1257 3411 solent.
1276 3350 1378 3410 llxslat
1391 3356 1545 3426 praeterea
1558 3346 1733 3422 exemplum
1745 3346 1969 3414 absolutionis.

196 3431 290 3490 teriar
306 3429 510 3506 perspiritum
533 3425 734 3501 signillcetur:
762 3445 808 3489 sic
829 3430 921 3488 etiam
948 3431 978 3489 in
994 3429 1050 3490 Eu·
1101 3432 1227 3506 llathan3
1244 3432 1397 3507 siqnidem
1413 3431 1556 3492 Davidem
1586 3430 1748 3490 contritum
1772 3435 1803 3490 et
1817 3433 1973 3494 cantiten-

196 3511 339 3574 charistra
351 3509 439 3588 panis
454 3515 485 3568 et
499 3509 615 3582 ninum,
630 3526 686 3570 sea
703 3514 805 3587 patius
828 3513 915 3588 panis
930 3511 1055 3590 riuique
1102 3520 1162 3575 tern
1179 3523 1339 3592 peecatum
1355 3529 1457 3582 suum,
1474 3512 1614 3574 ahsolrit.
1634 3512 1885 3589 dssurnptianenr
1903 3534 1974 3594 prc-

195 3595 320 3672 species
332 3593 364 3653 ia
379 3598 548 3668 conspeetu
564 3600 730 3667 ponuntur,
757 3602 790 3655 ut
811 3611 924 3672 carpus
940 3600 970 3655 et
984 3611 1053 3656 saa·
1101 3598 1151 3658 hat
1166 3614 1204 3658 ex
1220 3598 1352 3658 eoncilia
1368 3597 1532 3658 tridentino
1548 3611 1628 3656 sess.
1647 3594 1697 3654 tt.
1713 3610 1781 3670 cap.
1796 3595 1827 3656 1.
1845 3599 1901 3659 uhi
1920 3601 1973 3660 Ta·

196 3678 266 3756 guis
281 3674 414 3749 Domini,
430 3674 520 3735 cihus
534 3690 570 3733 ac
584 3681 674 3752 patus
686 3675 857 3738 animorum
880 3693 950 3738 esse
965 3677 1056 3738 intel·
1101 3686 1162 3740 tres
1177 3681 1299 3752 dneent,
1318 3680 1537 3740 Paenitentiam
1554 3685 1704 3750 veterum,
1733 3689 1967 3743 sacramentum

195 3761 341 3835 ligantum
367 3763 399 3818 ct
423 3757 462 3817 ad
490 3756 623 3816 eundem
649 3759 772 3820 modurn
800 3759 830 3820 in
856 3761 1057 3822 sacramentis
1103 3762 1284 3824 nonluissc.

196 3843 338 3907 caeteris,
356 3839 386 3899 td
402 3839 503 3900 solum
532 3840 709 3902 necessaria
735 3844 919 3903 sacramenti
951 3848 1056 3904 natura
1143 3845 1340 3922 Respondeat
1356 3842 1525 3921 propositio
1540 3841 1709 3918 argumenti
1723 3858 1832 3920 magna
1846 3861 1886 3906 ex
1905 3865 1972 3923 par·

186 3924 340 4001 postulat,
357 3928 391 3982 nt
404 3929 527 3982 externa
542 3923 629 3999 signa
645 3924 683 3982 ad
698 3924 890 4000 spiritualem
912 3921 1056 3985 ellectum
1102 3932 1131 3988 te
1150 3929 1222 3988 t'alsa
1239 3935 1297 3989 est.
1315 3927 1386 3988 llam
1404 3934 1435 3987 nt
1450 3926 1585 3985 amittam
1602 3931 1745 3996 caetera,
1773 3941 1836 3986 nan
1864 3929 1925 3990 luit
1940 3932 1972 3992 in

196 4015 267 4084 apte
282 4004 573 4079 repraesentandum
589 4004 801 4067 erliiheantur.
824 4006 928 4068 Utrum
954 4012 1056 4068 autem
1102 4009 1296 4071 Testamenta
1312 4010 1402 4071 reteri
1419 4015 1553 4086 potestas
1569 4007 1740 4069 remittendi
1757 4015 1904 4082 peccata;
1919 4029 1972 4073 ne-

195 4105 231 4150 ca
246 4091 333 4165 signa
359 4087 396 4148 ad
413 4087 693 4161 praedicamentum
719 4089 909 4150 substantiae
925 4136 933 4160 ,
964 4105 1003 4150 an
1018 4089 1056 4150 ad
1102 4108 1162 4169 que
1178 4091 1292 4153 Nathan
1309 4099 1360 4154 aut
1376 4092 1457 4152 ullas
1473 4091 1600 4155 atinent
1614 4087 1669 4150 liei
1685 4089 1837 4158 minister,
1855 4110 1970 4170 pecea-

195 4169 442 4249 praedicamenta
456 4169 677 4242 accidentium,
703 4178 734 4232 et
759 4178 858 4234 utrum
888 4171 1000 4240 oculis,
1016 4188 1057 4234 an
1102 4181 1183 4236 tores
1198 4174 1338 4236 ahsalrit:
1354 4175 1489 4236 nandum
1505 4173 1586 4233 enirn
1610 4172 1745 4232 auditum
1772 4181 1838 4233 erat
1859 4175 1969 4237 iliad:

195 4253 324 4314 auribus
338 4249 555 4329 percipiantur.
570 4251 646 4312 nihil
662 4253 906 4333 interestneque
919 4253 1057 4317 Christus
1104 4255 1245 4331 Quorum
1257 4257 1444 4319 remiseritis
1457 4255 1812 4333 percarc,renn·anntur
1828 4258 1974 4321 risendi

194 4351 254 4395 nas
275 4335 314 4395 de
330 4332 584 4410 praedicamentis
599 4334 748 4396 sollicitos
762 4353 832 4396 esse
845 4338 1057 4414 intuitusque
1103 4357 1130 4399 s.
1146 4339 1294 4401 Jaannern
1312 4341 1557 4416 chrysostomum
1574 4335 1628 4397 lih.
1652 4335 1682 4396 3.
1710 4339 1748 4396 de
1764 4339 1972 4403 sacerdotio:

194 4417 317 4478 lucilius
333 4418 400 4492 ipsc
416 4431 471 4492 per
482 4417 685 4478 substantiam
697 4434 789 4494 uuam
816 4435 870 4496 per
884 4418 1058 4482 accidentia
1104 4421 1308 4499 corporalem
1320 4422 1444 4500 lepram
1464 4435 1617 4500 purpure,
1633 4419 1808 4481 seuaera‘us
1832 4421 1973 4494 dicum,

195 4496 505 4577 haminasjustiticat.
1101 4505 1347 4582 huudpurpare
1358 4506 1500 4583 quidem,
1511 4501 1900 4580 sadpurpctospraacre,
1918 4507 1975 4567 Ju-

239 4582 381 4652 Ouarein
397 4587 589 4642 sacramenta
604 4581 839 4654 phenitentiae,
863 4584 893 4644 in
923 4599 984 4661 prro
999 4601 1057 4662 pro
1102 4587 1487 4650 duearamsccerdatihus
1507 4587 1582 4647 salia
1597 4583 1722 4648 licebat.
1744 4591 1778 4644 At
1801 4601 1882 4647 aero
1914 4605 1974 4650 no·

195 4663 337 4742 symbolo
352 4671 477 4725 externo
491 4664 719 4726 contessionem
735 4666 942 4741 poenitentis,
959 4671 990 4726 ut
1003 4667 1056 4728 eh·
1100 4673 1174 4733 stris
1185 4669 1404 4733 sacerdotibus
1415 4684 1484 4731 nara
1505 4667 1647 4747 carparis
1675 4665 1800 4744 lepram
1817 4713 1825 4740 ,
1851 4685 1976 4736 uenam

195 4747 383 4808 solutionem
405 4761 480 4807 rece
496 4746 680 4822 corporalia
696 4747 857 4810 sacerdote
873 4751 1057 4826 pronuncia·
1101 4755 1232 4816 aniame
1245 4753 1367 4822 sardes,
1382 4769 1450 4813 nan
1464 4753 1536 4814 dieo
1556 4754 1714 4828 purgatae
1732 4747 1889 4829 probare,
1913 4757 1976 4818 sed

195 4836 255 4888 tant
273 4828 435 4898 hahemus,
451 4845 520 4891 iera
535 4835 566 4889 et
581 4830 701 4906 propria
713 4831 896 4892 sacramenti
910 4831 985 4892 ratio
1002 4833 1057 4892 rni-
1098 4851 1242 4914 purpure
1256 4850 1387 4914 prorsus
1400 4849 1583 4897 cencessum
1596 4839 1650 4893 est.
1666 4829 1748 4893 llaec
1763 4830 1826 4893 ille.

194 4913 280 4972 rrime
294 4909 599 4973 desideratur.llerhe
615 4912 697 4972 euim
713 4928 774 4973 non
787 4913 886 4974 solam
902 4913 988 4992 sigua
1005 4931 1056 4976 crt-
1140 4919 1243 4997 lleqne
1258 4919 1431 4996 exemptum
1448 4919 1615 4995 prophetae
1628 4913 1753 4986 Nathan,
1767 4915 1849 4990 quud
1867 4927 1976 4979 exstat

193 5000 281 5054 terna
309 5011 344 5054 ne
356 4994 527 5066 sensibilia,
545 4994 599 5053 sed
617 4995 705 5054 etiem
722 4993 751 5054 in
768 5011 881 5072 genere
896 5000 1055 5075 signorum
1100 5001 1155 5062 lib.
1172 5000 1204 5062 2.
1220 5001 1293 5080 lieg.
1311 4999 1434 5080 capti.
1451 4999 1486 5060 ad
1504 5015 1566 5060 rear
1583 5005 1716 5057 nostram
1732 4999 1847 5070 incitet
1863 5004 1976 5062 amni·

194 5077 456 5153 praestantissima
471 5082 554 5148 sunt,
571 5083 739 5139 ntsanetus
753 5081 843 5139 docel
864 5080 1055 5159 Augustinus
1101 5099 1141 5143 na
1157 5083 1259 5156 inepte
1276 5099 1335 5144 non
1353 5083 1450 5143 semel
1473 5099 1488 5142 a
1511 5081 1663 5142 llemnitia
1688 5077 1872 5141 inculcatur.
1902 5082 1976 5145 lion

193 5159 254 5220 lih.
269 5159 300 5221 2.
314 5176 382 5235 cap.
399 5157 430 5220 3.
446 5158 485 5218 dc
501 5159 638 5220 doctrina
654 5161 830 5222 christiana.
1097 5165 1177 5225 enim
1195 5165 1308 5226 Nathan
1325 5165 1410 5225 dixit:
1428 5165 1490 5238 liga
1507 5171 1534 5224 tc
1550 5163 1685 5224 absalio.
1703 5161 1749 5221 vel
1764 5161 1817 5222 tihi
1835 5173 1974 5240 peccata

234 5241 322 5314 Quod
337 5240 504 5302 nereidem
520 5241 708 5317 Augustinus
724 5247 810 5303 treet.
837 5239 888 5304 80.
913 5243 942 5304 in
957 5242 1048 5306 Jcan.
1097 5250 1229 5322 remittu;
1246 5248 1300 5308 sed
1317 5248 1429 5308 salum:
1446 5245 1601 5308 Dominus
1613 5243 1778 5305 transtulit
1788 5255 1977 5323 peceatum

191 5322 352 5402 distinguit
363 5324 546 5384 elementum
570 5325 715 5396 arerho,
745 5341 814 5385 cum
840 5328 892 5386 ait:
921 5325 1052 5389 Accedit
1099 5335 1191 5390 tuum
1206 5347 1227 5390 u
1242 5336 1282 5401 te,
1296 5329 1408 5406 quihus
1425 5329 1525 5390 rerhis
1540 5325 1723 5408 significarit
1739 5325 1781 5396 id,
1797 5329 1884 5404 quud
1902 5330 1977 5392 sihi

189 5405 322 5467 umbem
337 5405 382 5466 ud
396 5405 597 5468 elementum.
621 5405 973 5483 claromontensem
990 5425 1050 5470 nun
1098 5418 1131 5472 ut
1146 5413 1324 5488 prophelae,
1341 5412 1486 5472 divinitus
1501 5411 1669 5472 indicatum
1684 5413 1758 5478 erat,
1777 5425 1840 5470 nan
1854 5419 1973 5474 autern

191 5485 285 5547 dehet
299 5489 336 5548 ad
353 5488 458 5548 ,ornnia
473 5496 661 5548 sacramenta
678 5491 766 5550 trahi:
784 5493 981 5567 nequeenim
999 5491 1051 5552 itte
1096 5501 1256 5570 peccatum
1273 5495 1341 5572 ipse
1356 5495 1484 5554 remisit.
1502 5493 1586 5565 Qutrd
1615 5491 1639 5552 si
1656 5490 1843 5568 quicumque
1859 5503 1977 5556 narrat

190 5566 230 5626 de
241 5573 441 5630 sacramentis
456 5569 697 5646 generatim,sed
710 5572 749 5633 dc
765 5573 918 5650 Baptisma
934 5579 1048 5634 tantum
1097 5575 1212 5654 aliquid
1229 5575 1339 5638 lactum
1356 5577 1524 5642 esseidcm
1540 5581 1641 5655 petest
1656 5574 1717 5634 diei
1733 5589 1796 5634 rem
1815 5575 1903 5636 illam
1921 5579 1975 5638 te-

188 5647 381 5723 lnuaehatur,
398 5658 431 5710 ut
445 5666 482 5709 cx
497 5652 559 5712 illis
575 5655 675 5714 verbis
691 5651 902 5735 intelligimus:
916 5655 1050 5718 Detrahe
1097 5658 1190 5734 cisse3
1204 5660 1277 5737 quid
1290 5660 1443 5736 prohihet,
1460 5671 1520 5732 ntra
1537 5661 1639 5720 minas
1653 5655 1858 5732 evengelistae
1874 5657 1976 5720 Chri·

187 5729 331 5804 uerharn,
347 5732 429 5807 qaid
443 5738 488 5792 est
502 5747 602 5809 apuu.
619 5737 686 5796 arisi
700 5740 817 5815 aqua?
832 5741 950 5816 Alioqui
966 5741 1049 5800 enim
1096 5748 1175 5804 stam
1189 5745 1361 5820 peperisse,
1380 5743 1585 5816 interfecisse,
1602 5746 1631 5801 et
1646 5739 1779 5802 eundem
1795 5757 1810 5800 a
1828 5749 1976 5806 mortuis
