4084 6275
685 424 693 440 ,
782 419 802 458 Ι.
840 365 935 427 nucu
952 363 1103 424 rearms·
1743 366 1797 422 aar

91 493 231 560 Fcclosia
247 499 354 576 operto
368 495 530 562 debaitum
544 495 613 578 ipso
638 503 776 580 temporo
801 499 953 578 berenna·
997 498 1117 576 baulai
1135 500 1227 564 ttae.
1241 495 1612 571 maseatiaaieunirsrsn
1626 496 1759 562 eoncilia
1782 496 1862 560 latta

92 582 139 646 rii.
157 579 250 642 idest.
266 585 337 642 ante
358 596 457 642 annos
481 582 679 661 quingentos,
706 595 767 644 aon
793 597 953 646 reraanero
999 601 1109 646 aorrrm
1135 592 1166 646 ot
1181 584 1378 656 Graecorum,
1395 581 1464 644 daila
1486 587 1535 644 est
1559 580 1696 645 i'structio
1720 581 1863 644 dimonis

90 659 296 728 subsbrnliarn
314 664 400 740 panis
415 664 445 724 in
462 663 663 737 doctioristla,
679 683 715 734 ao
730 665 857 744 proinde
880 665 956 728 dell·
1000 670 1040 731 de
1055 667 1117 730 lide
1133 675 1166 729 et
1179 667 1394 729 sacramentis:
1412 665 1443 726 in
1459 681 1498 726 oo
1520 664 1720 726 instructione
1745 664 1791 726 sic
1813 665 1867 724 lra-

91 749 187 808 nilum
217 744 584 822 transubstantiationem,
612 754 645 810 ιιι
669 750 851 812 catholicam
876 751 957 812 reri·
1001 751 1111 812 berria
1127 751 1166 812 do
1181 749 1386 812 duolrarlstto:
1404 746 1595 810 Substantia
1617 746 1717 824 pann
1739 745 1779 808 in
1799 751 1868 810 aaa

89 834 223 918 tatam...
999 850 1062 912 piru
1079 832 1206 899 cariati.
1222 839 1252 894 cl
1264 833 1337 896 cini
1348 833 1388 894 ia
1399 831 1598 909 sodomama
1618 835 1864 892 comminatur.

133 909 311 972 Secundum
328 909 494 974 ooaoilium
510 910 567 974 luit
581 927 753 977 romanum.
769 913 829 976 sub
843 913 957 992 Grepo·
1002 917 1111 997 lintris
1139 932 1213 996 ergo
1239 919 1398 977 euidenter
1421 917 1559 990 apparel,
1588 928 1679 990 onam
1705 920 1822 991 aperte,
1838 917 1871 975 et

90 996 137 1056 ria
154 989 221 1076 llll.
237 993 426 1064 celebratum
441 1009 522 1056 anno
538 995 658 1056 llomini
674 992 765 1060 tatii.
782 1013 890 1060 arerrse
914 996 957 1058 le·
1003 1000 1199 1076 impudenter
1214 996 1389 1080 llemnjtius
1404 996 1580 1058 mentiatur.
1783 1031 1788 1052 .

3 1083 5 1122 ⁵
91 1075 230 1149 bruario,
249 1083 281 1138 ut
295 1075 387 1152 rolort
402 1075 537 1139 Thomas
560 1077 738 1154 waldensis,
764 1086 846 1142 tomo
871 1080 902 1144 2.
919 1080 958 1149 do
1043 1081 1129 1154 erod
1145 1087 1248 1144 autera
1264 1080 1372 1148 Petrus
1385 1086 1510 1157 martyr,
1530 1084 1561 1138 et
1585 1075 1669 1140 idern
1691 1075 1868 1143 liemaltius

91 1160 282 1224 sacrament.
300 1175 369 1238 cap.
386 1158 472 1234 ibin
488 1175 551 1239 qun
565 1161 622 1220 alia
638 1160 708 1222 lldei
731 1161 958 1240 professionis·
1004 1163 1162 1244 objiciunt
1177 1165 1216 1224 de
1231 1163 1368 1231 Graecis.
1384 1161 1467 1225 aliud
1483 1166 1532 1224 esi
1546 1159 1802 1229 mendaciumn
1815 1162 1870 1222 illl·

90 1245 156 1304 rior
172 1241 252 1304 edita
268 1248 318 1302 est
333 1247 457 1320 propter
471 1241 594 1308 lraudes
610 1244 835 1320 rarius,aolbus
847 1243 959 1306 Beren-
1005 1255 1126 1326 pastura
1143 1247 1235 1322 plane
1250 1246 1342 1324 digno
1357 1242 1396 1307 iis
1411 1243 1602 1311 bominibus,
1628 1244 1680 1321 oui
1709 1245 1866 1306 auctorem

3 1333 6 1368 t
91 1324 208 1402 garrienti
227 1321 359 1401 priorem
375 1325 458 1388 illam
475 1322 698 1403 professionem
716 1327 828 1388 editam
841 1329 901 1388 sab
913 1329 959 1390 lll-
1001 1329 1089 1392 itlum
1104 1335 1288 1408 sequantur,
1304 1327 1359 1406 oui
1374 1334 1459 1404 palor
1473 1324 1626 1389 mendacii
1640 1325 1680 1388 ab
1695 1325 1761 1404 ipsa
1788 1325 1864 1388 reri·

3 1416 5 1442 ²
93 1406 183 1468 caino
201 1405 241 1474 tl,
256 1408 422 1485 depravare
437 1403 591 1470 solebant.
609 1407 659 1471 Sic
681 1409 773 1488 igilur
800 1410 894 1472 baltei
910 1429 961 1487 po·
1004 1420 1063 1474 tale
1079 1414 1264 1473 noririnalur.
1281 1411 1353 1473 llam
1369 1415 1454 1472 utfiex
1470 1408 1569 1487 ipsius
1584 1408 1707 1469 concilii
1722 1410 1800 1476 aclis
1813 1425 1866 1470 ea·

3 1499 4 1520 ι
92 1491 205 1552 sterion
220 1487 292 1552 iidei
306 1489 544 1569 contessiot'b'po
557 1490 884 1570 rocambarbaram
893 1509 959 1556 cre·
1002 1495 1110 1570 pnosoi
1126 1501 1406 1575 patestaumouam
1424 1493 1478 1554 luit
1491 1491 1634 1568 quaestio
1649 1490 1729 1552 inter
1740 1490 1868 1552 latinos

3 1581 6 1622 l
93 1575 150 1647 da,
169 1579 199 1634 et
212 1587 267 1634 ure
282 1573 446 1649 confiteor,
461 1590 584 1656 panem
598 1575 766 1642 cicinum.
794 1591 879 1658 qaae
904 1591 959 1654 po·
1003 1584 1035 1638 el
1048 1578 1193 1646 Graecos,
1209 1595 1248 1640 aa
1259 1577 1356 1655 prais
1371 1592 1442 1637 iere
1456 1580 1488 1635 et
1501 1572 1744 1638 substantialiter
1770 1580 1867 1638 arom·

3 1663 6 1706 t
91 1662 222 1718 nnnlar
236 1653 273 1718 in
284 1655 395 1725 altari.
410 1673 469 1734 per
482 1657 674 1736 mpslorinm
700 1673 815 1720 sacrae
838 1659 959 1722 cratiu—
1003 1668 1087 1723 retur
1101 1662 1132 1721 ia
1147 1676 1261 1736 corpus
1276 1660 1409 1729 Domini,
1425 1659 1481 1719 sot
1507 1655 1648 1733 quaestio
1674 1656 1745 1725 luit,
1769 1665 1800 1718 et
1813 1658 1869 1729 ιιιιι,

3 1749 5 1786 l
90 1741 157 1810 nia,
172 1743 202 1800 et
212 1737 312 1802 aerbo
331 1740 439 1808 nostri
452 1739 679 1818 ¹liadempioris
705 1738 962 1812 substantialiter
1005 1743 1065 1806 bue
1080 1750 1128 1804 est
1143 1744 1182 1804 de
1197 1744 1312 1814 uerbis,
1328 1741 1443 1817 ouibus
1455 1742 1497 1802 sit
1510 1740 1565 1802 illa
1579 1736 1745 1800 ioellabilis
1759 1745 1869 1800 muta·

91 1821 239 1884 converti
250 1821 288 1884 in
301 1837 426 1892 naara,
441 1823 481 1884 a'c
494 1823 707 1900 propriaram
717 1823 960 1900 uiuificatrinem
1003 1825 1057 1888 tio.
1076 1825 1168 1887 latini
1185 1826 1272 1888 enim·
1283 1825 1471 1894 sentiebant,
1485 1829 1518 1885 ut
1531 1822 1623 1884 etiam
1645 1837 1771 1900 semper
1796 1837 1868 1883 sea·

3 1915 4 1920 ’
92 1919 229 1968 caraem
256 1905 496 1983 elsoapuineni
511 1905 641 1968 Domini
656 1905 851 1976 nostrileea
873 1905 960 1970 Cleri·
1003 1909 1090 1971 licat.
1106 1909 1183 1970 solis
1198 1909 1308 1971 cbristi
1323 1908 1427 1970 uerbis
1451 1905 1516 1967 lleri
1543 1905 1624 1978 illam
1652 1905 1867 1974 mbtiitionerar

4 1999 7 2038 ι
90 1987 133 2048 sti
150 1993 209 2048 elo.
227 1985 304 2066 llibil
322 1989 413 2064 igitur
427 1987 511 2056 novi,
527 1987 555 2051 si
570 1989 609 2051 de
626 2005 658 2052 ra
675 1990 740 2068 ipsa
766 1995 886 2068 agatur,
900 1996 960 2050 sta·
1002 1991 1109 2054 Graeci
1124 1998 1229 2053 contra
1245 1991 1361 2054 sentire
1375 1989 1568 2059 ridebantur,
1587 2003 1649 2049 oon
1661 1987 1738 2048 solis
1750 1985 1869 2049 christi

3 2079 7 2120 t
93 2070 151 2154 tuit
166 2069 333 2132 concilium
350 2070 556 2150 lateranense,
572 2081 603 2136 et
619 2073 715 2146 inulto
731 2071 833 2134 minus
849 2072 962 2135 triden-
1002 2075 1117 2145 uerbis,
1133 2075 1189 2137 sod
1205 2073 1389 2154 qrribusdara
1406 2072 1476 2134 aliis
1496 2070 1643 2148 precibus
1667 2071 1706 2131 uir
1732 2068 1867 2131 leomini-

3 2163 6 2202 ι
94 2153 209 2214 ιιιιιιιιι.
284 2181 286 2191 v
731 2185 734 2190 Δ
768 2195 770 2216 .
1001 2156 1470 2235 busooapostnsmutattooem
1492 2153 1574 2214 illam
1600 2152 1678 2218 lieri.
1706 2147 1790 2213 lianc
1810 2169 1869 2212 au·

137 2234 337 2298 lectionesa
351 2234 516 2298 concilium
532 2235 677 2314 generale
692 2235 960 2310 lateraneasc,sub
1005 2248 1068 2302 tem
1081 2241 1179 2302 solam
1193 2241 1290 2302 luisse
1304 2238 1517 2317 quaestionem
1533 2241 1629 2314 palat,
1652 2241 1724 2296 ium.
1739 2251 1775 2295 en
1798 2233 1869 2310 ipsu

95 2315 279 2378 lnnocentio
294 2317 349 2380 ltt.
365 2317 553 2382 celebratum
570 2335 650 2403 armo
665 2317 785 2380 Domini
814 2319 905 2382 teli.
929 2319 959 2381 ia
1001 2323 1137 2385 *concilio
1153 2339 1248 2400 prope
1264 2323 1369 2395 linem,
1387 2328 1450 2382 turn
1466 2335 1504 2382 ea
1524 2317 1702 2380 auctoribus
1727 2315 1868 2386 Graecis,

94 2417 159 2478 quo
176 2415 236 2462 aaa
253 2405 369 2479 negant
383 2401 548 2464 adversarii
564 2402 623 2462 boo
640 2409 776 2462 austrum
792 2401 901 2480 dapum
918 2408 960 2462 et·
1005 2406 1056 2482 oui
1071 2405 1111 2469 de
1126 2406 1184 2466 lrao
1197 2409 1263 2487 ipsa
1273 2403 1460 2485 quaestione
1486 2402 1540 2463 illo
1569 2407 1708 2479 tempore
1732 2400 1869 2475 scripse·

3 2479 4 2486 ’
93 2483 155 2542 iarn
173 2483 233 2543 sub
250 2484 375 2544 nomine
392 2481 724 2546 transubstantiationis
736 2484 960 2553 uonllrmutam:
1006 2494 1087 2560 runt,
1103 2487 1154 2568 (pri
1170 2495 1244 2550 suot
1257 2487 1419 2550 bessarion
1443 2485 1563 2568 cordia,
1589 2483 1754 2555 dianonus,
1780 2481 1868 2544 iiico·

3 2578 7 2622 ι
92 2565 150 2628 sed
168 2573 283 2640 nepant
295 2566 391 2644 aliqui
409 2581 527 2640 eorum,
545 2573 576 2628 ui
589 2567 774 2636 llemnliius,
790 2573 821 2630 el
836 2569 959 2646 quidam
1003 2572 1069 2634 laus
1085 2569 1252 2642 Cabosilas,
1270 2569 1391 2633 dorcas
1406 2571 1568 2647 opliesius.

3 2661 7 2704 ι
91 2648 158 2723 alii,
176 2647 335 2710 delinitura
351 2647 410 2710 sub
426 2654 633 2720 anatliemalo,
648 2658 739 2724 atoue
756 2657 787 2712 ut
802 2650 960 2712 decretum
988 2717 990 2722 ,
1043 2653 1131 2726 Quod
1161 2659 1268 2715 autem
1291 2653 1398 2726 Graeci
1422 2665 1591 2728 numquam
1616 2645 1832 2710 abhorruerint
1852 2664 1874 2707 a

93 2733 134 2794 de
150 2729 223 2801 lide,
240 2748 256 2790 a
272 2749 334 2810 quo
350 2748 409 2794 non
426 2732 516 2798 licoat
537 2732 705 2800 dissentire,
727 2734 795 2794 sinc
823 2732 962 2810 periculo
1003 2736 1324 2798 transubstantiatione
1336 2732 1873 2811 (utpseudomartpraorlacleriaen·

3 2841 6 2866 r
94 2815 276 2880 haereseos.
294 2814 331 2877 dl
346 2815 403 2876 boc
419 2815 505 2878 nullu
530 2816 653 2894 negotiu
679 2815 881 2877 demonstrari
908 2831 962 2894 pu·
1005 2817 1090 2883 tilnrt
1103 2819 1259 2894 colligitur
1273 2819 1374 2880 Primo
1390 2834 1426 2880 ex
1438 2814 1573 2894 antiquis
1585 2813 1871 2891 riucwribassupra

3 2925 7 2940 ,
95 2901 170 2958 test.
187 2897 257 2960 llam
274 2889 395 2960 initium
411 2899 521 2977 capitis
538 2898 567 2959 1.
584 2897 654 2978 ejus
668 2895 860 2962 conciliisic
886 2897 962 2960 inol-
1006 2901 1128 2973 citatis,
1152 2901 1265 2981 cyrillo
1287 2898 1570 2979 hierosolymitano,
1593 2896 1741 2973 Gregorio
1765 2911 1878 2973 nisse«

3 2997 6 3018 i
95 2978 154 3056 pit:
170 2977 322 3041 Fit-ariter
335 2981 541 3056 cremasset
554 2981 746 3058 simpliciter
760 2977 963 3057 confitemur.
1008 3001 1070 3057 no,
1092 2983 1212 3061 Jaaaoe
1240 2985 1476 3062 clripsoslomo,
1507 2977 1619 3058 darilla
1648 2979 1876 3051 alexandrino,

95 3063 139 3123 do
157 3062 270 3124 deinde
285 3063 480 3126 subnectitur
505 3064 620 3143 integra
646 3061 802 3126 contessa
826 3062 963 3134 ildei'da
1006 3065 1095 3129 ioan.
1112 3067 1315 3140 naassceno,
1333 3059 1791 3145 ttrcoptrytaotocttluttrpmio.

3 3190 8 3203 ,
96 3144 260 3215 Trinitate,
279 3146 330 3207 'de
356 3148 510 3209 creatione
537 3146 657 3222 maadi,
685 3147 725 3209 de
751 3146 966 3217 incarnatione
1048 3151 1205 3221 Secundo,
1222 3167 1259 3214 ex
1280 3149 1459 3211 auctoribus
1484 3140 1722 3219 recenlioribus,
1751 3141 1878 3205 Nicoluo

3 3258 7 3273 ·
98 3225 203 3298 Verbi,
219 3218 412 3291 dc'lieclosla
429 3235 459 3291 et
473 3230 687 3305 sacramentis3
710 3235 741 3297 et
764 3222 876 3309 deinde
892 3245 962 3307 oap.
1010 3232 1207 3297 mellendensi
1226 3280 1234 3304 ,
1259 3233 1398 3299 Sarnonu
1412 3229 1537 3303 parnasi
1554 3274 1563 3296 ,
1595 3226 1720 3290 Nicolao
1755 3224 1878 3287 Cabasl·

3 3344 6 3357 ›
97 3308 873 3391 3.depraedicacontesstoaesicloquiturtdom
887 3328 960 3372 carr·
1007 3315 1047 3388 la,
1071 3316 1171 3379 Maron
1193 3317 1324 3394 ephesio
1357 3322 1387 3375 et
1408 3310 1615 3382 Bassaniam,
1640 3326 1770 3389 quorum
1799 3316 1876 3384 opu·

3 3398 5 3453 l
95 3392 214 3455 cilium:
230 3394 573 3463 aamamunioomra,
590 3400 621 3459 el
645 3394 963 3459 oaoraemurizoaus
1008 3398 1093 3461 scuta
1111 3404 1231 3462 exstant
1245 3414 1344 3477 nuper
1358 3397 1522 3476 impressa.
1540 3393 1593 3472 oui
1615 3408 1725 3454 omncs
1747 3391 1878 3469 arteriis·

3 3510 5 3523 =
94 3490 226 3539 oniaera
240 3476 399 3539 diaeresim
412 3479 619 3541 ealollonlern
630 3494 676 3551 se,
692 3479 848 3551 adparens
876 3477 963 3541 bano
1008 3482 1086 3541 simo
1112 3480 1297 3547 condantur
1325 3478 1525 3541 mutationem
1552 3475 1800 3554 latronesque
1830 3474 1875 3533 to·

3 3596 5 3605 »
92 3564 258 3633 sanatam,
271 3560 501 3632 arthedunum,
517 3560 709 3623 calliolioam
722 3559 833 3637 iidem,
861 3576 964 3640 qnam
1008 3562 1144 3643 quimor.

3 3679 4 3687 ι
91 3642 246 3719 superias
260 3644 486 3720 exposuimus.
503 3642 582 3707 accc
598 3643 690 3723 ipitur
701 3642 961 3722 aaalboaro,quud
1048 3646 1161 3717 Tertio,
1178 3662 1215 3708 ex
1229 3643 1365 3707 coaoilic
1382 3639 1580 3713 lrrtoraaeosi,
1602 3614 1668 3705 'sub
1691 3638 1875 3701 Innocentio

3 3764 4 3781 .
94 3722 273 3787 licinnitius
289 3726 475 3803 requirebat.
493 3726 571 3799 Quid
586 3727 669 3805 quod
687 3725 837 3790 turberes
852 3727 962 3804 ipsein
1006 3726 1062 3796 tit.
1079 3747 1170 3809 sopra
1186 3726 1450 3806 citatozsiouidem
1468 3722 1673 3785 interfuerunt
1688 3722 1874 3784 Graecorum

3 3844 4 3853 ,
93 3806 150 3869 lib.
169 3806 208 3882 de
224 3808 359 3885 captivit.
385 3808 490 3889 Rabpl.
516 3826 585 3887 cap.
615 3808 644 3869 1.
671 3808 811 3887 agnoscit
835 3810 865 3869 ia
890 3824 960 3886 cap.
1007 3813 1096 3874 ctiam
1113 3812 1318 3892 patriaroliae.
1333 3818 1448 3887 otcap.
1464 3806 1496 3876 i·
1523 3805 1594 3885 titis
1618 3804 1743 3868 consilii
1759 3804 1875 3868 niumm

3 3930 4 3937 ι
94 3890 347 3965 l'irnriiernuod
364 3905 403 3955 0¹
420 3892 478 3953 '¹00
493 3890 626 3961 concilio
641 3898 797 3970 sumptum
814 3896 871 3961 est,
882 3896 961 3951 tran·
1006 3892 1210 3958 Innocentius
1223 3912 1261 3956 eo
1283 3900 1422 3973 tempore
1444 3890 1580 3957 Graecos
1600 3888 1638 3951 ad
1663 3887 1873 3951 obedientiario

3 4026 5 4037 ,
92 3972 409 4046 substantialionem,
442 3979 473 4035 ut
501 3974 661 4037 articulum
689 3973 759 4035 lidel
787 3974 961 4036 delinitura?
1007 3975 1483 4041 romanaeEcclesiaerediissa.

94 4056 183 4133 Quare
199 4072 269 4117 cura
286 4055 325 4117 ita
342 4057 415 4129 siut,
433 4055 577 4134 Karrrnitii
594 4056 798 4129 mendacium,
816 4063 846 4116 ot
867 4062 961 4118 teme·
1053 4061 1178 4135 Quarto,
1194 4078 1231 4123 ox
1247 4060 1380 4122 concilio
1394 4054 1572 4122 florentino.
1587 4053 1658 4117 dam
1676 4052 1705 4115 ia
1725 4051 1880 4117 instructi·

93 4152 169 4199 ritas
187 4153 249 4199 aon
266 4139 357 4203 mado
372 4156 442 4203 cain
457 4142 526 4217 ipso
542 4146 645 4201 nostro
671 4140 815 4207 concilio,
844 4139 899 4207 sed
916 4145 960 4203 et·
1005 4160 1065 4206 noe
1079 4145 1280 4206 armenorum
1291 4140 1416 4205 disertis
1431 4138 1531 4202 uerbis
1547 4138 1669 4214 ponitur
1684 4135 1761 4200 baeu
1772 4141 1870 4197 muta·

3 4260 5 4269 ,
100 4224 161 4283 iam
175 4237 246 4285 itum
262 4236 320 4282 suo
336 4222 485 4299 propbeta
502 4228 532 4283 et
544 4222 686 4301 apostola
701 4229 827 4300 pugnat.
1010 4229 1050 4289 tio
1066 4222 1259 4290 substantiae
1271 4226 1363 4304 panis
1378 4223 1408 4285 in
1424 4238 1538 4300 corpus
1553 4214 1678 4283 Cirrisli.
1690 4218 1876 4292 Consensis·

3 4358 5 4369 .
138 4305 285 4381 Quartum
301 4304 465 4367 ooociliurn
483 4310 531 4375 est
546 4320 705 4369 romanum
730 4304 898 4384 generale,
910 4319 961 4367 ce·
1005 4316 1160 4371 saputem
1177 4310 1206 4370 in
1223 4325 1290 4371 eam
1308 4307 1541 4368 instructionem
1557 4303 1649 4366 etiam
1662 4301 1808 4372 Gramos,
1821 4317 1874 4378 pa·

3 4410 6 4449 ι
97 4386 251 4447 lebratum
267 4402 348 4449 anno
364 4386 486 4449 Domini
503 4386 594 4453 1113.
611 4389 641 4451 in
658 4403 720 4467 qun
735 4387 868 4449 damnati
890 4392 963 4449 sunl
1006 4398 1048 4455 tet
1062 4408 1101 4453 ex
1114 4393 1212 4465 initio,
1229 4391 1336 4453 eldaa
1353 4389 1436 4451 illius
1451 4383 1772 4458 instructionis3ioltiu
1787 4382 1872 4449 enim

3 4494 7 4511 ν
98 4478 256 4547 tamquam
273 4470 417 4531 baeretici
434 4471 552 4533 articuli
568 4469 679 4534 Joaao,
695 4468 815 4543 aiolell,
830 4485 962 4548 quorum
1007 4475 1119 4536 dicitur
1134 4475 1208 4535 lacta
1225 4487 1312 4543 sacro
1327 4471 1518 4549 approbante
1532 4468 1678 4538 concilio,
1694 4473 1726 4534 ei
1752 4465 1782 4527 in
1802 4466 1871 4529 =litio

98 4552 220 4615 Primus
232 4558 292 4613 est:
310 4550 609 4631 subitoalloponts
623 4553 813 4625 materialia,
830 4558 859 4615 el
872 4552 961 4615 stat
1006 4556 1117 4620 dicitur
1132 4557 1199 4618 dota
1215 4557 1245 4618 ia
1264 4556 1387 4635 publica
1402 4551 1544 4631 synodali
1555 4548 1802 4621 sessioneouod
1816 4566 1870 4609 au·

4 4676 5 4685 2
96 4636 172 4697 liter
184 4632 367 4711 debriantia
379 4636 642 4699 oinimotariatis
656 4642 766 4698 mouet
789 4636 827 4697 ia
850 4652 960 4699 soora·
1008 4646 1068 4701 tem
1084 4639 1209 4718 quoidam
1225 4639 1342 4709 dicuat,
1360 4630 1871 4707 Graecosulscossissoer‚uilitate

3 4760 7 4771 ·
97 4718 348 4781 mentmollaris.
377 4718 542 4781 Secundus
567 4717 840 4787 osl:‚rloaidenlia
862 4718 960 4796 pann
1005 4720 1360 4798 llorentiaa,anleouarn
1381 4717 1517 4783 annuali
1542 4716 1734 4786 advenirent,
1759 4714 1870 4775 laisum

98 4818 171 4863 non
184 4808 318 4863 manent
330 4800 401 4863 sine
414 4801 555 4883 ramaclo
568 4802 607 4864 in
621 4802 733 4875 eodeni
743 4808 959 4863 sacramenta.
1005 4811 1115 4873 estut
1129 4810 1211 4882 putot
1227 4820 1265 4865 er
1293 4803 1409 4865 ultimis
1435 4801 1537 4877 uerbis
1562 4799 1698 4871 concilii,
1724 4798 1867 4875 pertusio

101 4884 202 4961 Hujus
216 4884 340 4945 concilii
357 4883 506 4956 meminit,
523 4889 555 4947 et
569 4887 725 4947 decretum
741 4883 841 4961 ipsura
855 4887 961 4947 recitat
1007 4888 1133 4950 babent:
1152 4886 1228 4949 lluin
1244 4892 1347 4959 atatem
1362 4886 1439 4947 liaeo
1452 4878 1872 4962 gerebantur,drrnerriorum

3 5008 8 5021 .
97 4966 236 5027 loannes
252 4964 420 5029 Cooblaeus
438 4966 493 5031 lib,
509 4966 540 5029 1.
557 4968 664 5029 tristor.
679 4965 892 5029 domitarum..
1009 4972 1199 5048 patriarcbae
1214 4967 1304 5049 legati
1321 4968 1360 5029 ad
1374 4968 1526 5046 synodum
1543 4967 1640 5043 ipsam
1657 4967 1818 5037 terrarual3
1838 4970 1873 5027 at

3 5099 8 5121 .
143 5046 290 5121 Ouinium
307 5050 472 5119 ⁰⁰tttillt¹ttt
488 5056 533 5109 esi
551 5049 780 5114 crrastantienso
805 5048 961 5127 goltellis.
1009 5054 1097 5115 inira:
1116 5070 1175 5117 uoa
1190 5070 1259 5115 cura
1275 5050 1399 5115 Graecis
1415 5048 1568 5111 Florentia
1584 5050 1804 5115 discesserunt.

3 5176 7 5187 .
98 5134 292 5193 celebratum
310 5146 390 5195 anna
407 5131 525 5195 litimini
540 5131 641 5195 titt,
655 5132 685 5193 in
711 5129 801 5201 ouius
827 5148 907 5195 sess.
930 5130 962 5193 8.
1052 5134 1176 5210 Quinta,
1194 5142 1276 5215 palat
1290 5151 1329 5197 err
1342 5149 1392 5203 eo,
1410 5132 1491 5209 orrod
1514 5147 1584 5194 aum
1601 5128 1707 5192 Graeci
1734 5133 1873 5203 temporo

98 5212 301 5287 confirmatur
323 5215 474 5289 sententia
499 5216 617 5279 raimoni
642 5213 776 5286 concilii,
802 5221 833 5277 et
858 5230 965 5277 rursus
1009 5216 1122 5283 Leums
1137 5216 1189 5281 tx.
1205 5229 1236 5279 et
1250 5218 1399 5295 deinceps
1413 5208 1872 5290 multaobjeceriatlatinlsab

3 5344 7 5353 .
101 5297 297 5373 rrumiaatim3
316 5304 347 5359 et
361 5297 419 5360 sab
435 5296 627 5359 anathemate
642 5298 824 5359 ‹tamnanlur
845 5297 963 5359 articuli
1009 5318 1089 5376 quae
1103 5301 1141 5361 ab
1157 5301 1219 5363 illis
1233 5297 1398 5362 dissentire
1414 5313 1449 5359 se
1463 5296 1613 5364 moerent:
1638 5297 1881 5371 numquam-la·¹

3 5426 7 5437 .
98 5380 189 5445 Joan.
207 5378 329 5449 wiclefi,
347 5388 375 5441 et
389 5381 545 5443 damnatio
561 5381 625 5459 ipsa
641 5378 671 5440 in
688 5378 748 5441 dne
764 5379 885 5451 coircllii
908 5382 962 5441 ite·
1008 5400 1079 5445 mea
1097 5383 1155 5447 boc
1169 5382 1352 5462 objecerant
1366 5380 1406 5443 de
1422 5379 1587 5441 iactatione
1604 5378 1692 5455 panis
1708 5378 1741 5439 in
1755 5390 1870 5451 corpus

3 5510 7 5523 .
100 5482 167 5525 rum
184 5464 370 5539 approbatur
382 5480 398 5523 a
412 5462 538 5525 liar-tino
553 5464 585 5525 tl,
600 5479 720 5537 ternuc
734 5462 868 5541 legitimo
880 5478 962 5525 som·
1010 5464 1132 5538 Cbrisli,
1148 5483 1240 5542 onam
1253 5464 1292 5530 ab
1308 5462 1446 5527 Ecclesia
1460 5462 1554 5523 latlua
1569 5460 1688 5534 doceri,
1704 5458 1868 5537 uldopma

3 5596 6 5605 .
101 5564 151 5607 raa
169 5544 329 5625 pontilice.
1009 5547 1093 5621 lidal,
1109 5547 1251 5627 ignorare
1267 5563 1327 5609 aron
1343 5549 1495 5624 poterant.
1509 5584 1526 5600 ..

3 5678 6 5689 ,
143 5631 270 5691 Sextum
286 5626 422 5706 dunione
437 5628 602 5691 concilium
618 5632 665 5690 esl
690 5626 887 5689 llorentiaum
910 5642 969 5703 pe·¹
1053 5630 1156 5705 Serto,
1172 5631 1308 5709 denique
1323 5634 1404 5708 patet
1419 5645 1456 5690 ex
1470 5642 1600 5691 censura
1622 5623 1815 5692 orientalium
1831 5622 1871 5685 ad

3 5748 5 5781 1
101 5712 220 5787 norale,
237 5713 269 5777 in
297 5710 390 5791 cujus
411 5712 555 5778 sessione
580 5710 685 5787 ultima
710 5711 862 5775 celebrata
882 5726 966 5773 anno
1011 5712 1222 5795 ιιιιςιιειιιιιιιιιιΙ
1232 5713 1474 5788 contessionem:
1490 5709 1591 5774 diuina
1607 5709 1690 5771 enim
1707 5705 1870 5788 provideo·
