4084 6275
897 383 1002 450 tttbtott
1751 380 1806 440 865

79 521 171 582 vani
186 516 300 598 6446646
314 514 579 597 4664666666666
592 504 794 582 substantiam
809 521 926 600 operis,
973 517 1138 586 66466466
1154 514 1298 580 66666646
1313 515 1351 576 66
1367 516 1449 595 6666
1467 530 1566 594 penus
1578 516 1841 580 caeremoniarum
1867 568 1870 575 .

77 609 122 664 64
140 604 364 684 466466466646
376 599 470 661 botta:
494 599 549 662 sed
576 617 637 662 666
668 602 821 666 664446446
848 604 927 668 44466
1016 605 1176 662 464666464
1193 599 1264 661 459.
1281 597 1357 659 Vide
1373 599 1464 662 etiarn
1482 599 1552 660 440.
1570 598 1641 660 444.

78 691 244 746 aeternae
258 682 331 746 659.
973 684 1015 746 lie
1032 681 1261 758 ocreis,quihus
1276 679 1307 741 in
1320 681 1413 742 missa
1430 682 1467 744 ad
1483 681 1674 758 euangelium
1692 687 1720 743 et
1733 683 1770 744 ad
1787 681 1840 747 ob·

31 764 293 837 lutechumeni,
310 765 362 843 qui
380 763 541 842 negligunt
554 761 592 826 ad
624 763 809 844 baptismum
839 782 926 830 acco·
1020 763 1167 826 tationem
1196 761 1336 840 corporis
1351 763 1485 841 666464,
1502 763 1618 826 644664
1633 756 1705 824 555.
1722 763 1795 826 554.

80 850 188 914 dere,
204 845 402 927 quantumuis
417 845 750 924 proliciunt,nunouam
768 855 927 912 66644646
973 846 1016 906 tie
1038 844 1138 906 cereis
1153 843 1275 906 4664664
1290 843 1381 906 64466
1408 844 1621 908 dissensiones
1646 845 1677 906 in
1705 845 1844 908 Ecclesia

78 930 340 1007 justificati,oum
354 931 455 990 66646
472 943 517 1002 re,
535 943 594 990 nec
606 927 636 990 in
653 934 721 990 roto
737 929 926 1008 Baptismum
1013 927 1083 988 442.
1102 925 1174 986 445.

83 1013 246 1084 44666664,
265 1025 403 1073 6664646
417 1010 564 1072 6664446444
578 1009 709 1090 6664664
724 1009 796 1074 659.
973 1007 1129 1072 Cortitudo
1145 1001 1315 1070 infallibilis
1331 1007 1370 1070 de
1386 1025 1440 1070 sou
1456 1010 1567 1087 salute,
1586 1007 1633 1071 rel
1649 1009 1842 1088 justiilcatio·

31 1091 280 1156 Cutechumeni
293 1091 393 1154 644466
408 1091 554 1154 charitate
565 1091 809 1172 tlugrantesmoo
823 1098 928 1158 carent
1015 1105 1066 1164 ne,
1084 1105 1146 1152 non
1164 1089 1309 1151 conrenit
1325 1089 1398 1153 huic
1412 1094 1501 1155 statui
1518 1092 1571 1156 80.
1587 1091 1661 1155 595.

84 1175 287 1237 remissione
304 1178 498 1252 peccatorum
515 1170 587 1236 660.
603 1169 676 1235 664.
973 1171 1131 1236 664444666
1147 1171 1275 1233 6646446
1289 1175 1419 1243 tautum,
1438 1175 1633 1236 remissionis
1644 1180 1844 1249 precatorum

31 1254 280 1318 Catochumeui
297 1256 327 1316 in
345 1255 471 1316 articulo
484 1254 590 1316 mortis
604 1271 660 1334 per
683 1271 782 1319 4646444
814 1257 926 1320 coutri-
1014 1255 1045 1314 46
1064 1251 1155 1314 66646
1170 1269 1208 1314 ex
1224 1256 1429 1315 sacramentis
1444 1257 1579 1332 64664464
1593 1255 1744 1318 58544466
1758 1274 1844 1336 6466-

90 1341 231 1409 446666,
248 1354 318 1400 666
331 1336 487 1398 desiderio
500 1335 645 1416 Baptismi
659 1339 864 1418 suscipiendi,
877 1341 925 1414 iu·
1014 1337 1118 1397 sertim
1135 1333 1379 1398 messenum
1396 1337 1468 1400 594.
1491 1337 1564 1401 660.
1581 1346 1613 1401 64
1634 1338 1710 1401 46446
1726 1356 1757 1402 4.
1772 1340 1846 1403 Pec-

86 1419 227 1482 stitlcari
257 1424 287 1481 64
298 1417 408 1482 6614644
424 1426 566 1496 possunt,
583 1419 682 1482 64666
705 1421 850 1492 babeant,
874 1421 928 1500 664
1018 1421 1154 1478 6646466
1171 1417 1327 1479 remissio.

87 1517 154 1564 eos
172 1500 326 1576 baptizent
340 1500 413 1562 654.
430 1499 461 1562 Si
491 1516 564 1564 4646
589 1507 788 1564 6664666664
813 1505 929 1582 Baptis-
973 1497 1016 1560 446
1039 1498 1217 1562 6664664646
1233 1499 1307 1577 6646
1333 1499 1468 1562 sentiant
1497 1500 1642 1565 haeretici
1667 1501 1749 1565 ibid.
1770 1502 1845 1568 262.

89 1584 371 1662 mumsuscipere,
397 1583 590 1658 damnantur,
624 1583 743 1646 etiamsi
772 1583 927 1663 potuerint
1015 1579 1088 1641 265.

88 1671 171 1725 6646
187 1671 399 1741 contemptum
416 1665 532 1728 666646
550 1664 764 1728 46646646666
787 1673 928 1746 peccato·
974 1661 1103 1739 Signum
1127 1660 1250 1739 aliquod
1272 1663 1433 1742 spirituale
1454 1665 1576 1729 animae
1594 1665 1790 1743 imprimitur,
1814 1668 1846 1728 in·

89 1761 167 1808 rum
185 1746 258 1808 660.
273 1746 346 1808 664.
1016 1743 1199 1822 quibusdam
1215 1749 1428 1826 sacramentis,
1441 1750 1523 1827 quod
1538 1749 1697 1812 character
1710 1749 1846 1828 appelta-

34 1823 279 1890 Cutcchumeni
295 1829 385 1907 signo
402 1829 504 1891 crucis
519 1829 681 1908 signantur
696 1829 772 1893 544.
1017 1833 1065 1886 tur
1081 1827 1153 1887 424.

35 1909 278 2052 catechumeni
296 1910 375 2053 {gne
403 1911 593 2054 6664664646,
625 1911 779 1978 interdum
813 1913 928 1992 optimo
974 1906 1140 2052 6616661646
1169 1924 1230 1971 666
1260 1909 1349 1972 66464
1376 1911 1415 1974 66
1443 1912 1633 2022 operandum
1663 1910 1847 1990 simpliciter

116 2008 152 2053 ro
168 1997 281 2054 utentur
338 2008 386 2055 ern
446 1995 476 2054 4.
1080 2033 1088 2050 .
1695 1997 1703 2008 ’

38 2009 278 2135 CaPechumeni
295 2074 478 2138 arcebantur
506 2075 537 2137 in
565 2075 699 2155 liturgiis
728 2071 928 2154 Graecorum,
976 2063 1139 2136 0144446444
1154 2090 1216 2136 110ss
1245 2079 1294 2138 08¹
1318 2075 1438 2149 relatio,
1468 2077 1525 2140 sed
1558 2076 1698 2140 tb⁵⁰¹t¹¹i
1715 2075 1847 2154 tillimis

32 2179 33 2182 ¹
92 2157 234 2231 postilla
249 2155 340 2218 46466
357 2156 490 2221 diaconi.
508 2159 619 2221 Sancta
634 2161 751 2222 sanetis
766 2160 839 2224 455.
1019 2153 1090 2215 421·
1567 2217 1574 2233 ,

31 2234 358 2328 Ι6646644666664646
373 2237 479 2315 64666,
496 2256 575 2318 6666
587 2247 654 2304 6464
663 2241 736 2304 442.
755 2242 827 2306 555.
855 2241 929 2305 534.
975 2227 1139 2300 character
1154 2241 1207 2300 tria
1223 2238 1318 2301 habet
1338 2239 1451 2312 664646,
1471 2247 1575 2319 aptum
1598 2241 1699 2302 466646
1720 2240 1757 2300 ad
1781 2239 1847 2302 otd-

31 2335 33 2394 j
92 2319 172 2379 554.
1016 2324 1079 2381 tum
1095 2319 1244 2392 ditinum,
1261 2320 1454 2401 configurare
1466 2322 1607 2397 Christo,
1625 2328 1655 2384 et
1677 2321 1849 2400 6464466446-

31 2397 358 2464 ³Cuteclrumenorum
376 2402 437 2464 duo
453 2419 565 2480 666644
582 2405 770 2481 666446466,
787 2421 844 2470 666
874 2421 926 2469 66·
1015 2417 1049 2462 te
1067 2399 1106 2464 sb
1121 2403 1190 2464 tiliis
1208 2404 1278 2465 424.

31 2557 32 2562 ¹
90 2483 253 2624 garruli&
281 2490 311 2546 64
326 2487 580 2565 666664664466,
598 2503 654 2550 666
671 2489 840 2552 electorum
857 2487 930 2552 250.
976 2475 1140 2628 6664664164
1155 2485 1388 2628 666414464664666
1402 2486 1617 2550 466646664466
1629 2490 1676 2550 664
1690 2490 1846 2565 tamquam

31 2573 32 2592 ³
121 2609 174 2625 ..
258 2608 265 2625 .
1018 2564 1205 2639 insujccto
1261 2581 1292 2630 ·..

47 2641 370 2720 catechumenorum,
385 2652 415 2708 64
429 2647 565 2712 6664466
582 2650 741 2713 6464466446
759 2651 831 2714 444.
977 2641 1141 2710 character
1156 2648 1336 2712 indelebilis
1351 2659 1399 2714 est
1411 2651 1494 2714 ibid.

31 2721 297 2790 ‘Cutuchurnunis
314 2729 545 2804 tiucharistium,
564 2749 772 2798 neesumoro.
803 2749 861 2795 nec
886 2732 928 2793 vi·
976 2726 1190 2792 6446466464646
1216 2731 1395 2810 466446664
1423 2734 1480 2794 4446
1507 2733 1609 2796 66166
1638 2735 1841 2806 6664666646,

31 2805 33 2884 ἶ
97 2812 175 2871 6646
190 2810 303 2872 4466664
316 2819 387 2873 44646
399 2812 585 2888 5664464666
598 2815 669 2878 554.
684 2816 756 2878 549.
769 2815 842 2878 454.
859 2819 933 2892 6664
1017 2811 1202 2889 Baptismus,
1219 2813 1414 2876 Confirmatio
1429 2821 1460 2878 64
1474 2815 1557 2879 0466
1574 2813 1645 2877 422.

31 2921 32 2976 3
98 2892 290 2969 6664466646
307 2894 495 2956 4646646446
512 2896 752 2960 admittebantur
779 2898 816 2958 ad
847 2912 929 2957 oom-
977 2889 1190 2955 66646646466
1207 2895 1237 2955 444
1253 2897 1366 2971 66466,
1382 2913 1442 2960 666
1457 2896 1664 2968 circumcisio,
1678 2896 1847 2959 66664466

95 2975 279 3037 4446646666
298 2975 369 3036 454.
384 2976 455 3038 456.
471 2977 541 3039 454.
557 2977 630 3041 445.
652 2979 726 3043 etr.
752 2978 825 3042 246.
855 2978 929 3040 225.
1016 2982 1241 3038 66646666466
1258 2979 1370 3039 4646446
1387 2978 1466 3058 legis
1483 2977 1681 3057 imprimebat
1693 2977 1764 3040 422.

101 3056 177 3116 549.
194 3057 266 3118 520.
282 3056 354 3118 456.
371 3057 444 3120 454.
976 3055 1084 3118 664466
1102 3058 1133 3118 46
1151 3055 1272 3122 Christo
1287 3061 1448 3124 character
1462 3061 1519 3124 tuit
1533 3066 1656 3124 creatus
1669 3059 1751 3122 ibid.

31 3138 32 3153 ³
56 3138 117 3199 llio
135 3140 224 3216 panis
240 3140 459 3215 sanctificatus,
477 3140 528 3220 6444
545 3133 674 3207 dabatur
701 3141 933 3207 catechumenis
977 3138 1125 3203 Probatur
1139 3142 1299 3204 character
1315 3144 1388 3204 422.

104 3221 175 3282 4666
191 3220 412 3299 Eucharistiae,
429 3231 555 3286 vocatur
570 3226 608 3286 ab
630 3226 802 3303 Augustino
830 3241 932 3287 sacra·
978 3218 1142 3284 character
1156 3230 1204 3285 est
1218 3229 1354 3301 potestas
1368 3224 1520 3302 quaedam
1536 3222 1717 3301 spiritualis,
1741 3228 1772 3285 et
1793 3235 1844 3284 su·

101 3310 243 3365 46664646
260 3304 341 3365 46646
359 3311 458 3365 464666
475 3306 634 3370 admonuit
648 3324 719 3370 eum
736 3322 846 3387 66666
870 3322 932 3368 666
1019 3304 1223 3381 664664646446
1238 3308 1345 3384 6644446
1361 3307 1469 3380 664446,
1487 3307 1595 3385 664446
1612 3305 1745 3384 6666446,
1767 3320 1848 3382 6666

105 3384 202 3446 tuisse
220 3402 333 3463 corpus
350 3384 459 3448 Christi
475 3386 546 3449 480.
1020 3382 1155 3463 6646444444
1172 3402 1233 3447 666
1250 3388 1369 3449 4466464
1384 3387 1523 3467 physica,
1541 3387 1597 3450 sed
1627 3384 1754 3449 moralis
1777 3385 1849 3447 424.

60 3464 300 3529 6646644666646
329 3474 359 3528 64
374 3469 700 3547 6666446644666,6666
715 3476 745 3531 64
760 3473 933 3549 64666666·
978 3463 1143 3529 character
1154 3467 1266 3529 dicitur
1282 3475 1523 3543 sacramentum,
1541 3474 1572 3531 64
1586 3484 1637 3531 466
1666 3467 1851 3529 sacramenti

104 3549 245 3611 6666466
262 3550 406 3612 charitate
424 3568 484 3612 non
502 3559 631 3628 prosunt
655 3553 692 3615 ad
718 3553 807 3614 44466
835 3557 932 3614 66464-
1023 3540 1093 3610 422.
1114 3548 1184 3609 426.
1202 3550 1356 3629 significat
1369 3551 1510 3623 464666,
1525 3566 1581 3613 666
1597 3549 1726 3627 douram
1744 3549 1816 3610 424.

104 3632 332 3695 666466664646
348 3638 448 3694 46666
466 3634 598 3713 6446666
616 3635 775 3699 utilitatem
793 3635 935 3697 adierunt
979 3626 1144 3693 Charaoter
1156 3647 1218 3693 666
1235 3632 1330 3693 habet
1343 3634 1506 3707 contraria,
1524 3639 1555 3695 et
1577 3638 1625 3695 est
1651 3631 1681 3691 in
1708 3630 1852 3707 subjecto
1874 3680 1879 3688 .

106 3711 176 3773 424.
1026 3712 1254 3791 incorruptibili
1272 3714 1344 3775 422.
1358 3723 1406 3776 664
1420 3714 1571 3793 quaedam
1593 3711 1786 3792 participatio
1807 3729 1855 3773 so-

65 3792 283 3857 Caeromoniae
297 3812 375 3874 6666
391 3794 468 3858 6664
482 3795 714 3862 catechumenis
731 3805 802 3861 unte
819 3798 935 3877 tlaptis·
1020 3795 1149 3858 cerdotii
1166 3794 1277 3858 Christi
1295 3795 1366 3859 422.
1383 3803 1430 3858 664
1445 3794 1574 3859 6666466
1600 3792 1806 3857 secundarius
1821 3809 1853 3854 6·

107 3892 200 3952 666,
218 3877 248 3939 46
266 3877 433 3956 baptismo,
452 3884 482 3941 et
498 3887 567 3957 post
582 3882 781 3961 baptismum.
796 3882 870 3943 tilde
882 3896 934 3943 su·
1021 3876 1176 3956 liquorum
1190 3884 1455 3943 sacramentorum
1470 3878 1542 3939 422.

110 3974 160 4034 646
176 3960 207 4020 46
222 3970 249 4020 r.
267 3960 454 4039 Baptismus,
471 3962 523 4023 ubi
539 3963 578 4026 66
594 3962 810 4025 66646666446.
981 3958 1146 4023 character
1159 3976 1222 4021 non
1238 3966 1340 4037 potest
1355 3960 1463 4037 446644,
1479 3966 1510 4021 64
1525 3957 1671 4037 cognosci
1695 3957 1726 4018 in
1742 3957 1849 4033 se,sed

34 4064 35 4091 4
68 4038 125 4099 646
142 4040 371 4104 664666666646
383 4042 566 4106 6664466466
583 4046 697 4109 missae
710 4044 812 4109 666444
835 4047 936 4125 polest
1022 4044 1052 4104 in
1066 4059 1121 4104 sua
1137 4059 1245 4105 caussa
1260 4043 1331 4108 425.

111 4120 179 4184 553.
196 4122 268 4185 554.
985 4124 1148 4190 character
1164 4125 1277 4188 dicitur
1291 4125 1435 4205 66644466,
1451 4120 1672 4200 6666664666
1693 4119 1772 4181 6664
1792 4120 1854 4196 6644

72 4202 168 4264 646446
197 4210 227 4265 64
242 4206 386 4282 charitas,
403 4224 482 4285 6666
505 4208 659 4273 4646466444
683 4208 713 4273 46
740 4210 935 4274 6646666646·
1023 4208 1060 4269 66
1076 4205 1175 4268 6444646
1192 4208 1383 4284 6664666646
1401 4210 1662 4271 6664666646466
1678 4202 1790 4275 66666,
1808 4201 1857 4262 464

112 4285 158 4346 646
173 4287 335 4364 466644464,
353 4306 388 4350 ox
404 4297 473 4352 4646
489 4290 635 4368 56644664
654 4292 793 4370 64666644
809 4292 880 4355 tte.
1022 4288 1200 4366 4664646666
1214 4287 1285 4351 425.
1850 4364 1857 4376 ,

72 4366 214 4431 Catholici
231 4369 461 4450 distinguuntur
476 4373 513 4434 ah
529 4374 707 4451 haereticis,
732 4374 937 4437 caeremoniis
982 4369 1148 4435 Charaoter
1163 4387 1234 4433 esse
1250 4370 1379 4435 6666466
1395 4370 1507 4450 6446646
1532 4365 1780 4437 6664666646446,
1803 4381 1859 4444 664

35 4468 36 4475 “
115 4450 180 4512 444.
1024 4469 1087 4515 666
1102 4458 1149 4514 664
1163 4454 1272 4532 gratia,
1289 4471 1348 4517 nec
1363 4454 1430 4533 ipsa
1457 4453 1536 4515 actio
1562 4450 1716 4518 exterior,
1734 4449 1789 4511 sed
1805 4446 1859 4507 aii·

72 4530 258 4594 hbstinentia
274 4550 289 4595 6
307 4532 452 4598 66464666
468 4534 539 4599 46446
556 4532 639 4601 6664
651 4539 799 4617 6644666
813 4538 935 4618 signum
1025 4534 1098 4614 6646
1117 4534 1200 4598 aliud
1219 4552 1406 4614 permaneus
1422 4536 1452 4597 iu
1469 4536 1569 4597 anima
1586 4532 1636 4595 45.
1652 4530 1775 4593 42566
1787 4528 1860 4590 425.

118 4613 310 4691 distinguens
326 4617 496 4679 catholicos
511 4620 549 4681 ab
564 4619 731 4683 haereticis
748 4620 825 4682 444.
984 4615 1148 4681 6446466464
1163 4623 1295 4680 6644646
1312 4635 1421 4681 caussa
1437 4616 1645 4687 discriminis,
1673 4630 1730 4676 cur
1753 4612 1857 4691 644666

76 4696 202 4757 6666666
217 4696 403 4760 intrinsecae
419 4710 681 4765 sacramentorum
705 4702 849 4765 4444644664
870 4716 934 4773 466,
1024 4710 1214 4762 6664666646
1229 4705 1420 4778 4666466464,
1438 4700 1542 4777 644666
1559 4711 1708 4759 4646666
1727 4694 1797 4757 426.

117 4783 147 4837 ut
161 4777 283 4840 6646446
310 4785 342 4842 64
355 4782 459 4857 rerba,
478 4784 629 4860 6446466,
648 4782 937 4865 ampliusque
984 4779 1149 4844 Charaoter
1164 4798 1226 4843 noo
1242 4789 1291 4844 est
1312 4782 1439 4862 physica
1467 4781 1567 4856 644666
1594 4778 1753 4857 66466446,
1778 4788 1858 4851 6666

117 4859 158 4920 od
170 4859 220 4921 62.
1025 4863 1158 4940 physice
1174 4864 1288 4939 aliquid
1305 4870 1462 4943 operetur,
1476 4863 1531 4925 sed
1549 4860 1672 4938 signum
1689 4857 1783 4919 diuini
1806 4874 1858 4919 cu·

79 4940 202 5003 Caussae
218 4941 408 5007 extrinsecae
425 4952 700 5023 sacramentorum,
717 4946 937 5011 6466646662.
1024 4945 1147 5017 jusdam
1164 4946 1419 5023 6464466614666
1438 4943 1593 5008 concurrit
1604 4943 1642 5004 66
1655 4940 1799 5003 6666466
1811 4956 1859 5000 sa·

117 5028 142 5083 ct
156 5039 219 5103 666.
236 5024 381 5089 64664666
396 5028 446 5091 64.
464 5030 515 5092 65.
533 5036 563 5093 64
579 5030 788 5093 ministerialis
801 5029 854 5091 66.
1025 5027 1244 5090 crumentatem
1258 5027 1492 5106 producendum
1506 5025 1537 5087 in
1554 5024 1660 5103 eo,qui
1677 5022 1772 5086 babet
1786 5022 1858 5083 cba-

80 5104 181 5168 Caussa
199 5106 369 5171 infallibilis
385 5117 432 5172 est
447 5120 669 5175 sacramentum
686 5112 737 5174 68.
755 5112 830 5183 Vide
844 5128 873 5174 4.
887 5110 939 5175 Sa·
1026 5114 1175 5170 46646466]
1188 5108 1260 5169 232.

38 5232 39 5239 .
118 5196 313 5263 crumentum,
330 5192 381 5253 uhi
399 5193 437 5255 de
454 5194 629 5257 efficientia.
985 5188 1150 5253 Charaoter
1165 5190 1365 5270 episcopalis,
1382 5192 1447 5255 sire
1463 5191 1504 5253 sit
1518 5190 1625 5252 644666
1639 5184 1855 5267 presbyterali,

84 5270 184 5330 Caussa
202 5272 327 5333 moralis
343 5281 372 5334 64
389 5279 495 5338 666664
512 5278 639 5357 physica
667 5276 783 5355 gratiae
805 5290 884 5357 6666
900 5274 940 5336 644
1027 5272 1189 5334 64464666
1207 5275 1363 5334 extensior
1379 5279 1410 5335 64
1425 5282 1531 5354 major,
1548 5276 1595 5335 est
1617 5274 1753 5350 potestas
1769 5267 1858 5329 abso·

38 5376 39 5415 4
119 5350 165 5411 85.
180 5352 225 5413 od
239 5351 277 5414 84
284 5401 292 5416 .
311 5355 383 5418 ttidn
402 5360 582 5432 praesertim
600 5359 670 5421 406,
685 5364 713 5421 et
727 5376 795 5439 seq.
1026 5354 1089 5415 luta
1119 5361 1150 5415 et
1165 5355 1310 5432 perlecta,
1324 5362 1355 5417 et
1370 5355 1598 5434 independens,
1611 5350 1792 5415 conterendi
1808 5366 1858 5412 66·

38 5472 40 5495 .
86 5432 185 5493 Caussa
202 5440 249 5495 664
265 5436 347 5511 64464
362 5438 520 5513 ellectum
536 5440 665 5517 proinde
680 5441 718 5503 66
734 5456 771 5503 66
788 5454 849 5501 666
866 5456 941 5518 666·
1028 5442 1182 5499 64666646
1195 5436 1453 5509 6666466446646,
1469 5443 1500 5501 64
1515 5435 1639 5498 0464646
1653 5434 1727 5495 252.

39 5546 40 5575 ;
122 5513 252 5579 664560.
270 5517 341 5581 564.
989 5516 1152 5581 666466464
1168 5518 1387 5597 presbyteralis
1403 5526 1451 5583 est
1472 5519 1597 5596 quidem
1615 5521 1752 5595 potestas
1766 5514 1858 5576 abso·

89 5596 189 5658 Cereus
202 5613 355 5664 66666666
370 5602 458 5666 66464
472 5602 625 5683 666444446
642 5606 671 5666 46
689 5604 811 5684 signum
823 5602 941 5679 ildoi,et
1030 5599 1103 5673 luta,
1120 5600 1255 5677 66446646
1271 5607 1301 5664 64
1322 5601 1552 5680 independens,
1567 5598 1668 5679 quoad
1682 5610 1859 5659 sscramen·

123 5678 228 5759 6464466
245 5690 390 5763 66666466
407 5685 478 5748 404.
1031 5684 1094 5742 466
1107 5681 1254 5762 66644664
1271 5691 1301 5747 64
1313 5682 1584 5760 4466664466664664
1596 5684 1697 5745 66466
1711 5682 1860 5760 66466446,
