<?xml version="1.0" encoding="UTF-8"?>
<!DOCTYPE html PUBLIC "-//W3C//DTD XHTML 1.0 Transitional//EN"
    "http://www.w3.org/TR/xhtml1/DTD/xhtml1-transitional.dtd">
<html xmlns="http://www.w3.org/1999/xhtml" xml:lang="en" lang="en">
 <head>
  <title>
</title>
<meta http-equiv="Content-Type" content="text/html;charset=utf-8" />
  <meta name='ocr-system' content='tesseract 3.04.00' />
  <meta name='ocr-capabilities' content='ocr_page ocr_carea ocr_par ocr_line ocrx_word'/>
</head>
<body>
  <div class='ocr_page' id='page_1' title='image "./operaomnia03unkngoog/operaomnia03unkngoog_0756.png"; bbox 0 0 4084 6275; ppageno 0'>
   <div class='ocr_carea' id='block_1_1' title="bbox 291 301 1234 366">
    <p class='ocr_par' dir='ltr' id='par_1_1' title="bbox 291 301 1234 366">
     <span class='ocr_line' id='line_1_1' title="bbox 291 301 1234 366; baseline -0.002 -3"><span class='ocrx_word' id='word_1_1' title='bbox 291 309 343 366; x_wconf 72' lang='lat' dir='ltr'><strong>tte</strong></span> <span class='ocrx_word' id='word_1_2' title='bbox 951 304 992 358; x_wconf 76' lang='lat' dir='ltr'><strong>be</strong></span> <span class='ocrx_word' id='word_1_3' title='bbox 1011 301 1234 361; x_wconf 78' lang='lat' dir='ltr'><strong>eoltottbrttll</strong></span> 
     </span>
    </p>
   </div>
   <div class='ocr_carea' id='block_1_2' title="bbox 201 435 1992 4569">
    <p class='ocr_par' dir='ltr' id='par_1_2' title="bbox 201 435 1992 4569">
     <span class='ocr_line' id='line_1_2' title="bbox 222 435 1991 519; baseline -0.003 -13"><span class='ocrx_word' id='word_1_4' title='bbox 222 444 260 506; x_wconf 79' lang='lat' dir='ltr'><strong>Al</strong></span> <span class='ocrx_word' id='word_1_5' title='bbox 274 461 342 507; x_wconf 93' lang='lat' dir='ltr'><strong>cum</strong></span> <span class='ocrx_word' id='word_1_6' title='bbox 358 441 509 506; x_wconf 87' lang='lat' dir='ltr'><strong>socribcio</strong></span> <span class='ocrx_word' id='word_1_7' title='bbox 523 439 714 503; x_wconf 88' lang='lat' dir='ltr'><strong>mortissuae</strong></span> <span class='ocrx_word' id='word_1_8' title='bbox 726 437 865 501; x_wconf 77' lang='lat' dir='ltr'><strong>cbristus</strong></span> <span class='ocrx_word' id='word_1_9' title='bbox 877 435 966 499; x_wconf 91' lang='lat' dir='ltr'><strong>nobis</strong></span> <span class='ocrx_word' id='word_1_10' title='bbox 981 436 1078 499; x_wconf 85' lang='lat' dir='ltr'><strong>ileum</strong></span> <span class='ocrx_word' id='word_1_11' title='bbox 1124 436 1186 497; x_wconf 89' lang='lat' dir='ltr'><strong>lioti</strong></span> <span class='ocrx_word' id='word_1_12' title='bbox 1203 436 1304 503; x_wconf 86' lang='lat' dir='ltr'><strong>ollerri</strong></span> <span class='ocrx_word' id='word_1_13' title='bbox 1321 439 1471 503; x_wconf 79' lang='lat' dir='ltr'><strong>sacrificia</strong></span> <span class='ocrx_word' id='word_1_14' title='bbox 1501 438 1624 519; x_wconf 79' lang='lat' dir='ltr'><strong>maioris</strong></span> <span class='ocrx_word' id='word_1_15' title='bbox 1645 442 1691 503; x_wconf 87' lang='lat' dir='ltr'><strong>rel</strong></span> <span class='ocrx_word' id='word_1_16' title='bbox 1721 440 1853 505; x_wconf 88' lang='lat' dir='ltr'><strong>minoris</strong></span> <span class='ocrx_word' id='word_1_17' title='bbox 1882 439 1991 519; x_wconf 80' lang='lat' dir='ltr'><strong>pretii.</strong></span> 
     </span>
     <span class='ocr_line' id='line_1_3' title="bbox 222 518 1992 601; baseline -0.004 -13"><span class='ocrx_word' id='word_1_18' title='bbox 222 526 474 597; x_wconf 79' lang='lat' dir='ltr'><strong>reconciliaverit,</strong></span> <span class='ocrx_word' id='word_1_19' title='bbox 490 530 521 586; x_wconf 92' lang='lat' dir='ltr'><strong>ct</strong></span> <span class='ocrx_word' id='word_1_20' title='bbox 535 540 572 585; x_wconf 87' lang='lat' dir='ltr'><strong>ex</strong></span> <span class='ocrx_word' id='word_1_21' title='bbox 588 524 661 583; x_wconf 90' lang='lat' dir='ltr'><strong>irato</strong></span> <span class='ocrx_word' id='word_1_22' title='bbox 674 521 779 600; x_wconf 80' lang='lat' dir='ltr'><strong>iudice</strong></span> <span class='ocrx_word' id='word_1_23' title='bbox 795 525 910 599; x_wconf 89' lang='lat' dir='ltr'><strong>patrem</strong></span> <span class='ocrx_word' id='word_1_24' title='bbox 936 520 1079 580; x_wconf 87' lang='lat' dir='ltr'><strong>amantis·</strong></span> <span class='ocrx_word' id='word_1_25' title='bbox 1123 518 1248 593; x_wconf 78' lang='lat' dir='ltr'><strong>Levitis,</strong></span> <span class='ocrx_word' id='word_1_26' title='bbox 1265 521 1295 585; x_wconf 87' lang='lat' dir='ltr'><strong>ii.</strong></span> <span class='ocrx_word' id='word_1_27' title='bbox 1312 525 1392 599; x_wconf 92' lang='lat' dir='ltr'><strong>quod</strong></span> <span class='ocrx_word' id='word_1_28' title='bbox 1409 529 1456 583; x_wconf 89' lang='lat' dir='ltr'><strong>est</strong></span> <span class='ocrx_word' id='word_1_29' title='bbox 1471 530 1681 601; x_wconf 79' lang='lat' dir='ltr'><strong>argumentum</strong></span> <span class='ocrx_word' id='word_1_30' title='bbox 1699 523 1992 593; x_wconf 72' lang='lat' dir='ltr'><strong>menifestumillas</strong></span> 
     </span>
     <span class='ocr_line' id='line_1_4' title="bbox 223 601 1991 686; baseline -0.005 -15"><span class='ocrx_word' id='word_1_31' title='bbox 223 610 333 672; x_wconf 91' lang='lat' dir='ltr'><strong>simum</strong></span> <span class='ocrx_word' id='word_1_32' title='bbox 349 608 466 681; x_wconf 88' lang='lat' dir='ltr'><strong>iecerit;</strong></span> <span class='ocrx_word' id='word_1_33' title='bbox 480 622 550 668; x_wconf 92' lang='lat' dir='ltr'><strong>oum</strong></span> <span class='ocrx_word' id='word_1_34' title='bbox 567 620 622 670; x_wconf 90' lang='lat' dir='ltr'><strong>nos</strong></span> <span class='ocrx_word' id='word_1_35' title='bbox 637 604 675 664; x_wconf 89' lang='lat' dir='ltr'><strong>ab</strong></span> <span class='ocrx_word' id='word_1_36' title='bbox 691 608 816 664; x_wconf 87' lang='lat' dir='ltr'><strong>ueteruo</strong></span> <span class='ocrx_word' id='word_1_37' title='bbox 831 603 952 664; x_wconf 90' lang='lat' dir='ltr'><strong>interitu</strong></span> <span class='ocrx_word' id='word_1_38' title='bbox 969 601 1079 663; x_wconf 88' lang='lat' dir='ltr'><strong>libera·</strong></span> <span class='ocrx_word' id='word_1_39' title='bbox 1124 604 1295 666; x_wconf 88' lang='lat' dir='ltr'><strong>oblationes</strong></span> <span class='ocrx_word' id='word_1_40' title='bbox 1311 608 1472 684; x_wconf 89' lang='lat' dir='ltr'><strong>imperatas</strong></span> <span class='ocrx_word' id='word_1_41' title='bbox 1487 605 1583 668; x_wconf 88' lang='lat' dir='ltr'><strong>iuissc</strong></span> <span class='ocrx_word' id='word_1_42' title='bbox 1605 607 1636 669; x_wconf 94' lang='lat' dir='ltr'><strong>in</strong></span> <span class='ocrx_word' id='word_1_43' title='bbox 1653 610 1945 686; x_wconf 88' lang='lat' dir='ltr'><strong>compensationem</strong></span> <span class='ocrx_word' id='word_1_44' title='bbox 1963 622 1991 663; x_wconf 87' lang='lat' dir='ltr'><strong>a·</strong></span> 
     </span>
     <span class='ocr_line' id='line_1_5' title="bbox 222 684 1585 765; baseline -0.002 -13"><span class='ocrx_word' id='word_1_45' title='bbox 222 694 299 754; x_wconf 81' lang='lat' dir='ltr'><strong>serit</strong></span> <span class='ocrx_word' id='word_1_46' title='bbox 326 698 357 753; x_wconf 88' lang='lat' dir='ltr'><strong>et</strong></span> <span class='ocrx_word' id='word_1_47' title='bbox 371 691 459 752; x_wconf 83' lang='lat' dir='ltr'><strong>vitam</strong></span> <span class='ocrx_word' id='word_1_48' title='bbox 482 690 698 765; x_wconf 90' lang='lat' dir='ltr'><strong>sempiternam</strong></span> <span class='ocrx_word' id='word_1_49' title='bbox 720 686 908 765; x_wconf 83' lang='lat' dir='ltr'><strong>requisierit,</strong></span> <span class='ocrx_word' id='word_1_50' title='bbox 935 700 1004 746; x_wconf 90' lang='lat' dir='ltr'><strong>cum</strong></span> <span class='ocrx_word' id='word_1_51' title='bbox 1027 686 1080 743; x_wconf 87' lang='lat' dir='ltr'><strong>de·</strong></span> <span class='ocrx_word' id='word_1_52' title='bbox 1123 684 1237 764; x_wconf 86' lang='lat' dir='ltr'><strong>liquam</strong></span> <span class='ocrx_word' id='word_1_53' title='bbox 1254 688 1385 765; x_wconf 84' lang='lat' dir='ltr'><strong>iujuriae</strong></span> <span class='ocrx_word' id='word_1_54' title='bbox 1400 688 1463 749; x_wconf 86' lang='lat' dir='ltr'><strong>lico</strong></span> <span class='ocrx_word' id='word_1_55' title='bbox 1478 687 1585 750; x_wconf 87' lang='grc' dir='ltr'>ιιιιιι.</span> 
     </span>
     <span class='ocr_line' id='line_1_6' title="bbox 222 766 1990 853; baseline -0.005 -18"><span class='ocrx_word' id='word_1_56' title='bbox 222 776 315 853; x_wconf 91' lang='lat' dir='ltr'><strong>nique</strong></span> <span class='ocrx_word' id='word_1_57' title='bbox 330 776 454 853; x_wconf 81' lang='lat' dir='ltr'><strong>gratiam</strong></span> <span class='ocrx_word' id='word_1_58' title='bbox 483 774 666 833; x_wconf 88' lang='lat' dir='ltr'><strong>ctrirtutem</strong></span> <span class='ocrx_word' id='word_1_59' title='bbox 680 768 770 830; x_wconf 92' lang='lat' dir='ltr'><strong>nobis</strong></span> <span class='ocrx_word' id='word_1_60' title='bbox 791 769 920 841; x_wconf 89' lang='lat' dir='ltr'><strong>dederit,</strong></span> <span class='ocrx_word' id='word_1_61' title='bbox 941 784 998 845; x_wconf 89' lang='lat' dir='ltr'><strong>qua</strong></span> <span class='ocrx_word' id='word_1_62' title='bbox 1015 766 1080 828; x_wconf 89' lang='lat' dir='ltr'><strong>Deo</strong></span> <span class='ocrx_word' id='word_1_63' title='bbox 1164 768 1206 829; x_wconf 76' lang='lat' dir='ltr'><strong>lix</strong></span> <span class='ocrx_word' id='word_1_64' title='bbox 1223 770 1386 833; x_wconf 89' lang='lat' dir='ltr'><strong>bisantem</strong></span> <span class='ocrx_word' id='word_1_65' title='bbox 1410 770 1558 847; x_wconf 87' lang='lat' dir='ltr'><strong>sequitur,</strong></span> <span class='ocrx_word' id='word_1_66' title='bbox 1591 771 1681 831; x_wconf 90' lang='lat' dir='ltr'><strong>muita</strong></span> <span class='ocrx_word' id='word_1_67' title='bbox 1708 772 1784 834; x_wconf 88' lang='lat' dir='ltr'><strong>laiso</strong></span> <span class='ocrx_word' id='word_1_68' title='bbox 1814 772 1990 835; x_wconf 78' lang='lat' dir='ltr'><strong>affirmasse</strong></span> 
     </span>
     <span class='ocr_line' id='line_1_7' title="bbox 220 849 1991 935; baseline -0.004 -16"><span class='ocrx_word' id='word_1_69' title='bbox 220 874 277 934; x_wconf 91' lang='lat' dir='ltr'><strong>pro</strong></span> <span class='ocrx_word' id='word_1_70' title='bbox 293 855 450 935; x_wconf 89' lang='lat' dir='ltr'><strong>temporali</strong></span> <span class='ocrx_word' id='word_1_71' title='bbox 466 870 563 933; x_wconf 89' lang='lat' dir='ltr'><strong>poena</strong></span> <span class='ocrx_word' id='word_1_72' title='bbox 579 853 755 913; x_wconf 70' lang='lat' dir='ltr'><strong>satisfacere</strong></span> <span class='ocrx_word' id='word_1_73' title='bbox 767 851 825 929; x_wconf 90' lang='lat' dir='ltr'><strong>ipsi</strong></span> <span class='ocrx_word' id='word_1_74' title='bbox 843 866 1016 927; x_wconf 89' lang='lat' dir='ltr'><strong>possemus,</strong></span> <span class='ocrx_word' id='word_1_75' title='bbox 1035 852 1078 909; x_wconf 91' lang='lat' dir='ltr'><strong>iu·</strong></span> <span class='ocrx_word' id='word_1_76' title='bbox 1123 849 1290 925; x_wconf 82' lang='lat' dir='ltr'><strong>Caluinum,</strong></span> <span class='ocrx_word' id='word_1_77' title='bbox 1308 861 1340 915; x_wconf 94' lang='lat' dir='ltr'><strong>ut</strong></span> <span class='ocrx_word' id='word_1_78' title='bbox 1354 855 1484 915; x_wconf 87' lang='lat' dir='ltr'><strong>validum</strong></span> <span class='ocrx_word' id='word_1_79' title='bbox 1498 854 1582 916; x_wconf 90' lang='lat' dir='ltr'><strong>illum</strong></span> <span class='ocrx_word' id='word_1_80' title='bbox 1599 855 1723 915; x_wconf 85' lang='lat' dir='ltr'><strong>arietem</strong></span> <span class='ocrx_word' id='word_1_81' title='bbox 1753 866 1864 917; x_wconf 89' lang='lat' dir='ltr'><strong>eontra</strong></span> <span class='ocrx_word' id='word_1_82' title='bbox 1897 856 1991 916; x_wconf 84' lang='lat' dir='ltr'><strong>Sulis·</strong></span> 
     </span>
     <span class='ocr_line' id='line_1_8' title="bbox 220 931 1989 1016; baseline -0.002 -17"><span class='ocrx_word' id='word_1_83' title='bbox 220 940 412 1016; x_wconf 81' lang='lat' dir='ltr'><strong>gratissimus</strong></span> <span class='ocrx_word' id='word_1_84' title='bbox 427 937 473 999; x_wconf 91' lang='lat' dir='ltr'><strong>sic</strong></span> <span class='ocrx_word' id='word_1_85' title='bbox 488 951 618 998; x_wconf 87' lang='lat' dir='ltr'><strong>neccsse</strong></span> <span class='ocrx_word' id='word_1_86' title='bbox 635 942 692 1011; x_wconf 88' lang='lat' dir='ltr'><strong>est,</strong></span> <span class='ocrx_word' id='word_1_87' title='bbox 710 936 763 1013; x_wconf 93' lang='lat' dir='ltr'><strong>qui</strong></span> <span class='ocrx_word' id='word_1_88' title='bbox 793 934 999 1011; x_wconf 78' lang='lat' dir='ltr'><strong>quaerendam</strong></span> <span class='ocrx_word' id='word_1_89' title='bbox 1027 934 1078 993; x_wconf 92' lang='lat' dir='ltr'><strong>ad·</strong></span> <span class='ocrx_word' id='word_1_90' title='bbox 1122 931 1270 995; x_wconf 76' lang='lat' dir='ltr'><strong>lectiones</strong></span> <span class='ocrx_word' id='word_1_91' title='bbox 1286 942 1448 998; x_wconf 82' lang='lat' dir='ltr'><strong>extrueret.</strong></span> <span class='ocrx_word' id='word_1_92' title='bbox 1465 935 1566 998; x_wconf 83' lang='lat' dir='ltr'><strong>Primo</strong></span> <span class='ocrx_word' id='word_1_93' title='bbox 1581 935 1656 998; x_wconf 86' lang='lat' dir='ltr'><strong>laiso</strong></span> <span class='ocrx_word' id='word_1_94' title='bbox 1668 940 1814 1007; x_wconf 84' lang='lat' dir='ltr'><strong>asseruit.</strong></span> <span class='ocrx_word' id='word_1_95' title='bbox 1841 938 1945 1000; x_wconf 87' lang='lat' dir='ltr'><strong>Deum</strong></span> <span class='ocrx_word' id='word_1_96' title='bbox 1961 938 1989 995; x_wconf 92' lang='lat' dir='ltr'><strong>in</strong></span> 
     </span>
     <span class='ocr_line' id='line_1_9' title="bbox 220 1016 1991 1097; baseline -0.001 -16"><span class='ocrx_word' id='word_1_97' title='bbox 220 1022 477 1097; x_wconf 84' lang='lat' dir='ltr'><strong>buccsseputat.</strong></span> <span class='ocrx_word' id='word_1_98' title='bbox 495 1017 673 1097; x_wconf 87' lang='lat' dir='ltr'><strong>quidnobis</strong></span> <span class='ocrx_word' id='word_1_99' title='bbox 701 1018 884 1096; x_wconf 88' lang='lat' dir='ltr'><strong>praestiterit</strong></span> <span class='ocrx_word' id='word_1_100' title='bbox 912 1016 1077 1087; x_wconf 74' lang='lat' dir='ltr'><strong>cbristus,</strong></span> <span class='ocrx_word' id='word_1_101' title='bbox 1122 1016 1253 1079; x_wconf 84' lang='lat' dir='ltr'><strong>b&#39;euitico</strong></span> <span class='ocrx_word' id='word_1_102' title='bbox 1270 1036 1328 1080; x_wconf 92' lang='lat' dir='ltr'><strong>non</strong></span> <span class='ocrx_word' id='word_1_103' title='bbox 1344 1020 1541 1081; x_wconf 88' lang='lat' dir='ltr'><strong>constituisse</strong></span> <span class='ocrx_word' id='word_1_104' title='bbox 1569 1020 1649 1083; x_wconf 90' lang='lat' dir='ltr'><strong>buno</strong></span> <span class='ocrx_word' id='word_1_105' title='bbox 1677 1029 1729 1081; x_wconf 85' lang='lat' dir='ltr'><strong>aut</strong></span> <span class='ocrx_word' id='word_1_106' title='bbox 1756 1022 1843 1083; x_wconf 91' lang='lat' dir='ltr'><strong>illam</strong></span> <span class='ocrx_word' id='word_1_107' title='bbox 1871 1020 1991 1081; x_wconf 84' lang='lat' dir='ltr'><strong>satistu-</strong></span> 
     </span>
     <span class='ocr_line' id='line_1_10' title="bbox 220 1099 1990 1182; baseline 0 -18"><span class='ocrx_word' id='word_1_108' title='bbox 220 1106 246 1164; x_wconf 92' lang='lat' dir='ltr'><strong>si</strong></span> <span class='ocrx_word' id='word_1_109' title='bbox 263 1120 361 1182; x_wconf 90' lang='lat' dir='ltr'><strong>poena</strong></span> <span class='ocrx_word' id='word_1_110' title='bbox 377 1105 525 1182; x_wconf 90' lang='lat' dir='ltr'><strong>quaedam</strong></span> <span class='ocrx_word' id='word_1_111' title='bbox 543 1100 720 1179; x_wconf 91' lang='lat' dir='ltr'><strong>temporalis</strong></span> <span class='ocrx_word' id='word_1_112' title='bbox 736 1117 790 1179; x_wconf 93' lang='lat' dir='ltr'><strong>pro</strong></span> <span class='ocrx_word' id='word_1_113' title='bbox 806 1102 943 1177; x_wconf 89' lang='lat' dir='ltr'><strong>peccatis</strong></span> <span class='ocrx_word' id='word_1_114' title='bbox 964 1099 1079 1160; x_wconf 88' lang='lat' dir='ltr'><strong>nostris</strong></span> <span class='ocrx_word' id='word_1_115' title='bbox 1123 1101 1222 1161; x_wconf 91' lang='lat' dir='ltr'><strong>ciendi</strong></span> <span class='ocrx_word' id='word_1_116' title='bbox 1239 1102 1352 1177; x_wconf 77' lang='lat' dir='ltr'><strong>lepcm:</strong></span> <span class='ocrx_word' id='word_1_117' title='bbox 1369 1104 1441 1181; x_wconf 92' lang='lat' dir='ltr'><strong>quid</strong></span> <span class='ocrx_word' id='word_1_118' title='bbox 1458 1102 1539 1163; x_wconf 88' lang='lat' dir='ltr'><strong>enirn</strong></span> <span class='ocrx_word' id='word_1_119' title='bbox 1552 1109 1623 1161; x_wconf 93' lang='lat' dir='ltr'><strong>sunt</strong></span> <span class='ocrx_word' id='word_1_120' title='bbox 1638 1102 1787 1165; x_wconf 80' lang='lat' dir='ltr'><strong>sacrificia</strong></span> <span class='ocrx_word' id='word_1_121' title='bbox 1807 1104 1913 1165; x_wconf 79' lang='lat' dir='ltr'><strong>variae</strong></span> <span class='ocrx_word' id='word_1_122' title='bbox 1943 1120 1990 1161; x_wconf 89' lang='lat' dir='ltr'><strong>ae·</strong></span> 
     </span>
     <span class='ocr_line' id='line_1_11' title="bbox 220 1182 1990 1263; baseline -0.002 -15"><span class='ocrx_word' id='word_1_123' title='bbox 220 1188 368 1263; x_wconf 75' lang='lat' dir='ltr'><strong>exiqolur.</strong></span> <span class='ocrx_word' id='word_1_124' title='bbox 1122 1182 1306 1245; x_wconf 78' lang='lat' dir='ltr'><strong>elimationis</strong></span> <span class='ocrx_word' id='word_1_125' title='bbox 1322 1202 1374 1261; x_wconf 93' lang='lat' dir='ltr'><strong>pro</strong></span> <span class='ocrx_word' id='word_1_126' title='bbox 1390 1184 1468 1246; x_wconf 81' lang='lat' dir='ltr'><strong>varia</strong></span> <span class='ocrx_word' id='word_1_127' title='bbox 1486 1200 1626 1247; x_wconf 90' lang='lat' dir='ltr'><strong>mensura</strong></span> <span class='ocrx_word' id='word_1_128' title='bbox 1643 1186 1745 1247; x_wconf 89' lang='lat' dir='ltr'><strong>delicti</strong></span> <span class='ocrx_word' id='word_1_129' title='bbox 1764 1234 1771 1260; x_wconf 96' lang='lat'><strong>,</strong></span> <span class='ocrx_word' id='word_1_130' title='bbox 1798 1187 1861 1248; x_wconf 91' lang='lat' dir='ltr'><strong>nisi</strong></span> <span class='ocrx_word' id='word_1_131' title='bbox 1889 1188 1990 1247; x_wconf 85' lang='lat' dir='ltr'><strong>rariae</strong></span> 
     </span>
     <span class='ocr_line' id='line_1_12' title="bbox 261 1263 1986 1345; baseline -0.002 -15"><span class='ocrx_word' id='word_1_132' title='bbox 261 1269 353 1331; x_wconf 89' lang='lat' dir='ltr'><strong>Porro</strong></span> <span class='ocrx_word' id='word_1_133' title='bbox 369 1266 607 1331; x_wconf 86' lang='lat' dir='ltr'><strong>testimonia-illa</strong></span> <span class='ocrx_word' id='word_1_134' title='bbox 622 1264 731 1335; x_wconf 82' lang='lat' dir='ltr'><strong>Isaiae,</strong></span> <span class='ocrx_word' id='word_1_135' title='bbox 749 1264 825 1325; x_wconf 83' lang='lat' dir='ltr'><strong>Petri</strong></span> <span class='ocrx_word' id='word_1_136' title='bbox 848 1269 878 1325; x_wconf 90' lang='lat' dir='ltr'><strong>et</strong></span> <span class='ocrx_word' id='word_1_137' title='bbox 893 1263 975 1325; x_wconf 87' lang='lat' dir='ltr'><strong>Pauli</strong></span> <span class='ocrx_word' id='word_1_138' title='bbox 993 1310 1000 1336; x_wconf 91' lang='lat'><strong>,</strong></span> <span class='ocrx_word' id='word_1_139' title='bbox 1014 1264 1077 1341; x_wconf 85' lang='lat' dir='ltr'><strong>jnm</strong></span> <span class='ocrx_word' id='word_1_140' title='bbox 1122 1266 1366 1329; x_wconf 84' lang='lat' dir='ltr'><strong>Satislaclionesl</strong></span> <span class='ocrx_word' id='word_1_141' title='bbox 1381 1267 1524 1329; x_wconf 91' lang='lat' dir='ltr'><strong>Secundo</strong></span> <span class='ocrx_word' id='word_1_142' title='bbox 1536 1267 1610 1327; x_wconf 91' lang='lat' dir='ltr'><strong>laiso</strong></span> <span class='ocrx_word' id='word_1_143' title='bbox 1625 1268 1759 1345; x_wconf 86' lang='lat' dir='ltr'><strong>scripsit,</strong></span> <span class='ocrx_word' id='word_1_144' title='bbox 1774 1269 1880 1331; x_wconf 87' lang='lat' dir='ltr'><strong>Deum</strong></span> <span class='ocrx_word' id='word_1_145' title='bbox 1897 1276 1986 1327; x_wconf 88' lang='lat' dir='ltr'><strong>totam</strong></span> 
     </span>
     <span class='ocr_line' id='line_1_13' title="bbox 216 1347 1987 1427; baseline -0.001 -14"><span class='ocrx_word' id='word_1_146' title='bbox 216 1366 307 1427; x_wconf 90' lang='lat' dir='ltr'><strong>supra</strong></span> <span class='ocrx_word' id='word_1_147' title='bbox 320 1353 428 1415; x_wconf 90' lang='lat' dir='ltr'><strong>iterum</strong></span> <span class='ocrx_word' id='word_1_148' title='bbox 445 1351 574 1411; x_wconf 82' lang='lat' dir='ltr'><strong>adducta</strong></span> <span class='ocrx_word' id='word_1_149' title='bbox 605 1356 635 1409; x_wconf 89' lang='lat' dir='ltr'><strong>et</strong></span> <span class='ocrx_word' id='word_1_150' title='bbox 649 1348 796 1425; x_wconf 77' lang='lat' dir='ltr'><strong>explicata</strong></span> <span class='ocrx_word' id='word_1_151' title='bbox 819 1353 902 1408; x_wconf 90' lang='lat' dir='ltr'><strong>sunt:</strong></span> <span class='ocrx_word' id='word_1_152' title='bbox 920 1364 956 1407; x_wconf 92' lang='lat' dir='ltr'><strong>ao</strong></span> <span class='ocrx_word' id='word_1_153' title='bbox 975 1347 1079 1409; x_wconf 91' lang='lat' dir='ltr'><strong>libon·</strong></span> <span class='ocrx_word' id='word_1_154' title='bbox 1121 1349 1151 1409; x_wconf 92' lang='lat' dir='ltr'><strong>in</strong></span> <span class='ocrx_word' id='word_1_155' title='bbox 1168 1349 1327 1411; x_wconf 82' lang='lat' dir='ltr'><strong>sacrificiis</strong></span> <span class='ocrx_word' id='word_1_156' title='bbox 1342 1353 1622 1427; x_wconf 72' lang='lat' dir='ltr'><strong>compensationem</strong></span> <span class='ocrx_word' id='word_1_157' title='bbox 1639 1352 1796 1427; x_wconf 80' lang='lat' dir='ltr'><strong>exegisse:</strong></span> <span class='ocrx_word' id='word_1_158' title='bbox 1817 1370 1891 1413; x_wconf 86' lang='lat' dir='ltr'><strong>nam</strong></span> <span class='ocrx_word' id='word_1_159' title='bbox 1909 1352 1987 1411; x_wconf 87' lang='lat' dir='ltr'><strong>lteus</strong></span> 
     </span>
     <span class='ocr_line' id='line_1_14' title="bbox 220 1429 1987 1513; baseline 0.001 -22"><span class='ocrx_word' id='word_1_160' title='bbox 220 1434 365 1505; x_wconf 88' lang='lat' dir='ltr'><strong>tissime,</strong></span> <span class='ocrx_word' id='word_1_161' title='bbox 394 1432 628 1513; x_wconf 73' lang='lat' dir='ltr'><strong>gratissimoque</strong></span> <span class='ocrx_word' id='word_1_162' title='bbox 649 1431 843 1509; x_wconf 75' lang='lat' dir='ltr'><strong>agnoscimus</strong></span> <span class='ocrx_word' id='word_1_163' title='bbox 871 1429 1075 1505; x_wconf 76' lang='lat' dir='ltr'><strong>elimentur,</strong></span> <span class='ocrx_word' id='word_1_164' title='bbox 1122 1447 1181 1493; x_wconf 92' lang='lat' dir='ltr'><strong>non</strong></span> <span class='ocrx_word' id='word_1_165' title='bbox 1199 1432 1329 1495; x_wconf 90' lang='lat' dir='ltr'><strong>instituit</strong></span> <span class='ocrx_word' id='word_1_166' title='bbox 1344 1432 1494 1494; x_wconf 82' lang='lat' dir='ltr'><strong>sacrificiu</strong></span> <span class='ocrx_word' id='word_1_167' title='bbox 1508 1447 1562 1510; x_wconf 92' lang='lat' dir='ltr'><strong>pro</strong></span> <span class='ocrx_word' id='word_1_168' title='bbox 1591 1434 1735 1495; x_wconf 93' lang='lat' dir='ltr'><strong>omnibus</strong></span> <span class='ocrx_word' id='word_1_169' title='bbox 1766 1435 1910 1509; x_wconf 87' lang='lat' dir='ltr'><strong>peccatis</strong></span> <span class='ocrx_word' id='word_1_170' title='bbox 1939 1450 1987 1493; x_wconf 85' lang='lat' dir='ltr'><strong>er·</strong></span> 
     </span>
     <span class='ocr_line' id='line_1_15' title="bbox 219 1513 1982 1594; baseline -0.001 -17"><span class='ocrx_word' id='word_1_171' title='bbox 219 1514 327 1578; x_wconf 82' lang='lat' dir='ltr'><strong>Christi</strong></span> <span class='ocrx_word' id='word_1_172' title='bbox 345 1524 472 1577; x_wconf 89' lang='lat' dir='ltr'><strong>mortem</strong></span> <span class='ocrx_word' id='word_1_173' title='bbox 490 1516 619 1593; x_wconf 91' lang='lat' dir='ltr'><strong>pretium</strong></span> <span class='ocrx_word' id='word_1_174' title='bbox 636 1521 666 1574; x_wconf 88' lang='lat' dir='ltr'><strong>et</strong></span> <span class='ocrx_word' id='word_1_175' title='bbox 680 1513 918 1574; x_wconf 89' lang='lat' dir='ltr'><strong>salisiaclionem</strong></span> <span class='ocrx_word' id='word_1_176' title='bbox 934 1529 1005 1574; x_wconf 92' lang='lat' dir='ltr'><strong>esse</strong></span> <span class='ocrx_word' id='word_1_177' title='bbox 1021 1530 1076 1590; x_wconf 91' lang='lat' dir='ltr'><strong>pro</strong></span> <span class='ocrx_word' id='word_1_178' title='bbox 1119 1515 1251 1594; x_wconf 82' lang='lat' dir='ltr'><strong>pinariis,</strong></span> <span class='ocrx_word' id='word_1_179' title='bbox 1267 1516 1322 1577; x_wconf 89' lang='lat' dir='ltr'><strong>sed</strong></span> <span class='ocrx_word' id='word_1_180' title='bbox 1337 1516 1435 1576; x_wconf 92' lang='lat' dir='ltr'><strong>solum</strong></span> <span class='ocrx_word' id='word_1_181' title='bbox 1449 1532 1503 1591; x_wconf 89' lang='lat' dir='ltr'><strong>pro</strong></span> <span class='ocrx_word' id='word_1_182' title='bbox 1519 1516 1653 1591; x_wconf 84' lang='lat' dir='ltr'><strong>peccetis</strong></span> <span class='ocrx_word' id='word_1_183' title='bbox 1669 1519 1865 1587; x_wconf 62' lang='lat' dir='ltr'><strong>ignorantiae</strong></span> <span class='ocrx_word' id='word_1_184' title='bbox 1881 1524 1982 1577; x_wconf 85' lang='lat' dir='ltr'><strong>contra</strong></span> 
     </span>
     <span class='ocr_line' id='line_1_16' title="bbox 217 1595 1982 1677; baseline -0.002 -18"><span class='ocrx_word' id='word_1_185' title='bbox 217 1600 495 1673; x_wconf 87' lang='lat' dir='ltr'><strong>peccatisnostris,</strong></span> <span class='ocrx_word' id='word_1_186' title='bbox 512 1598 668 1675; x_wconf 93' lang='lat' dir='ltr'><strong>quoniam,</strong></span> <span class='ocrx_word' id='word_1_187' title='bbox 692 1604 723 1655; x_wconf 92' lang='lat' dir='ltr'><strong>ut</strong></span> <span class='ocrx_word' id='word_1_188' title='bbox 738 1611 831 1672; x_wconf 89' lang='lat' dir='ltr'><strong>saepe</strong></span> <span class='ocrx_word' id='word_1_189' title='bbox 860 1595 973 1657; x_wconf 92' lang='lat' dir='ltr'><strong>dictum</strong></span> <span class='ocrx_word' id='word_1_190' title='bbox 1004 1604 1050 1657; x_wconf 87' lang='lat' dir='ltr'><strong>est</strong></span> <span class='ocrx_word' id='word_1_191' title='bbox 1067 1644 1075 1661; x_wconf 90' lang='grc'><strong>.</strong></span> <span class='ocrx_word' id='word_1_192' title='bbox 1120 1598 1331 1659; x_wconf 83' lang='lat' dir='ltr'><strong>coeremonias</strong></span> <span class='ocrx_word' id='word_1_193' title='bbox 1345 1598 1434 1677; x_wconf 79' lang='lat' dir='ltr'><strong>logis,</strong></span> <span class='ocrx_word' id='word_1_194' title='bbox 1451 1597 1575 1659; x_wconf 83' lang='lat' dir='ltr'><strong>Levitis.</strong></span> <span class='ocrx_word' id='word_1_195' title='bbox 1589 1596 1619 1658; x_wconf 84' lang='lat' dir='ltr'><strong>l.</strong></span> <span class='ocrx_word' id='word_1_196' title='bbox 1636 1604 1665 1659; x_wconf 93' lang='lat' dir='ltr'><strong>et</strong></span> <span class='ocrx_word' id='word_1_197' title='bbox 1677 1598 1707 1659; x_wconf 79' lang='grc'><strong>3.</strong></span> <span class='ocrx_word' id='word_1_198' title='bbox 1724 1607 1754 1659; x_wconf 92' lang='lat' dir='ltr'><strong>et</strong></span> <span class='ocrx_word' id='word_1_199' title='bbox 1771 1617 1830 1676; x_wconf 92' lang='lat' dir='ltr'><strong>pro</strong></span> <span class='ocrx_word' id='word_1_200' title='bbox 1848 1601 1982 1677; x_wconf 75' lang='lat' dir='ltr'><strong>peccatis</strong></span> 
     </span>
     <span class='ocr_line' id='line_1_17' title="bbox 216 1677 1982 1762; baseline 0 -21"><span class='ocrx_word' id='word_1_201' title='bbox 216 1682 306 1743; x_wconf 88' lang='lat' dir='ltr'><strong>solrit</strong></span> <span class='ocrx_word' id='word_1_202' title='bbox 320 1682 388 1762; x_wconf 88' lang='lat' dir='ltr'><strong>ipse</strong></span> <span class='ocrx_word' id='word_1_203' title='bbox 399 1683 531 1759; x_wconf 91' lang='lat' dir='ltr'><strong>pretium</strong></span> <span class='ocrx_word' id='word_1_204' title='bbox 547 1684 578 1741; x_wconf 91' lang='lat' dir='ltr'><strong>et</strong></span> <span class='ocrx_word' id='word_1_205' title='bbox 591 1678 751 1752; x_wconf 64' lang='lat' dir='ltr'><strong>satisfacio</strong></span> <span class='ocrx_word' id='word_1_206' title='bbox 765 1679 939 1739; x_wconf 81' lang='lat' dir='ltr'><strong>immediate</strong></span> <span class='ocrx_word' id='word_1_207' title='bbox 968 1677 1015 1754; x_wconf 85' lang='lat' dir='ltr'><strong>(ut</strong></span> <span class='ocrx_word' id='word_1_208' title='bbox 1031 1680 1077 1742; x_wconf 91' lang='lat' dir='ltr'><strong>sio</strong></span> <span class='ocrx_word' id='word_1_209' title='bbox 1119 1682 1198 1742; x_wconf 89' lang='lat' dir='ltr'><strong>circa</strong></span> <span class='ocrx_word' id='word_1_210' title='bbox 1215 1682 1358 1741; x_wconf 91' lang='lat' dir='ltr'><strong>damnum</strong></span> <span class='ocrx_word' id='word_1_211' title='bbox 1375 1678 1504 1757; x_wconf 82' lang='lat' dir='ltr'><strong>proximi</strong></span> <span class='ocrx_word' id='word_1_212' title='bbox 1526 1680 1555 1740; x_wconf 94' lang='lat' dir='ltr'><strong>in</strong></span> <span class='ocrx_word' id='word_1_213' title='bbox 1573 1680 1667 1741; x_wconf 89' lang='lat' dir='ltr'><strong>rebus</strong></span> <span class='ocrx_word' id='word_1_214' title='bbox 1692 1684 1845 1753; x_wconf 79' lang='lat' dir='ltr'><strong>externis,</strong></span> <span class='ocrx_word' id='word_1_215' title='bbox 1879 1690 1912 1743; x_wconf 93' lang='lat' dir='ltr'><strong>et</strong></span> <span class='ocrx_word' id='word_1_216' title='bbox 1933 1698 1982 1759; x_wconf 92' lang='lat' dir='ltr'><strong>pru</strong></span> 
     </span>
     <span class='ocr_line' id='line_1_18' title="bbox 215 1761 1983 1843; baseline 0.001 -21"><span class='ocrx_word' id='word_1_217' title='bbox 215 1762 409 1843; x_wconf 87' lang='lat' dir='ltr'><strong>loquor),pro</strong></span> <span class='ocrx_word' id='word_1_218' title='bbox 424 1764 566 1843; x_wconf 90' lang='lat' dir='ltr'><strong>culpa,ct</strong></span> <span class='ocrx_word' id='word_1_219' title='bbox 581 1768 664 1823; x_wconf 89' lang='lat' dir='ltr'><strong>reatu</strong></span> <span class='ocrx_word' id='word_1_220' title='bbox 682 1761 786 1821; x_wconf 91' lang='lat' dir='ltr'><strong>mortis</strong></span> <span class='ocrx_word' id='word_1_221' title='bbox 801 1767 944 1821; x_wconf 88' lang='lat' dir='ltr'><strong>aeternae</strong></span> <span class='ocrx_word' id='word_1_222' title='bbox 957 1776 1075 1831; x_wconf 91' lang='lat' dir='ltr'><strong>corum,</strong></span> <span class='ocrx_word' id='word_1_223' title='bbox 1119 1763 1266 1841; x_wconf 85' lang='lat' dir='ltr'><strong>perjurio,</strong></span> <span class='ocrx_word' id='word_1_224' title='bbox 1284 1764 1499 1841; x_wconf 85' lang='lat' dir='ltr'><strong>excupiditate</strong></span> <span class='ocrx_word' id='word_1_225' title='bbox 1515 1762 1647 1823; x_wconf 83' lang='lat' dir='ltr'><strong>habendi</strong></span> <span class='ocrx_word' id='word_1_226' title='bbox 1670 1780 1720 1826; x_wconf 88' lang='lat' dir='ltr'><strong>res</strong></span> <span class='ocrx_word' id='word_1_227' title='bbox 1735 1767 1861 1825; x_wconf 88' lang='lat' dir='ltr'><strong>alienus</strong></span> <span class='ocrx_word' id='word_1_228' title='bbox 1889 1766 1983 1841; x_wconf 88' lang='lat' dir='ltr'><strong>prola·</strong></span> 
     </span>
     <span class='ocr_line' id='line_1_19' title="bbox 217 1843 1978 1924; baseline 0.002 -19"><span class='ocrx_word' id='word_1_229' title='bbox 217 1847 332 1924; x_wconf 92' lang='lat' dir='ltr'><strong>quibus</strong></span> <span class='ocrx_word' id='word_1_230' title='bbox 347 1848 474 1924; x_wconf 80' lang='lat' dir='ltr'><strong>sanguis</strong></span> <span class='ocrx_word' id='word_1_231' title='bbox 489 1845 558 1923; x_wconf 87' lang='lat' dir='ltr'><strong>ejus</strong></span> <span class='ocrx_word' id='word_1_232' title='bbox 580 1860 635 1923; x_wconf 91' lang='lat' dir='ltr'><strong>per</strong></span> <span class='ocrx_word' id='word_1_233' title='bbox 662 1851 852 1904; x_wconf 88' lang='lat' dir='ltr'><strong>sacramenta</strong></span> <span class='ocrx_word' id='word_1_234' title='bbox 881 1843 1051 1920; x_wconf 78' lang='lat' dir='ltr'><strong>applicatur</strong></span> <span class='ocrx_word' id='word_1_235' title='bbox 1068 1864 1076 1921; x_wconf 90' lang='lat'>;</span> <span class='ocrx_word' id='word_1_236' title='bbox 1119 1853 1160 1913; x_wconf 88' lang='lat' dir='ltr'><strong>to,</strong></span> <span class='ocrx_word' id='word_1_237' title='bbox 1178 1845 1272 1906; x_wconf 87' lang='lat' dir='ltr'><strong>Levit.</strong></span> <span class='ocrx_word' id='word_1_238' title='bbox 1289 1846 1319 1906; x_wconf 85' lang='grc'><strong>6.</strong></span> <span class='ocrx_word' id='word_1_239' title='bbox 1336 1862 1392 1923; x_wconf 91' lang='lat' dir='ltr'><strong>pro</strong></span> <span class='ocrx_word' id='word_1_240' title='bbox 1408 1845 1475 1907; x_wconf 89' lang='lat' dir='ltr'><strong>aliis</strong></span> <span class='ocrx_word' id='word_1_241' title='bbox 1491 1845 1625 1924; x_wconf 87' lang='lat' dir='ltr'><strong>pcccatis</strong></span> <span class='ocrx_word' id='word_1_242' title='bbox 1639 1846 1835 1924; x_wconf 75' lang='lat' dir='ltr'><strong>gravioribus</strong></span> <span class='ocrx_word' id='word_1_243' title='bbox 1853 1893 1862 1919; x_wconf 95' lang='lat'><strong>,</strong></span> <span class='ocrx_word' id='word_1_244' title='bbox 1882 1854 1917 1907; x_wconf 94' lang='lat' dir='ltr'><strong>ut</strong></span> <span class='ocrx_word' id='word_1_245' title='bbox 1932 1864 1978 1924; x_wconf 90' lang='lat' dir='ltr'><strong>pro</strong></span> 
     </span>
     <span class='ocr_line' id='line_1_20' title="bbox 217 1926 1981 2006; baseline 0 -18"><span class='ocrx_word' id='word_1_246' title='bbox 217 1930 348 1992; x_wconf 89' lang='lat' dir='ltr'><strong>mediate</strong></span> <span class='ocrx_word' id='word_1_247' title='bbox 364 1935 463 1990; x_wconf 89' lang='lat' dir='ltr'><strong>nutem</strong></span> <span class='ocrx_word' id='word_1_248' title='bbox 481 1944 535 2006; x_wconf 92' lang='lat' dir='ltr'><strong>pro</strong></span> <span class='ocrx_word' id='word_1_249' title='bbox 553 1942 651 2005; x_wconf 89' lang='lat' dir='ltr'><strong>poena</strong></span> <span class='ocrx_word' id='word_1_250' title='bbox 667 1926 756 1987; x_wconf 90' lang='lat' dir='ltr'><strong>etiam</strong></span> <span class='ocrx_word' id='word_1_251' title='bbox 784 1927 954 2004; x_wconf 89' lang='lat' dir='ltr'><strong>temporali.</strong></span> <span class='ocrx_word' id='word_1_252' title='bbox 972 1934 1077 2003; x_wconf 88' lang='lat' dir='ltr'><strong>quote·</strong></span> <span class='ocrx_word' id='word_1_253' title='bbox 1118 1928 1320 2005; x_wconf 84' lang='lat' dir='ltr'><strong>blnsplremin,</strong></span> <span class='ocrx_word' id='word_1_254' title='bbox 1336 1928 1504 1988; x_wconf 87' lang='lat' dir='ltr'><strong>idololatria</strong></span> <span class='ocrx_word' id='word_1_255' title='bbox 1523 1974 1530 1998; x_wconf 87' lang='lat'><strong>,</strong></span> <span class='ocrx_word' id='word_1_256' title='bbox 1559 1928 1736 2003; x_wconf 86' lang='lat' dir='ltr'><strong>homicidio,</strong></span> <span class='ocrx_word' id='word_1_257' title='bbox 1767 1930 1930 1991; x_wconf 87' lang='lat' dir='ltr'><strong>adulterio</strong></span> <span class='ocrx_word' id='word_1_258' title='bbox 1957 1938 1981 1989; x_wconf 90' lang='grc' dir='ltr'><strong>ιι</strong></span> 
     </span>
     <span class='ocr_line' id='line_1_21' title="bbox 214 2007 1979 2089; baseline -0.001 -19"><span class='ocrx_word' id='word_1_259' title='bbox 214 2027 274 2071; x_wconf 91' lang='lat' dir='ltr'><strong>nus</strong></span> <span class='ocrx_word' id='word_1_260' title='bbox 286 2012 412 2085; x_wconf 75' lang='lat' dir='ltr'><strong>qratiam</strong></span> <span class='ocrx_word' id='word_1_261' title='bbox 430 2013 567 2089; x_wconf 89' lang='lat' dir='ltr'><strong>praebet,</strong></span> <span class='ocrx_word' id='word_1_262' title='bbox 585 2025 641 2088; x_wconf 90' lang='lat' dir='ltr'><strong>per</strong></span> <span class='ocrx_word' id='word_1_263' title='bbox 662 2026 751 2087; x_wconf 92' lang='lat' dir='ltr'><strong>quam</strong></span> <span class='ocrx_word' id='word_1_264' title='bbox 778 2009 837 2086; x_wconf 91' lang='lat' dir='ltr'><strong>ipsi</strong></span> <span class='ocrx_word' id='word_1_265' title='bbox 865 2024 921 2068; x_wconf 93' lang='lat' dir='ltr'><strong>nos</strong></span> <span class='ocrx_word' id='word_1_266' title='bbox 942 2007 1088 2075; x_wconf 57' lang='lat' dir='ltr'><strong>Domino,</strong></span> <span class='ocrx_word' id='word_1_267' title='bbox 1117 2010 1282 2081; x_wconf 85' lang='lat' dir='ltr'><strong>similibus,</strong></span> <span class='ocrx_word' id='word_1_268' title='bbox 1301 2011 1381 2071; x_wconf 89' lang='lat' dir='ltr'><strong>nulla</strong></span> <span class='ocrx_word' id='word_1_269' title='bbox 1397 2010 1754 2073; x_wconf 83' lang='lat' dir='ltr'><strong>inveniuntursacribcia</strong></span> <span class='ocrx_word' id='word_1_270' title='bbox 1771 2013 1979 2083; x_wconf 74' lang='lat' dir='ltr'><strong>instituisses</strong></span> 
     </span>
     <span class='ocr_line' id='line_1_22' title="bbox 214 2092 1981 2172; baseline 0.001 -19"><span class='ocrx_word' id='word_1_271' title='bbox 214 2093 429 2155; x_wconf 81' lang='lat' dir='ltr'><strong>satistacimns.</strong></span> <span class='ocrx_word' id='word_1_272' title='bbox 1118 2097 1285 2170; x_wconf 84' lang='lat' dir='ltr'><strong>propbetas</strong></span> <span class='ocrx_word' id='word_1_273' title='bbox 1302 2094 1446 2172; x_wconf 91' lang='lat' dir='ltr'><strong>populum</strong></span> <span class='ocrx_word' id='word_1_274' title='bbox 1463 2092 1678 2161; x_wconf 86' lang='lat' dir='ltr'><strong>admonebant,</strong></span> <span class='ocrx_word' id='word_1_275' title='bbox 1696 2111 1752 2171; x_wconf 92' lang='lat' dir='ltr'><strong>pro</strong></span> <span class='ocrx_word' id='word_1_276' title='bbox 1766 2096 1818 2157; x_wconf 90' lang='lat' dir='ltr'><strong>bis</strong></span> <span class='ocrx_word' id='word_1_277' title='bbox 1832 2095 1865 2155; x_wconf 92' lang='lat' dir='ltr'><strong>in</strong></span> <span class='ocrx_word' id='word_1_278' title='bbox 1883 2096 1981 2155; x_wconf 86' lang='lat' dir='ltr'><strong>cinere</strong></span> 
     </span>
     <span class='ocr_line' id='line_1_23' title="bbox 254 2173 1980 2254; baseline 0.001 -18"><span class='ocrx_word' id='word_1_279' title='bbox 254 2174 396 2249; x_wconf 80' lang='lat' dir='ltr'><strong>Quintum</strong></span> <span class='ocrx_word' id='word_1_280' title='bbox 411 2174 620 2237; x_wconf 89' lang='lat' dir='ltr'><strong>testimonium</strong></span> <span class='ocrx_word' id='word_1_281' title='bbox 634 2179 681 2235; x_wconf 91' lang='lat' dir='ltr'><strong>est</strong></span> <span class='ocrx_word' id='word_1_282' title='bbox 692 2174 723 2234; x_wconf 93' lang='lat' dir='ltr'><strong>in</strong></span> <span class='ocrx_word' id='word_1_283' title='bbox 738 2180 798 2234; x_wconf 92' lang='lat' dir='ltr'><strong>toto</strong></span> <span class='ocrx_word' id='word_1_284' title='bbox 810 2173 997 2245; x_wconf 82' lang='lat' dir='ltr'><strong>Leuitico,de</strong></span> <span class='ocrx_word' id='word_1_285' title='bbox 1012 2192 1073 2252; x_wconf 95' lang='lat' dir='ltr'><strong>quo</strong></span> <span class='ocrx_word' id='word_1_286' title='bbox 1118 2182 1147 2235; x_wconf 89' lang='lat' dir='ltr'><strong>ct</strong></span> <span class='ocrx_word' id='word_1_287' title='bbox 1162 2177 1263 2237; x_wconf 86' lang='lat' dir='ltr'><strong>cilicio</strong></span> <span class='ocrx_word' id='word_1_288' title='bbox 1279 2176 1496 2237; x_wconf 81' lang='lat' dir='ltr'><strong>Paenitentiam</strong></span> <span class='ocrx_word' id='word_1_289' title='bbox 1511 2191 1583 2237; x_wconf 88' lang='lat' dir='ltr'><strong>esse</strong></span> <span class='ocrx_word' id='word_1_290' title='bbox 1598 2179 1798 2253; x_wconf 78' lang='lat' dir='ltr'><strong>agendumst</strong></span> <span class='ocrx_word' id='word_1_291' title='bbox 1811 2178 1980 2254; x_wconf 66' lang='lat' dir='ltr'><strong>eleemosy-</strong></span> 
     </span>
     <span class='ocr_line' id='line_1_24' title="bbox 211 2257 1979 2337; baseline 0.001 -21"><span class='ocrx_word' id='word_1_292' title='bbox 211 2257 257 2317; x_wconf 90' lang='lat' dir='ltr'><strong>sic</strong></span> <span class='ocrx_word' id='word_1_293' title='bbox 273 2260 407 2337; x_wconf 92' lang='lat' dir='ltr'><strong>loquitur</strong></span> <span class='ocrx_word' id='word_1_294' title='bbox 422 2258 574 2321; x_wconf 79' lang='lat' dir='ltr'><strong>Calvinus:</strong></span> <span class='ocrx_word' id='word_1_295' title='bbox 596 2257 743 2319; x_wconf 71' lang='lat' dir='ltr'><strong>verticum</strong></span> <span class='ocrx_word' id='word_1_296' title='bbox 759 2264 867 2319; x_wconf 86' lang='lat' dir='ltr'><strong>cutem</strong></span> <span class='ocrx_word' id='word_1_297' title='bbox 893 2258 931 2318; x_wconf 87' lang='lat' dir='ltr'><strong>in</strong></span> <span class='ocrx_word' id='word_1_298' title='bbox 958 2258 1073 2334; x_wconf 79' lang='lat' dir='ltr'><strong>primis</strong></span> <span class='ocrx_word' id='word_1_299' title='bbox 1117 2260 1177 2327; x_wconf 87' lang='lat' dir='ltr'><strong>nis,</strong></span> <span class='ocrx_word' id='word_1_300' title='bbox 1196 2261 1327 2335; x_wconf 88' lang='lat' dir='ltr'><strong>aliisque</strong></span> <span class='ocrx_word' id='word_1_301' title='bbox 1340 2259 1430 2319; x_wconf 92' lang='lat' dir='ltr'><strong>bonis</strong></span> <span class='ocrx_word' id='word_1_302' title='bbox 1453 2258 1601 2336; x_wconf 91' lang='lat' dir='ltr'><strong>operibus</strong></span> <span class='ocrx_word' id='word_1_303' title='bbox 1631 2267 1753 2335; x_wconf 79' lang='lat' dir='ltr'><strong>perorna</strong></span> <span class='ocrx_word' id='word_1_304' title='bbox 1784 2261 1979 2321; x_wconf 87' lang='lat' dir='ltr'><strong>redimenda.</strong></span> 
     </span>
     <span class='ocr_line' id='line_1_25' title="bbox 210 2339 1981 2419; baseline 0.001 -18"><span class='ocrx_word' id='word_1_305' title='bbox 210 2342 345 2402; x_wconf 84' lang='lat' dir='ltr'><strong>orielem</strong></span> <span class='ocrx_word' id='word_1_306' title='bbox 363 2340 456 2404; x_wconf 87' lang='lat' dir='ltr'><strong>nobis</strong></span> <span class='ocrx_word' id='word_1_307' title='bbox 483 2340 693 2419; x_wconf 81' lang='lat' dir='ltr'><strong>suppeditet.</strong></span> <span class='ocrx_word' id='word_1_308' title='bbox 724 2341 811 2417; x_wconf 87' lang='lat' dir='ltr'><strong>quod</strong></span> <span class='ocrx_word' id='word_1_309' title='bbox 832 2341 871 2402; x_wconf 84' lang='grc' dir='ltr'><strong>ιιι</strong></span> <span class='ocrx_word' id='word_1_310' title='bbox 896 2342 1073 2417; x_wconf 78' lang='lat' dir='ltr'><strong>coaptandis</strong></span> <span class='ocrx_word' id='word_1_311' title='bbox 1117 2339 1217 2402; x_wconf 83' lang='lat' dir='ltr'><strong>Tertio</strong></span> <span class='ocrx_word' id='word_1_312' title='bbox 1233 2342 1309 2403; x_wconf 82' lang='lat' dir='ltr'><strong>laiso</strong></span> <span class='ocrx_word' id='word_1_313' title='bbox 1326 2340 1467 2401; x_wconf 87' lang='lat' dir='ltr'><strong>Calvinus</strong></span> <span class='ocrx_word' id='word_1_314' title='bbox 1489 2343 1666 2418; x_wconf 85' lang='lat' dir='ltr'><strong>assumpsit,</strong></span> <span class='ocrx_word' id='word_1_315' title='bbox 1684 2342 1713 2402; x_wconf 92' lang='lat' dir='ltr'><strong>in</strong></span> <span class='ocrx_word' id='word_1_316' title='bbox 1730 2342 1874 2404; x_wconf 78' lang='lat' dir='ltr'><strong>Levitico</strong></span> <span class='ocrx_word' id='word_1_317' title='bbox 1891 2344 1981 2403; x_wconf 87' lang='lat' dir='ltr'><strong>ileum</strong></span> 
     </span>
     <span class='ocr_line' id='line_1_26' title="bbox 207 2423 1980 2503; baseline 0.001 -19"><span class='ocrx_word' id='word_1_318' title='bbox 207 2423 653 2502; x_wconf 82' lang='lat' dir='ltr'><strong>pcccatorumnocrisinlcpe</strong></span> <span class='ocrx_word' id='word_1_319' title='bbox 668 2423 1070 2500; x_wconf 85' lang='lat' dir='ltr'><strong>mosaiccproescribitur.</strong></span> <span class='ocrx_word' id='word_1_320' title='bbox 1116 2424 1364 2503; x_wconf 83' lang='lat' dir='ltr'><strong>diligentissime,</strong></span> <span class='ocrx_word' id='word_1_321' title='bbox 1387 2428 1477 2501; x_wconf 89' lang='lat' dir='ltr'><strong>alque</strong></span> <span class='ocrx_word' id='word_1_322' title='bbox 1507 2424 1700 2485; x_wconf 82' lang='lat' dir='ltr'><strong>exactissimo</strong></span> <span class='ocrx_word' id='word_1_323' title='bbox 1729 2427 1847 2486; x_wconf 86' lang='lat' dir='ltr'><strong>ordino</strong></span> <span class='ocrx_word' id='word_1_324' title='bbox 1877 2442 1980 2487; x_wconf 85' lang='lat' dir='ltr'><strong>omnes</strong></span> 
     </span>
     <span class='ocr_line' id='line_1_27' title="bbox 208 2504 1979 2585; baseline 0.001 -20"><span class='ocrx_word' id='word_1_325' title='bbox 208 2504 496 2585; x_wconf 80' lang='lat' dir='ltr'><strong>Nequecnimr&#39;llie</strong></span> <span class='ocrx_word' id='word_1_326' title='bbox 521 2505 775 2567; x_wconf 83' lang='lat' dir='ltr'><strong>llomionslrooc</strong></span> <span class='ocrx_word' id='word_1_327' title='bbox 804 2507 1072 2567; x_wconf 85' lang='lat' dir='ltr'><strong>outillomscta&#39;s·</strong></span> <span class='ocrx_word' id='word_1_328' title='bbox 1116 2508 1347 2585; x_wconf 82' lang='lat' dir='ltr'><strong>eupruudirttus</strong></span> <span class='ocrx_word' id='word_1_329' title='bbox 1369 2513 1542 2570; x_wconf 84' lang='lat' dir='ltr'><strong>executum:</strong></span> <span class='ocrx_word' id='word_1_330' title='bbox 1565 2504 1596 2565; x_wconf 96' lang='lat' dir='ltr'><strong>id</strong></span> <span class='ocrx_word' id='word_1_331' title='bbox 1624 2507 1704 2567; x_wconf 89' lang='lat' dir='ltr'><strong>enim</strong></span> <span class='ocrx_word' id='word_1_332' title='bbox 1736 2508 1855 2569; x_wconf 86' lang='lat' dir='ltr'><strong>laisum</strong></span> <span class='ocrx_word' id='word_1_333' title='bbox 1888 2524 1979 2577; x_wconf 84' lang='lat' dir='ltr'><strong>esse,</strong></span> 
     </span>
     <span class='ocr_line' id='line_1_28' title="bbox 207 2584 1982 2667; baseline 0 -18"><span class='ocrx_word' id='word_1_334' title='bbox 207 2586 354 2665; x_wconf 70' lang='lat' dir='ltr'><strong>[oriendi</strong></span> <span class='ocrx_word' id='word_1_335' title='bbox 368 2584 469 2666; x_wconf 80' lang='lat' dir='ltr'><strong>lcp&#39;em</strong></span> <span class='ocrx_word' id='word_1_336' title='bbox 482 2590 658 2663; x_wconf 85' lang='lat' dir='ltr'><strong>constituit,</strong></span> <span class='ocrx_word' id='word_1_337' title='bbox 674 2590 731 2649; x_wconf 87' lang='lat' dir='ltr'><strong>sed</strong></span> <span class='ocrx_word' id='word_1_338' title='bbox 742 2592 888 2651; x_wconf 75' lang='lat' dir='ltr'><strong>tatamen</strong></span> <span class='ocrx_word' id='word_1_339' title='bbox 900 2588 1070 2666; x_wconf 69' lang='lat' dir='ltr'><strong>sacrificiis</strong></span> <span class='ocrx_word' id='word_1_340' title='bbox 1116 2597 1233 2651; x_wconf 80' lang='lat' dir='ltr'><strong>coristat</strong></span> <span class='ocrx_word' id='word_1_341' title='bbox 1248 2605 1282 2651; x_wconf 81' lang='lat' dir='ltr'><strong>er</strong></span> <span class='ocrx_word' id='word_1_342' title='bbox 1299 2591 1358 2657; x_wconf 87' lang='lat' dir='ltr'><strong>bis,</strong></span> <span class='ocrx_word' id='word_1_343' title='bbox 1376 2606 1452 2667; x_wconf 90' lang='lat' dir='ltr'><strong>quac</strong></span> <span class='ocrx_word' id='word_1_344' title='bbox 1465 2590 1528 2667; x_wconf 78' lang='lat' dir='ltr'><strong>iam</strong></span> <span class='ocrx_word' id='word_1_345' title='bbox 1544 2589 1687 2650; x_wconf 82' lang='lat' dir='ltr'><strong>diximus.</strong></span> <span class='ocrx_word' id='word_1_346' title='bbox 1718 2588 1849 2663; x_wconf 84' lang='lat' dir='ltr'><strong>Quarto,</strong></span> <span class='ocrx_word' id='word_1_347' title='bbox 1876 2590 1982 2651; x_wconf 83' lang='lat' dir='ltr'><strong>laisum</strong></span> 
     </span>
     <span class='ocr_line' id='line_1_29' title="bbox 208 2670 1976 2752; baseline 0.001 -21"><span class='ocrx_word' id='word_1_348' title='bbox 208 2672 663 2752; x_wconf 82' lang='lat' dir='ltr'><strong>compensationemrequirit:</strong></span> <span class='ocrx_word' id='word_1_349' title='bbox 676 2670 734 2733; x_wconf 82' lang='lat' dir='ltr'><strong>rabi</strong></span> <span class='ocrx_word' id='word_1_350' title='bbox 758 2678 866 2732; x_wconf 87' lang='lat' dir='ltr'><strong>tomen</strong></span> <span class='ocrx_word' id='word_1_351' title='bbox 880 2672 1006 2751; x_wconf 82' lang='lat' dir='ltr'><strong>alioqui</strong></span> <span class='ocrx_word' id='word_1_352' title='bbox 1020 2672 1068 2733; x_wconf 90' lang='lat' dir='ltr'><strong>di·</strong></span> <span class='ocrx_word' id='word_1_353' title='bbox 1115 2673 1257 2749; x_wconf 87' lang='lat' dir='ltr'><strong>estquod</strong></span> <span class='ocrx_word' id='word_1_354' title='bbox 1274 2672 1386 2733; x_wconf 91' lang='lat' dir='ltr'><strong>ibidem</strong></span> <span class='ocrx_word' id='word_1_355' title='bbox 1405 2673 1518 2748; x_wconf 81' lang='lat' dir='ltr'><strong>posuit,</strong></span> <span class='ocrx_word' id='word_1_356' title='bbox 1551 2671 1644 2733; x_wconf 91' lang='lat' dir='ltr'><strong>nullis</strong></span> <span class='ocrx_word' id='word_1_357' title='bbox 1674 2688 1802 2748; x_wconf 91' lang='lat' dir='ltr'><strong>prorsus</strong></span> <span class='ocrx_word' id='word_1_358' title='bbox 1831 2674 1976 2749; x_wconf 85' lang='lat' dir='ltr'><strong>operibus</strong></span> 
     </span>
     <span class='ocr_line' id='line_1_30' title="bbox 206 2753 1980 2835; baseline 0.001 -22"><span class='ocrx_word' id='word_1_359' title='bbox 206 2753 412 2829; x_wconf 82' lang='lat' dir='ltr'><strong>iiqcrttissimc</strong></span> <span class='ocrx_word' id='word_1_360' title='bbox 440 2755 1070 2835; x_wconf 81' lang='lat' dir='ltr'><strong>atqaeecccttsstmcordiueamncseac·</strong></span> <span class='ocrx_word' id='word_1_361' title='bbox 1114 2756 1246 2815; x_wconf 87' lang='lat' dir='ltr'><strong>admissa</strong></span> <span class='ocrx_word' id='word_1_362' title='bbox 1277 2756 1385 2816; x_wconf 91' lang='lat' dir='ltr'><strong>delicta</strong></span> <span class='ocrx_word' id='word_1_363' title='bbox 1410 2754 1564 2831; x_wconf 82' lang='lat' dir='ltr'><strong>procurari</strong></span> <span class='ocrx_word' id='word_1_364' title='bbox 1589 2754 1723 2832; x_wconf 88' lang='lat' dir='ltr'><strong>jussisse</strong></span> <span class='ocrx_word' id='word_1_365' title='bbox 1754 2758 1885 2817; x_wconf 84' lang='lat' dir='ltr'><strong>ileum:</strong></span> <span class='ocrx_word' id='word_1_366' title='bbox 1918 2772 1980 2816; x_wconf 88' lang='lat' dir='ltr'><strong>nam</strong></span> 
     </span>
     <span class='ocr_line' id='line_1_31' title="bbox 201 2834 1980 2916; baseline 0.001 -18"><span class='ocrx_word' id='word_1_367' title='bbox 201 2838 416 2913; x_wconf 82' lang='lat' dir='ltr'><strong>ptondiritcs</strong></span> <span class='ocrx_word' id='word_1_368' title='bbox 432 2839 617 2916; x_wconf 81' lang='lat' dir='ltr'><strong>emcquitur.</strong></span> <span class='ocrx_word' id='word_1_369' title='bbox 638 2834 698 2911; x_wconf 84' lang='lat' dir='ltr'><strong>Qui</strong></span> <span class='ocrx_word' id='word_1_370' title='bbox 712 2836 751 2912; x_wconf 74' lang='lat' dir='ltr'><strong>lit</strong></span> <span class='ocrx_word' id='word_1_371' title='bbox 766 2843 885 2906; x_wconf 89' lang='lat' dir='ltr'><strong>autem,</strong></span> <span class='ocrx_word' id='word_1_372' title='bbox 900 2837 1070 2899; x_wconf 85' lang='lat' dir='ltr'><strong>ntrrollics</strong></span> <span class='ocrx_word' id='word_1_373' title='bbox 1114 2837 1179 2913; x_wconf 83' lang='lat' dir='ltr'><strong>ipsu</strong></span> <span class='ocrx_word' id='word_1_374' title='bbox 1196 2838 1309 2898; x_wconf 92' lang='lat' dir='ltr'><strong>ablatio</strong></span> <span class='ocrx_word' id='word_1_375' title='bbox 1325 2836 1480 2905; x_wconf 84' lang='lat' dir='ltr'><strong>sacrificii,</strong></span> <span class='ocrx_word' id='word_1_376' title='bbox 1496 2853 1575 2915; x_wconf 91' lang='lat' dir='ltr'><strong>opus</strong></span> <span class='ocrx_word' id='word_1_377' title='bbox 1592 2843 1654 2899; x_wconf 88' lang='lat' dir='ltr'><strong>erat</strong></span> <span class='ocrx_word' id='word_1_378' title='bbox 1675 2856 1690 2897; x_wconf 94' lang='lat' dir='ltr'><strong>a</strong></span> <span class='ocrx_word' id='word_1_379' title='bbox 1714 2838 1778 2901; x_wconf 86' lang='lat' dir='ltr'><strong>lieo</strong></span> <span class='ocrx_word' id='word_1_380' title='bbox 1803 2842 1980 2900; x_wconf 87' lang='lat' dir='ltr'><strong>mandatum</strong></span> 
     </span>
     <span class='ocr_line' id='line_1_32' title="bbox 202 2918 1659 2999; baseline 0.001 -20"><span class='ocrx_word' id='word_1_381' title='bbox 202 2934 339 2995; x_wconf 87' lang='lat' dir='ltr'><strong>prorsos</strong></span> <span class='ocrx_word' id='word_1_382' title='bbox 354 2921 502 2999; x_wconf 80' lang='lat' dir='ltr'><strong>operibus</strong></span> <span class='ocrx_word' id='word_1_383' title='bbox 519 2921 664 2981; x_wconf 70' lang='lat' dir='ltr'><strong>commeo</strong></span> <span class='ocrx_word' id='word_1_384' title='bbox 685 2918 805 2980; x_wconf 85' lang='lat' dir='ltr'><strong>delicto</strong></span> <span class='ocrx_word' id='word_1_385' title='bbox 827 2935 1007 2995; x_wconf 87' lang='lat' dir='ltr'><strong>procororc</strong></span> <span class='ocrx_word' id='word_1_386' title='bbox 1015 2920 1070 2998; x_wconf 79' lang='lat' dir='ltr'><strong>jc·</strong></span> <span class='ocrx_word' id='word_1_387' title='bbox 1113 2920 1151 2981; x_wconf 92' lang='lat' dir='ltr'><strong>ad</strong></span> <span class='ocrx_word' id='word_1_388' title='bbox 1168 2927 1291 2997; x_wconf 89' lang='lat' dir='ltr'><strong>peccata</strong></span> <span class='ocrx_word' id='word_1_389' title='bbox 1307 2921 1440 2981; x_wconf 86' lang='lat' dir='ltr'><strong>admissa</strong></span> <span class='ocrx_word' id='word_1_390' title='bbox 1457 2920 1659 2997; x_wconf 86' lang='lat' dir='ltr'><strong>procuranda.</strong></span> 
     </span>
     <span class='ocr_line' id='line_1_33' title="bbox 205 2998 1976 3081; baseline 0.003 -19"><span class='ocrx_word' id='word_1_391' title='bbox 205 2998 289 3074; x_wconf 83' lang='lat' dir='ltr'><strong>beot,</strong></span> <span class='ocrx_word' id='word_1_392' title='bbox 304 3004 442 3064; x_wconf 83' lang='lat' dir='ltr'><strong>sedsalo</strong></span> <span class='ocrx_word' id='word_1_393' title='bbox 455 3004 492 3064; x_wconf 84' lang='lat' dir='ltr'><strong>irs</strong></span> <span class='ocrx_word' id='word_1_394' title='bbox 507 3002 693 3079; x_wconf 70' lang='lat' dir='ltr'><strong>expiatione</strong></span> <span class='ocrx_word' id='word_1_395' title='bbox 707 3001 873 3078; x_wconf 65' lang='lat' dir='ltr'><strong>sacrificio</strong></span> <span class='ocrx_word' id='word_1_396' title='bbox 895 3004 1042 3079; x_wconf 83' lang='lat' dir='ltr'><strong>requirat</strong></span> <span class='ocrx_word' id='word_1_397' title='bbox 1059 3050 1067 3075; x_wconf 94' lang='lat'><strong>,</strong></span> <span class='ocrx_word' id='word_1_398' title='bbox 1154 3002 1239 3078; x_wconf 80' lang='lat' dir='ltr'><strong>Quod</strong></span> <span class='ocrx_word' id='word_1_399' title='bbox 1257 3003 1391 3081; x_wconf 89' lang='lat' dir='ltr'><strong>denique</strong></span> <span class='ocrx_word' id='word_1_400' title='bbox 1407 3001 1548 3064; x_wconf 76' lang='lat' dir='ltr'><strong>darlrinns</strong></span> <span class='ocrx_word' id='word_1_401' title='bbox 1564 3002 1658 3077; x_wconf 88' lang='lat' dir='ltr'><strong>addit,</strong></span> <span class='ocrx_word' id='word_1_402' title='bbox 1675 3002 1857 3064; x_wconf 86' lang='lat' dir='ltr'><strong>oblationes</strong></span> <span class='ocrx_word' id='word_1_403' title='bbox 1887 3004 1976 3067; x_wconf 84' lang='lat' dir='ltr'><strong>illus.</strong></span> 
     </span>
     <span class='ocr_line' id='line_1_34' title="bbox 202 3084 1980 3165; baseline 0.001 -21"><span class='ocrx_word' id='word_1_404' title='bbox 202 3084 269 3146; x_wconf 83' lang='lat' dir='ltr'><strong>misi</strong></span> <span class='ocrx_word' id='word_1_405' title='bbox 282 3086 428 3165; x_wconf 85' lang='lat' dir='ltr'><strong>quodito</strong></span> <span class='ocrx_word' id='word_1_406' title='bbox 442 3086 552 3148; x_wconf 86' lang='lat' dir='ltr'><strong>testari</strong></span> <span class='ocrx_word' id='word_1_407' title='bbox 561 3084 639 3154; x_wconf 78' lang='lat' dir='ltr'><strong>crull,</strong></span> <span class='ocrx_word' id='word_1_408' title='bbox 654 3085 792 3146; x_wconf 83' lang='lat' dir='ltr'><strong>unicam</strong></span> <span class='ocrx_word' id='word_1_409' title='bbox 803 3100 867 3146; x_wconf 88' lang='lat' dir='ltr'><strong>csse</strong></span> <span class='ocrx_word' id='word_1_410' title='bbox 878 3086 1068 3161; x_wconf 75' lang='lat' dir='ltr'><strong>satisfactio·</strong></span> <span class='ocrx_word' id='word_1_411' title='bbox 1113 3101 1172 3146; x_wconf 89' lang='lat' dir='ltr'><strong>nnn</strong></span> <span class='ocrx_word' id='word_1_412' title='bbox 1191 3086 1346 3146; x_wconf 91' lang='lat' dir='ltr'><strong>bominum</strong></span> <span class='ocrx_word' id='word_1_413' title='bbox 1362 3101 1453 3164; x_wconf 89' lang='lat' dir='ltr'><strong>opera</strong></span> <span class='ocrx_word' id='word_1_414' title='bbox 1471 3086 1604 3162; x_wconf 84' lang='lat' dir='ltr'><strong>censeri3</strong></span> <span class='ocrx_word' id='word_1_415' title='bbox 1628 3101 1688 3146; x_wconf 92' lang='lat' dir='ltr'><strong>non</strong></span> <span class='ocrx_word' id='word_1_416' title='bbox 1719 3087 1827 3149; x_wconf 89' lang='lat' dir='ltr'><strong>minus</strong></span> <span class='ocrx_word' id='word_1_417' title='bbox 1853 3092 1903 3149; x_wconf 89' lang='lat' dir='ltr'><strong>est</strong></span> <span class='ocrx_word' id='word_1_418' title='bbox 1933 3087 1980 3148; x_wconf 87' lang='lat' dir='ltr'><strong>tul·</strong></span> 
     </span>
     <span class='ocr_line' id='line_1_35' title="bbox 202 3167 1980 3248; baseline 0.002 -21"><span class='ocrx_word' id='word_1_419' title='bbox 202 3169 461 3246; x_wconf 77' lang='lat' dir='ltr'><strong>dispensasque</strong></span> <span class='ocrx_word' id='word_1_420' title='bbox 481 3167 647 3248; x_wconf 77' lang='lat' dir='ltr'><strong>judicium</strong></span> <span class='ocrx_word' id='word_1_421' title='bbox 670 3183 768 3229; x_wconf 87' lang='lat' dir='ltr'><strong>suum</strong></span> <span class='ocrx_word' id='word_1_422' title='bbox 790 3168 962 3247; x_wconf 78' lang='lat' dir='ltr'><strong>placatur?</strong></span> <span class='ocrx_word' id='word_1_423' title='bbox 985 3185 1067 3231; x_wconf 88' lang='lat' dir='ltr'><strong>nom</strong></span> <span class='ocrx_word' id='word_1_424' title='bbox 1113 3185 1193 3243; x_wconf 89' lang='lat' dir='ltr'><strong>sum,</strong></span> <span class='ocrx_word' id='word_1_425' title='bbox 1210 3187 1299 3248; x_wconf 84' lang='lat' dir='ltr'><strong>quarn</strong></span> <span class='ocrx_word' id='word_1_426' title='bbox 1316 3174 1445 3230; x_wconf 89' lang='lat' dir='ltr'><strong>caetera.</strong></span> <span class='ocrx_word' id='word_1_427' title='bbox 1463 3167 1534 3230; x_wconf 89' lang='lat' dir='ltr'><strong>Nam</strong></span> <span class='ocrx_word' id='word_1_428' title='bbox 1550 3170 1669 3229; x_wconf 89' lang='lat' dir='ltr'><strong>tametsi</strong></span> <span class='ocrx_word' id='word_1_429' title='bbox 1686 3169 1840 3231; x_wconf 83' lang='lat' dir='ltr'><strong>sacrificia</strong></span> <span class='ocrx_word' id='word_1_430' title='bbox 1854 3171 1922 3236; x_wconf 83' lang='lat' dir='ltr'><strong>illa,</strong></span> <span class='ocrx_word' id='word_1_431' title='bbox 1940 3173 1980 3230; x_wconf 91' lang='lat' dir='ltr'><strong>di-</strong></span> 
     </span>
     <span class='ocr_line' id='line_1_36' title="bbox 205 3249 1978 3332; baseline 0.001 -22"><span class='ocrx_word' id='word_1_432' title='bbox 205 3265 290 3327; x_wconf 83' lang='lat' dir='ltr'><strong>quoe</strong></span> <span class='ocrx_word' id='word_1_433' title='bbox 302 3255 379 3312; x_wconf 86' lang='lat' dir='ltr'><strong>tunc</strong></span> <span class='ocrx_word' id='word_1_434' title='bbox 393 3250 607 3312; x_wconf 86' lang='lat' dir='ltr'><strong>immolobcut</strong></span> <span class='ocrx_word' id='word_1_435' title='bbox 630 3249 793 3326; x_wconf 81' lang='lat' dir='ltr'><strong>sacrificio</strong></span> <span class='ocrx_word' id='word_1_436' title='bbox 806 3251 983 3321; x_wconf 84' lang='lat' dir='ltr'><strong>israelitae,</strong></span> <span class='ocrx_word' id='word_1_437' title='bbox 999 3267 1070 3314; x_wconf 87' lang='lat' dir='ltr'><strong>non</strong></span> <span class='ocrx_word' id='word_1_438' title='bbox 1112 3252 1180 3312; x_wconf 84' lang='lat' dir='ltr'><strong>rina</strong></span> <span class='ocrx_word' id='word_1_439' title='bbox 1196 3269 1288 3330; x_wconf 86' lang='lat' dir='ltr'><strong>opera</strong></span> <span class='ocrx_word' id='word_1_440' title='bbox 1305 3252 1364 3312; x_wconf 89' lang='lat' dir='ltr'><strong>dici</strong></span> <span class='ocrx_word' id='word_1_441' title='bbox 1381 3259 1517 3332; x_wconf 88' lang='lat' dir='ltr'><strong>possent,</strong></span> <span class='ocrx_word' id='word_1_442' title='bbox 1535 3256 1596 3312; x_wconf 92' lang='lat' dir='ltr'><strong>lum</strong></span> <span class='ocrx_word' id='word_1_443' title='bbox 1613 3251 1682 3329; x_wconf 86' lang='lat' dir='ltr'><strong>quie</strong></span> <span class='ocrx_word' id='word_1_444' title='bbox 1705 3269 1721 3312; x_wconf 88' lang='lat' dir='ltr'><strong>a</strong></span> <span class='ocrx_word' id='word_1_445' title='bbox 1745 3252 1812 3314; x_wconf 80' lang='lat' dir='ltr'><strong>lieo</strong></span> <span class='ocrx_word' id='word_1_446' title='bbox 1844 3255 1978 3314; x_wconf 77' lang='lat' dir='ltr'><strong>instituta</strong></span> 
     </span>
     <span class='ocr_line' id='line_1_37' title="bbox 204 3331 1970 3412; baseline 0.002 -21"><span class='ocrx_word' id='word_1_447' title='bbox 204 3333 375 3394; x_wconf 78' lang='lat' dir='ltr'><strong>bominem</strong></span> <span class='ocrx_word' id='word_1_448' title='bbox 396 3344 495 3411; x_wconf 83' lang='lat' dir='ltr'><strong>opero</strong></span> <span class='ocrx_word' id='word_1_449' title='bbox 509 3331 734 3402; x_wconf 84' lang='lat' dir='ltr'><strong>cerasebonlur,</strong></span> <span class='ocrx_word' id='word_1_450' title='bbox 746 3334 804 3394; x_wconf 87' lang='lat' dir='ltr'><strong>sed</strong></span> <span class='ocrx_word' id='word_1_451' title='bbox 817 3335 1066 3406; x_wconf 80' lang='grc' dir='ltr'>αιιιαιιιιιιιιι,</span> <span class='ocrx_word' id='word_1_452' title='bbox 1113 3339 1209 3394; x_wconf 88' lang='lat' dir='ltr'><strong>crant.</strong></span> <span class='ocrx_word' id='word_1_453' title='bbox 1228 3343 1290 3396; x_wconf 93' lang='lat' dir='ltr'><strong>tum</strong></span> <span class='ocrx_word' id='word_1_454' title='bbox 1306 3335 1375 3410; x_wconf 89' lang='lat' dir='ltr'><strong>quia</strong></span> <span class='ocrx_word' id='word_1_455' title='bbox 1388 3331 1571 3395; x_wconf 87' lang='lat' dir='ltr'><strong>sacriiicium</strong></span> <span class='ocrx_word' id='word_1_456' title='bbox 1597 3337 1696 3394; x_wconf 88' lang='lat' dir='ltr'><strong>crucis</strong></span> <span class='ocrx_word' id='word_1_457' title='bbox 1722 3333 1970 3412; x_wconf 77' lang='lat' dir='ltr'><strong>significabant:</strong></span> 
     </span>
     <span class='ocr_line' id='line_1_38' title="bbox 204 3414 1980 3495; baseline 0.002 -20"><span class='ocrx_word' id='word_1_458' title='bbox 204 3414 263 3476; x_wconf 87' lang='lat' dir='ltr'><strong>boc</strong></span> <span class='ocrx_word' id='word_1_459' title='bbox 278 3423 332 3486; x_wconf 86' lang='lat' dir='ltr'><strong>est,</strong></span> <span class='ocrx_word' id='word_1_460' title='bbox 349 3417 447 3478; x_wconf 83' lang='lat' dir='ltr'><strong>orrico</strong></span> <span class='ocrx_word' id='word_1_461' title='bbox 465 3415 579 3478; x_wconf 83' lang='lat' dir='ltr'><strong>Girristi</strong></span> <span class='ocrx_word' id='word_1_462' title='bbox 592 3415 751 3492; x_wconf 79' lang='lat' dir='ltr'><strong>sacrificio</strong></span> <span class='ocrx_word' id='word_1_463' title='bbox 766 3415 1032 3479; x_wconf 82' lang='lat' dir='ltr'><strong>aestimabantur.</strong></span> <span class='ocrx_word' id='word_1_464' title='bbox 1113 3421 1213 3476; x_wconf 90' lang='lat' dir='ltr'><strong>tamen</strong></span> <span class='ocrx_word' id='word_1_465' title='bbox 1232 3423 1316 3478; x_wconf 90' lang='lat' dir='ltr'><strong>crant</strong></span> <span class='ocrx_word' id='word_1_466' title='bbox 1330 3420 1433 3487; x_wconf 85' lang='lat' dir='ltr'><strong>etiam,</strong></span> <span class='ocrx_word' id='word_1_467' title='bbox 1451 3415 1707 3478; x_wconf 80' lang='lat' dir='ltr'><strong>recensebantur</strong></span> <span class='ocrx_word' id='word_1_468' title='bbox 1732 3433 1829 3495; x_wconf 91' lang='lat' dir='ltr'><strong>opera</strong></span> <span class='ocrx_word' id='word_1_469' title='bbox 1847 3421 1980 3479; x_wconf 78' lang='lat' dir='ltr'><strong>bumana</strong></span> 
     </span>
     <span class='ocr_line' id='line_1_39' title="bbox 246 3497 1978 3578; baseline 0.001 -20"><span class='ocrx_word' id='word_1_470' title='bbox 246 3497 442 3574; x_wconf 76' lang='lat' dir='ltr'><strong>Respondeat</strong></span> <span class='ocrx_word' id='word_1_471' title='bbox 460 3499 582 3559; x_wconf 76' lang='lat' dir='ltr'><strong>validus</strong></span> <span class='ocrx_word' id='word_1_472' title='bbox 600 3499 656 3558; x_wconf 92' lang='lat' dir='ltr'><strong>iste</strong></span> <span class='ocrx_word' id='word_1_473' title='bbox 672 3503 764 3569; x_wconf 89' lang='lat' dir='ltr'><strong>aries,</strong></span> <span class='ocrx_word' id='word_1_474' title='bbox 783 3514 836 3576; x_wconf 92' lang='lat' dir='ltr'><strong>pro</strong></span> <span class='ocrx_word' id='word_1_475' title='bbox 853 3501 978 3560; x_wconf 85' lang='lat' dir='ltr'><strong>veritate</strong></span> <span class='ocrx_word' id='word_1_476' title='bbox 994 3500 1064 3560; x_wconf 87' lang='lat' dir='ltr'><strong>ruli·</strong></span> <span class='ocrx_word' id='word_1_477' title='bbox 1114 3507 1144 3560; x_wconf 92' lang='lat' dir='ltr'><strong>el</strong></span> <span class='ocrx_word' id='word_1_478' title='bbox 1160 3499 1308 3562; x_wconf 87' lang='lat' dir='ltr'><strong>laboriosa</strong></span> <span class='ocrx_word' id='word_1_479' title='bbox 1325 3517 1360 3560; x_wconf 91' lang='lat' dir='ltr'><strong>ae</strong></span> <span class='ocrx_word' id='word_1_480' title='bbox 1376 3499 1503 3576; x_wconf 86' lang='lat' dir='ltr'><strong>proinde</strong></span> <span class='ocrx_word' id='word_1_481' title='bbox 1516 3497 1727 3560; x_wconf 87' lang='lat' dir='ltr'><strong>salisiacloria:</strong></span> <span class='ocrx_word' id='word_1_482' title='bbox 1743 3501 1816 3578; x_wconf 91' lang='lat' dir='ltr'><strong>quia</strong></span> <span class='ocrx_word' id='word_1_483' title='bbox 1831 3517 1897 3562; x_wconf 93' lang='lat' dir='ltr'><strong>non</strong></span> <span class='ocrx_word' id='word_1_484' title='bbox 1914 3504 1978 3561; x_wconf 89' lang='lat' dir='ltr'><strong>sinc</strong></span> 
     </span>
     <span class='ocr_line' id='line_1_40' title="bbox 204 3579 1977 3662; baseline 0.002 -23"><span class='ocrx_word' id='word_1_485' title='bbox 204 3579 264 3640; x_wconf 88' lang='lat' dir='ltr'><strong>dus</strong></span> <span class='ocrx_word' id='word_1_486' title='bbox 279 3588 338 3645; x_wconf 83' lang='lat' dir='ltr'><strong>cst.</strong></span> <span class='ocrx_word' id='word_1_487' title='bbox 356 3597 411 3658; x_wconf 93' lang='lat' dir='ltr'><strong>pro</strong></span> <span class='ocrx_word' id='word_1_488' title='bbox 427 3579 540 3642; x_wconf 82' lang='lat' dir='ltr'><strong>Caluini</strong></span> <span class='ocrx_word' id='word_1_489' title='bbox 558 3597 660 3642; x_wconf 86' lang='lat' dir='ltr'><strong>errore</strong></span> <span class='ocrx_word' id='word_1_490' title='bbox 677 3596 803 3658; x_wconf 91' lang='lat' dir='ltr'><strong>prorsus</strong></span> <span class='ocrx_word' id='word_1_491' title='bbox 824 3579 976 3644; x_wconf 80' lang='lat' dir='ltr'><strong>intumus.</strong></span> <span class='ocrx_word' id='word_1_492' title='bbox 994 3581 1067 3644; x_wconf 89' lang='lat' dir='ltr'><strong>Nam</strong></span> <span class='ocrx_word' id='word_1_493' title='bbox 1114 3581 1296 3643; x_wconf 91' lang='lat' dir='ltr'><strong>detrimento</strong></span> <span class='ocrx_word' id='word_1_494' title='bbox 1312 3585 1354 3643; x_wconf 91' lang='lat' dir='ltr'><strong>rei</strong></span> <span class='ocrx_word' id='word_1_495' title='bbox 1368 3583 1522 3642; x_wconf 89' lang='lat' dir='ltr'><strong>lumiliuris</strong></span> <span class='ocrx_word' id='word_1_496' title='bbox 1538 3579 1756 3658; x_wconf 78' lang='lat' dir='ltr'><strong>offerebantur3</strong></span> <span class='ocrx_word' id='word_1_497' title='bbox 1781 3584 1855 3661; x_wconf 88' lang='lat' dir='ltr'><strong>quia</strong></span> <span class='ocrx_word' id='word_1_498' title='bbox 1872 3601 1931 3662; x_wconf 92' lang='lat' dir='ltr'><strong>per</strong></span> <span class='ocrx_word' id='word_1_499' title='bbox 1945 3600 1977 3642; x_wconf 87' lang='lat' dir='ltr'><strong>ea</strong></span> 
     </span>
     <span class='ocr_line' id='line_1_41' title="bbox 205 3662 1975 3742; baseline 0.001 -20"><span class='ocrx_word' id='word_1_500' title='bbox 205 3662 352 3724; x_wconf 81' lang='lat' dir='ltr'><strong>sacrificia</strong></span> <span class='ocrx_word' id='word_1_501' title='bbox 371 3665 421 3724; x_wconf 90' lang='lat' dir='ltr'><strong>illa</strong></span> <span class='ocrx_word' id='word_1_502' title='bbox 437 3663 556 3725; x_wconf 80' lang='lat' dir='ltr'><strong>levitica</strong></span> <span class='ocrx_word' id='word_1_503' title='bbox 579 3665 626 3739; x_wconf 82' lang='lat' dir='ltr'><strong>(ot</strong></span> <span class='ocrx_word' id='word_1_504' title='bbox 640 3663 670 3723; x_wconf 91' lang='lat' dir='ltr'><strong>in</strong></span> <span class='ocrx_word' id='word_1_505' title='bbox 687 3663 717 3723; x_wconf 78' lang='lat'><strong>2.</strong></span> <span class='ocrx_word' id='word_1_506' title='bbox 735 3663 790 3724; x_wconf 91' lang='lat' dir='ltr'><strong>lib.</strong></span> <span class='ocrx_word' id='word_1_507' title='bbox 813 3662 852 3724; x_wconf 90' lang='lat' dir='ltr'><strong>de</strong></span> <span class='ocrx_word' id='word_1_508' title='bbox 867 3666 1067 3728; x_wconf 82' lang='lat' dir='ltr'><strong>sacramentis</strong></span> <span class='ocrx_word' id='word_1_509' title='bbox 1113 3665 1213 3726; x_wconf 89' lang='lat' dir='ltr'><strong>cultus</strong></span> <span class='ocrx_word' id='word_1_510' title='bbox 1230 3664 1344 3737; x_wconf 90' lang='lat' dir='ltr'><strong>latriae,</strong></span> <span class='ocrx_word' id='word_1_511' title='bbox 1363 3665 1426 3724; x_wconf 89' lang='lat' dir='ltr'><strong>Dso</strong></span> <span class='ocrx_word' id='word_1_512' title='bbox 1442 3663 1479 3726; x_wconf 87' lang='lat' dir='ltr'><strong>nb</strong></span> <span class='ocrx_word' id='word_1_513' title='bbox 1496 3679 1533 3724; x_wconf 91' lang='lat' dir='ltr'><strong>eo</strong></span> <span class='ocrx_word' id='word_1_514' title='bbox 1548 3665 1637 3742; x_wconf 86' lang='lat' dir='ltr'><strong>cnjus</strong></span> <span class='ocrx_word' id='word_1_515' title='bbox 1653 3671 1717 3725; x_wconf 85' lang='lat' dir='ltr'><strong>oret</strong></span> <span class='ocrx_word' id='word_1_516' title='bbox 1741 3665 1875 3738; x_wconf 91' lang='lat' dir='ltr'><strong>oblatio,</strong></span> <span class='ocrx_word' id='word_1_517' title='bbox 1893 3667 1975 3724; x_wconf 85' lang='lat' dir='ltr'><strong>adtri-</strong></span> 
     </span>
     <span class='ocr_line' id='line_1_42' title="bbox 203 3743 1973 3826; baseline 0.002 -24"><span class='ocrx_word' id='word_1_518' title='bbox 203 3745 235 3804; x_wconf 91' lang='lat' dir='ltr'><strong>in</strong></span> <span class='ocrx_word' id='word_1_519' title='bbox 252 3761 366 3822; x_wconf 76' lang='lat' dir='ltr'><strong>gernere</strong></span> <span class='ocrx_word' id='word_1_520' title='bbox 382 3764 450 3826; x_wconf 84' lang='lat' dir='ltr'><strong>cap.</strong></span> <span class='ocrx_word' id='word_1_521' title='bbox 469 3745 517 3806; x_wconf 84' lang='lat' dir='ltr'><strong>tt.</strong></span> <span class='ocrx_word' id='word_1_522' title='bbox 537 3743 584 3807; x_wconf 76' lang='lat' dir='ltr'><strong>ts.</strong></span> <span class='ocrx_word' id='word_1_523' title='bbox 600 3745 649 3807; x_wconf 82' lang='lat' dir='ltr'><strong>lb.</strong></span> <span class='ocrx_word' id='word_1_524' title='bbox 666 3751 696 3807; x_wconf 91' lang='lat' dir='ltr'><strong>ct</strong></span> <span class='ocrx_word' id='word_1_525' title='bbox 712 3744 762 3806; x_wconf 84' lang='lat' dir='ltr'><strong>li.</strong></span> <span class='ocrx_word' id='word_1_526' title='bbox 775 3746 1065 3822; x_wconf 87' lang='lat' dir='ltr'><strong>demonstravimus)</strong></span> <span class='ocrx_word' id='word_1_527' title='bbox 1111 3747 1251 3809; x_wconf 81' lang='lat' dir='ltr'><strong>bebatur:</strong></span> <span class='ocrx_word' id='word_1_528' title='bbox 1267 3748 1336 3822; x_wconf 89' lang='lat' dir='ltr'><strong>quia</strong></span> <span class='ocrx_word' id='word_1_529' title='bbox 1353 3763 1390 3808; x_wconf 85' lang='lat' dir='ltr'><strong>ex</strong></span> <span class='ocrx_word' id='word_1_530' title='bbox 1404 3746 1464 3808; x_wconf 88' lang='lat' dir='ltr'><strong>lide</strong></span> <span class='ocrx_word' id='word_1_531' title='bbox 1481 3753 1510 3807; x_wconf 90' lang='lat' dir='ltr'><strong>el</strong></span> <span class='ocrx_word' id='word_1_532' title='bbox 1527 3749 1637 3821; x_wconf 88' lang='lat' dir='ltr'><strong>pietate</strong></span> <span class='ocrx_word' id='word_1_533' title='bbox 1665 3745 1861 3809; x_wconf 81' lang='lat' dir='ltr'><strong>offerentium</strong></span> <span class='ocrx_word' id='word_1_534' title='bbox 1895 3756 1973 3826; x_wconf 77' lang='lat' dir='ltr'><strong>grata</strong></span> 
     </span>
     <span class='ocr_line' id='line_1_43' title="bbox 203 3828 1973 3905; baseline 0.002 -19"><span class='ocrx_word' id='word_1_535' title='bbox 203 3842 265 3888; x_wconf 90' lang='lat' dir='ltr'><strong>non</strong></span> <span class='ocrx_word' id='word_1_536' title='bbox 282 3829 404 3904; x_wconf 90' lang='lat' dir='ltr'><strong>culpam</strong></span> <span class='ocrx_word' id='word_1_537' title='bbox 429 3836 480 3889; x_wconf 89' lang='lat' dir='ltr'><strong>ant</strong></span> <span class='ocrx_word' id='word_1_538' title='bbox 495 3844 624 3905; x_wconf 90' lang='lat' dir='ltr'><strong>poenam</strong></span> <span class='ocrx_word' id='word_1_539' title='bbox 639 3836 805 3900; x_wconf 88' lang='lat' dir='ltr'><strong>aeternam,</strong></span> <span class='ocrx_word' id='word_1_540' title='bbox 829 3830 884 3890; x_wconf 90' lang='lat' dir='ltr'><strong>sed</strong></span> <span class='ocrx_word' id='word_1_541' title='bbox 901 3831 1063 3891; x_wconf 91' lang='lat' dir='ltr'><strong>immundi·</strong></span> <span class='ocrx_word' id='word_1_542' title='bbox 1111 3836 1209 3890; x_wconf 89' lang='lat' dir='ltr'><strong>erunt:</strong></span> <span class='ocrx_word' id='word_1_543' title='bbox 1227 3829 1318 3890; x_wconf 81' lang='lat' dir='ltr'><strong>Dono</strong></span> <span class='ocrx_word' id='word_1_544' title='bbox 1334 3831 1430 3892; x_wconf 84' lang='lat' dir='ltr'><strong>eninr.</strong></span> <span class='ocrx_word' id='word_1_545' title='bbox 1450 3836 1480 3889; x_wconf 94' lang='lat' dir='ltr'><strong>ut</strong></span> <span class='ocrx_word' id='word_1_546' title='bbox 1496 3831 1535 3888; x_wconf 91' lang='lat' dir='ltr'><strong>ait</strong></span> <span class='ocrx_word' id='word_1_547' title='bbox 1551 3828 1682 3904; x_wconf 85' lang='lat' dir='ltr'><strong>Sapiens</strong></span> <span class='ocrx_word' id='word_1_548' title='bbox 1696 3829 1819 3890; x_wconf 83' lang='lat' dir='ltr'><strong>Eccles.</strong></span> <span class='ocrx_word' id='word_1_549' title='bbox 1844 3829 1899 3890; x_wconf 75' lang='lat' dir='ltr'><strong>bl.</strong></span> <span class='ocrx_word' id='word_1_550' title='bbox 1916 3831 1973 3890; x_wconf 85' lang='lat' dir='ltr'><strong>iai-</strong></span> 
     </span>
     <span class='ocr_line' id='line_1_44' title="bbox 203 3909 1971 3991; baseline 0.002 -24"><span class='ocrx_word' id='word_1_551' title='bbox 203 3909 275 3968; x_wconf 86' lang='lat' dir='ltr'><strong>tiam</strong></span> <span class='ocrx_word' id='word_1_552' title='bbox 291 3917 404 3971; x_wconf 90' lang='lat' dir='ltr'><strong>tantum</strong></span> <span class='ocrx_word' id='word_1_553' title='bbox 420 3912 550 3988; x_wconf 72' lang='lat' dir='ltr'><strong>legalem</strong></span> <span class='ocrx_word' id='word_1_554' title='bbox 567 3919 597 3971; x_wconf 91' lang='lat' dir='ltr'><strong>et</strong></span> <span class='ocrx_word' id='word_1_555' title='bbox 611 3927 741 3987; x_wconf 90' lang='lat' dir='ltr'><strong>poenam</strong></span> <span class='ocrx_word' id='word_1_556' title='bbox 766 3913 981 3991; x_wconf 88' lang='lat' dir='ltr'><strong>temporariam</strong></span> <span class='ocrx_word' id='word_1_557' title='bbox 1012 3929 1065 3974; x_wconf 84' lang='lat' dir='ltr'><strong>ex·</strong></span> <span class='ocrx_word' id='word_1_558' title='bbox 1111 3927 1260 3990; x_wconf 85' lang='lat' dir='ltr'><strong>quorum,</strong></span> <span class='ocrx_word' id='word_1_559' title='bbox 1277 3927 1344 3974; x_wconf 88' lang='lat' dir='ltr'><strong>non</strong></span> <span class='ocrx_word' id='word_1_560' title='bbox 1367 3909 1483 3989; x_wconf 86' lang='lat' dir='ltr'><strong>probol</strong></span> <span class='ocrx_word' id='word_1_561' title='bbox 1497 3910 1687 3980; x_wconf 81' lang='lat' dir='ltr'><strong>ditissimos,</strong></span> <span class='ocrx_word' id='word_1_562' title='bbox 1710 3928 1771 3974; x_wconf 85' lang='lat' dir='ltr'><strong>nec</strong></span> <span class='ocrx_word' id='word_1_563' title='bbox 1792 3914 1927 3990; x_wconf 78' lang='lat' dir='ltr'><strong>respicit</strong></span> <span class='ocrx_word' id='word_1_564' title='bbox 1941 3915 1971 3972; x_wconf 84' lang='lat' dir='ltr'><strong>iu</strong></span> 
     </span>
     <span class='ocr_line' id='line_1_45' title="bbox 203 3990 1973 4073; baseline 0.002 -21"><span class='ocrx_word' id='word_1_565' title='bbox 203 3990 339 4070; x_wconf 88' lang='lat' dir='ltr'><strong>piabant:</strong></span> <span class='ocrx_word' id='word_1_566' title='bbox 355 3996 486 4073; x_wconf 85' lang='lat' dir='ltr'><strong>proinde</strong></span> <span class='ocrx_word' id='word_1_567' title='bbox 502 4001 585 4056; x_wconf 88' lang='lat' dir='ltr'><strong>recte</strong></span> <span class='ocrx_word' id='word_1_568' title='bbox 600 3993 828 4056; x_wconf 89' lang='lat' dir='ltr'><strong>sotislactiooes</strong></span> <span class='ocrx_word' id='word_1_569' title='bbox 839 3998 988 4073; x_wconf 88' lang='lat' dir='ltr'><strong>quaedam</strong></span> <span class='ocrx_word' id='word_1_570' title='bbox 1005 3996 1065 4058; x_wconf 93' lang='lat' dir='ltr'><strong>dici</strong></span> <span class='ocrx_word' id='word_1_571' title='bbox 1111 3993 1289 4057; x_wconf 85' lang='lat' dir='ltr'><strong>oblationes</strong></span> <span class='ocrx_word' id='word_1_572' title='bbox 1301 3995 1488 4072; x_wconf 86' lang='lat' dir='ltr'><strong>impiorum.</strong></span> <span class='ocrx_word' id='word_1_573' title='bbox 1505 3993 1541 4053; x_wconf 80' lang='lat' dir='ltr'><strong>bt</strong></span> <span class='ocrx_word' id='word_1_574' title='bbox 1552 3992 1663 4054; x_wconf 79' lang='lat' dir='ltr'><strong>Grues.</strong></span> <span class='ocrx_word' id='word_1_575' title='bbox 1680 3994 1709 4055; x_wconf 82' lang='lat' dir='ltr'><strong>l.</strong></span> <span class='ocrx_word' id='word_1_576' title='bbox 1724 3995 1878 4072; x_wconf 73' lang='lat' dir='ltr'><strong>Respcrcit</strong></span> <span class='ocrx_word' id='word_1_577' title='bbox 1891 3995 1973 4054; x_wconf 83' lang='lat' dir='ltr'><strong>Deus</strong></span> 
     </span>
     <span class='ocr_line' id='line_1_46' title="bbox 203 4073 1969 4154; baseline -0.002 -19"><span class='ocrx_word' id='word_1_578' title='bbox 203 4073 354 4152; x_wconf 83' lang='lat' dir='ltr'><strong>pdterant.</strong></span> <span class='ocrx_word' id='word_1_579' title='bbox 1112 4078 1157 4138; x_wconf 86' lang='lat' dir='ltr'><strong>od</strong></span> <span class='ocrx_word' id='word_1_580' title='bbox 1171 4075 1289 4153; x_wconf 66' lang='lat' dir='ltr'><strong>distel</strong></span> <span class='ocrx_word' id='word_1_581' title='bbox 1301 4093 1438 4140; x_wconf 84' lang='lat' dir='ltr'><strong>rnnrrcro</strong></span> <span class='ocrx_word' id='word_1_582' title='bbox 1450 4076 1531 4154; x_wconf 80' lang='lat' dir='ltr'><strong>ejus:</strong></span> <span class='ocrx_word' id='word_1_583' title='bbox 1549 4077 1579 4136; x_wconf 91' lang='lat' dir='ltr'><strong>in</strong></span> <span class='ocrx_word' id='word_1_584' title='bbox 1596 4091 1685 4154; x_wconf 89' lang='lat' dir='ltr'><strong>quem</strong></span> <span class='ocrx_word' id='word_1_585' title='bbox 1703 4078 1804 4138; x_wconf 92' lang='lat' dir='ltr'><strong>locum</strong></span> <span class='ocrx_word' id='word_1_586' title='bbox 1818 4076 1969 4146; x_wconf 82' lang='lat' dir='ltr'><strong>scribens,</strong></span> 
     </span>
     <span class='ocr_line' id='line_1_47' title="bbox 227 4156 1970 4239; baseline 0.002 -22"><span class='ocrx_word' id='word_1_587' title='bbox 227 4222 230 4227; x_wconf 39' lang='lat'><strong>,</strong></span> <span class='ocrx_word' id='word_1_588' title='bbox 248 4156 333 4228; x_wconf 83' lang='lat' dir='ltr'><strong>Quod</strong></span> <span class='ocrx_word' id='word_1_589' title='bbox 350 4158 470 4237; x_wconf 89' lang='lat' dir='ltr'><strong>culpam</strong></span> <span class='ocrx_word' id='word_1_590' title='bbox 486 4166 516 4221; x_wconf 90' lang='lat' dir='ltr'><strong>et</strong></span> <span class='ocrx_word' id='word_1_591' title='bbox 531 4175 660 4239; x_wconf 87' lang='lat' dir='ltr'><strong>poenam</strong></span> <span class='ocrx_word' id='word_1_592' title='bbox 689 4165 841 4222; x_wconf 90' lang='lat' dir='ltr'><strong>aeternam</strong></span> <span class='ocrx_word' id='word_1_593' title='bbox 872 4175 933 4220; x_wconf 91' lang='lat' dir='ltr'><strong>oon</strong></span> <span class='ocrx_word' id='word_1_594' title='bbox 963 4160 1065 4236; x_wconf 87' lang='lat' dir='ltr'><strong>erpin-</strong></span> <span class='ocrx_word' id='word_1_595' title='bbox 1111 4159 1149 4220; x_wconf 89' lang='lat' dir='ltr'><strong>ita</strong></span> <span class='ocrx_word' id='word_1_596' title='bbox 1166 4159 1300 4235; x_wconf 87' lang='lat' dir='ltr'><strong>loquitur</strong></span> <span class='ocrx_word' id='word_1_597' title='bbox 1315 4177 1340 4220; x_wconf 88' lang='lat' dir='ltr'><strong>s.</strong></span> <span class='ocrx_word' id='word_1_598' title='bbox 1358 4157 1524 4238; x_wconf 76' lang='lat' dir='ltr'><strong>Gregorius</strong></span> <span class='ocrx_word' id='word_1_599' title='bbox 1539 4159 1593 4218; x_wconf 91' lang='lat' dir='ltr'><strong>lib.</strong></span> <span class='ocrx_word' id='word_1_600' title='bbox 1617 4158 1669 4220; x_wconf 79' lang='lat'><strong>22.</strong></span> <span class='ocrx_word' id='word_1_601' title='bbox 1699 4159 1806 4220; x_wconf 82' lang='lat' dir='ltr'><strong>ldoral.</strong></span> <span class='ocrx_word' id='word_1_602' title='bbox 1831 4177 1899 4238; x_wconf 88' lang='lat' dir='ltr'><strong>cap.</strong></span> <span class='ocrx_word' id='word_1_603' title='bbox 1917 4159 1970 4220; x_wconf 69' lang='lat' dir='ltr'><strong>te.</strong></span> 
     </span>
     <span class='ocr_line' id='line_1_48' title="bbox 204 4239 1972 4320; baseline 0.003 -23"><span class='ocrx_word' id='word_1_604' title='bbox 204 4246 285 4309; x_wconf 87' lang='lat' dir='ltr'><strong>rent,</strong></span> <span class='ocrx_word' id='word_1_605' title='bbox 301 4243 500 4319; x_wconf 88' lang='lat' dir='ltr'><strong>perspicuum</strong></span> <span class='ocrx_word' id='word_1_606' title='bbox 518 4251 575 4307; x_wconf 89' lang='lat' dir='ltr'><strong>cst.</strong></span> <span class='ocrx_word' id='word_1_607' title='bbox 593 4252 656 4303; x_wconf 90' lang='lat' dir='ltr'><strong>tum</strong></span> <span class='ocrx_word' id='word_1_608' title='bbox 687 4260 724 4304; x_wconf 85' lang='lat' dir='ltr'><strong>er</strong></span> <span class='ocrx_word' id='word_1_609' title='bbox 739 4243 850 4302; x_wconf 83' lang='lat' dir='ltr'><strong>baside</strong></span> <span class='ocrx_word' id='word_1_610' title='bbox 880 4243 996 4318; x_wconf 80' lang='lat' dir='ltr'><strong>psalm,</strong></span> <span class='ocrx_word' id='word_1_611' title='bbox 1008 4241 1060 4304; x_wconf 82' lang='lat'><strong>50.</strong></span> <span class='ocrx_word' id='word_1_612' title='bbox 1109 4240 1198 4303; x_wconf 85' lang='lat' dir='ltr'><strong>iram</strong></span> <span class='ocrx_word' id='word_1_613' title='bbox 1205 4242 1329 4317; x_wconf 81' lang='lat' dir='ltr'><strong>judicis</strong></span> <span class='ocrx_word' id='word_1_614' title='bbox 1342 4243 1476 4320; x_wconf 85' lang='lat' dir='ltr'><strong>placore</strong></span> <span class='ocrx_word' id='word_1_615' title='bbox 1489 4239 1592 4302; x_wconf 86' lang='lat' dir='ltr'><strong>nascit</strong></span> <span class='ocrx_word' id='word_1_616' title='bbox 1604 4239 1805 4318; x_wconf 69' lang='lat' dir='ltr'><strong>chlodomiri</strong></span> <span class='ocrx_word' id='word_1_617' title='bbox 1820 4259 1862 4304; x_wconf 77' lang='lat' dir='ltr'><strong>ec</strong></span> <span class='ocrx_word' id='word_1_618' title='bbox 1878 4259 1972 4304; x_wconf 85' lang='lat' dir='ltr'><strong>mun·</strong></span> 
     </span>
     <span class='ocr_line' id='line_1_49' title="bbox 205 4321 1973 4404; baseline 0.001 -22"><span class='ocrx_word' id='word_1_619' title='bbox 205 4321 242 4382; x_wconf 85' lang='lat' dir='ltr'><strong>Si</strong></span> <span class='ocrx_word' id='word_1_620' title='bbox 254 4323 408 4387; x_wconf 82' lang='lat' dir='ltr'><strong>uolrrisses</strong></span> <span class='ocrx_word' id='word_1_621' title='bbox 418 4325 625 4398; x_wconf 68' lang='lat' dir='ltr'><strong>sucrificium,</strong></span> <span class='ocrx_word' id='word_1_622' title='bbox 652 4324 821 4387; x_wconf 76' lang='lat' dir='ltr'><strong>dedissem:</strong></span> <span class='ocrx_word' id='word_1_623' title='bbox 837 4327 952 4403; x_wconf 83' lang='lat' dir='ltr'><strong>otique</strong></span> <span class='ocrx_word' id='word_1_624' title='bbox 979 4325 1067 4388; x_wconf 89' lang='lat' dir='ltr'><strong>bolo·</strong></span> <span class='ocrx_word' id='word_1_625' title='bbox 1110 4325 1330 4393; x_wconf 88' lang='lat' dir='ltr'><strong>ditioplcceat</strong></span> <span class='ocrx_word' id='word_1_626' title='bbox 1355 4321 1526 4404; x_wconf 68' lang='lat' dir='ltr'><strong>offerentis.</strong></span> <span class='ocrx_word' id='word_1_627' title='bbox 1550 4323 1585 4384; x_wconf 78' lang='lat' dir='ltr'><strong>bt</strong></span> <span class='ocrx_word' id='word_1_628' title='bbox 1611 4325 1705 4403; x_wconf 89' lang='lat' dir='ltr'><strong>paulo</strong></span> <span class='ocrx_word' id='word_1_629' title='bbox 1735 4333 1816 4401; x_wconf 89' lang='lat' dir='ltr'><strong>post:</strong></span> <span class='ocrx_word' id='word_1_630' title='bbox 1846 4325 1973 4386; x_wconf 87' lang='lat' dir='ltr'><strong>idcirco</strong></span> 
     </span>
     <span class='ocr_line' id='line_1_50' title="bbox 204 4405 1974 4485; baseline 0.002 -21"><span class='ocrx_word' id='word_1_631' title='bbox 204 4408 324 4467; x_wconf 77' lang='lat' dir='ltr'><strong>caustis</strong></span> <span class='ocrx_word' id='word_1_632' title='bbox 337 4423 406 4471; x_wconf 83' lang='lat' dir='ltr'><strong>oon</strong></span> <span class='ocrx_word' id='word_1_633' title='bbox 419 4406 839 4485; x_wconf 71' lang='lat' dir='ltr'><strong>delectaberis.8ccrr&#39;tirirsm</strong></span> <span class='ocrx_word' id='word_1_634' title='bbox 854 4405 917 4468; x_wconf 85' lang='lat' dir='ltr'><strong>ilco</strong></span> <span class='ocrx_word' id='word_1_635' title='bbox 931 4409 1066 4484; x_wconf 84' lang='lat' dir='ltr'><strong>spiritns</strong></span> <span class='ocrx_word' id='word_1_636' title='bbox 1107 4423 1176 4469; x_wconf 84' lang='lat' dir='ltr'><strong>raon</strong></span> <span class='ocrx_word' id='word_1_637' title='bbox 1191 4405 1265 4468; x_wconf 82' lang='lat' dir='ltr'><strong>Abel</strong></span> <span class='ocrx_word' id='word_1_638' title='bbox 1280 4423 1323 4470; x_wconf 86' lang='lat' dir='ltr'><strong>cm</strong></span> <span class='ocrx_word' id='word_1_639' title='bbox 1337 4407 1599 4479; x_wconf 76' lang='lat' dir='ltr'><strong>incursibussed</strong></span> <span class='ocrx_word' id='word_1_640' title='bbox 1613 4423 1655 4469; x_wconf 78' lang='lat' dir='ltr'><strong>em</strong></span> <span class='ocrx_word' id='word_1_641' title='bbox 1671 4405 1747 4469; x_wconf 83' lang='lat' dir='ltr'><strong>Abel</strong></span> <span class='ocrx_word' id='word_1_642' title='bbox 1762 4423 1906 4470; x_wconf 86' lang='lat' dir='ltr'><strong>munera</strong></span> <span class='ocrx_word' id='word_1_643' title='bbox 1921 4408 1974 4467; x_wconf 92' lang='lat' dir='ltr'><strong>ob-</strong></span> 
     </span>
     <span class='ocr_line' id='line_1_51' title="bbox 205 4489 1975 4569; baseline 0.003 -24"><span class='ocrx_word' id='word_1_644' title='bbox 205 4489 466 4552; x_wconf 83' lang='lat' dir='ltr'><strong>cuntribulotos:</strong></span> <span class='ocrx_word' id='word_1_645' title='bbox 495 4507 551 4552; x_wconf 87' lang='lat' dir='ltr'><strong>cor</strong></span> <span class='ocrx_word' id='word_1_646' title='bbox 586 4491 759 4552; x_wconf 86' lang='lat' dir='ltr'><strong>contritum</strong></span> <span class='ocrx_word' id='word_1_647' title='bbox 787 4493 817 4552; x_wconf 89' lang='lat' dir='ltr'><strong>ot</strong></span> <span class='ocrx_word' id='word_1_648' title='bbox 844 4489 1065 4553; x_wconf 75' lang='lat' dir='ltr'><strong>bumilitatem</strong></span> <span class='ocrx_word' id='word_1_649' title='bbox 1109 4489 1176 4550; x_wconf 90' lang='lat' dir='ltr'><strong>loto</strong></span> <span class='ocrx_word' id='word_1_650' title='bbox 1200 4492 1405 4569; x_wconf 80' lang='lat' dir='ltr'><strong>placuerunt.</strong></span> <span class='ocrx_word' id='word_1_651' title='bbox 1436 4491 1534 4567; x_wconf 78' lang='lat' dir='ltr'><strong>Atque</strong></span> <span class='ocrx_word' id='word_1_652' title='bbox 1550 4491 1626 4550; x_wconf 83' lang='lat' dir='ltr'><strong>llaec</strong></span> <span class='ocrx_word' id='word_1_653' title='bbox 1641 4489 1680 4550; x_wconf 90' lang='lat' dir='ltr'><strong>dc</strong></span> <span class='ocrx_word' id='word_1_654' title='bbox 1696 4491 1794 4553; x_wconf 85' lang='lat' dir='ltr'><strong>rulido</strong></span> <span class='ocrx_word' id='word_1_655' title='bbox 1810 4493 1927 4552; x_wconf 82' lang='lat' dir='ltr'><strong>tlalriui</strong></span> <span class='ocrx_word' id='word_1_656' title='bbox 1945 4509 1975 4550; x_wconf 83' lang='lat' dir='ltr'><strong>a·</strong></span> 
     </span>
    </p>
   </div>
   <div class='ocr_carea' id='block_1_3' title="bbox 203 4567 1975 5146">
    <p class='ocr_par' dir='ltr' id='par_1_3' title="bbox 203 4567 1194 4651">
     <span class='ocr_line' id='line_1_52' title="bbox 203 4567 1194 4651; baseline 0.005 -21"><span class='ocrx_word' id='word_1_657' title='bbox 203 4567 289 4633; x_wconf 86' lang='lat' dir='ltr'><strong>Deus</strong></span> <span class='ocrx_word' id='word_1_658' title='bbox 303 4587 372 4633; x_wconf 84' lang='lat' dir='ltr'><strong>oon</strong></span> <span class='ocrx_word' id='word_1_659' title='bbox 386 4573 553 4651; x_wconf 80' lang='lat' dir='ltr'><strong>despicies,</strong></span> <span class='ocrx_word' id='word_1_660' title='bbox 567 4579 629 4639; x_wconf 84' lang='lat' dir='ltr'><strong>tom</strong></span> <span class='ocrx_word' id='word_1_661' title='bbox 645 4589 682 4633; x_wconf 88' lang='lat' dir='ltr'><strong>err</strong></span> <span class='ocrx_word' id='word_1_662' title='bbox 693 4588 741 4638; x_wconf 83' lang='lat' dir='ltr'><strong>eo.</strong></span> <span class='ocrx_word' id='word_1_663' title='bbox 758 4573 840 4648; x_wconf 89' lang='lat' dir='ltr'><strong>quud</strong></span> <span class='ocrx_word' id='word_1_664' title='bbox 862 4589 898 4635; x_wconf 91' lang='lat' dir='ltr'><strong>ea</strong></span> <span class='ocrx_word' id='word_1_665' title='bbox 915 4573 1063 4636; x_wconf 88' lang='lat' dir='ltr'><strong>sacriilcia</strong></span> <span class='ocrx_word' id='word_1_666' title='bbox 1106 4573 1194 4635; x_wconf 86' lang='lat' dir='ltr'><strong>risle.</strong></span> 
     </span>
    </p>

    <p class='ocr_par' dir='ltr' id='par_1_4' title="bbox 204 4651 1973 4733">
     <span class='ocr_line' id='line_1_53' title="bbox 204 4651 1973 4733; baseline 0.001 -22"><span class='ocrx_word' id='word_1_667' title='bbox 204 4651 270 4713; x_wconf 81' lang='lat' dir='ltr'><strong>lico</strong></span> <span class='ocrx_word' id='word_1_668' title='bbox 286 4662 368 4729; x_wconf 74' lang='lat' dir='ltr'><strong>prata</strong></span> <span class='ocrx_word' id='word_1_669' title='bbox 385 4654 445 4715; x_wconf 80' lang='lat' dir='ltr'><strong>non</strong></span> <span class='ocrx_word' id='word_1_670' title='bbox 462 4660 558 4726; x_wconf 88' lang='lat' dir='ltr'><strong>erant,</strong></span> <span class='ocrx_word' id='word_1_671' title='bbox 574 4654 700 4730; x_wconf 82' lang='lat' dir='ltr'><strong>nisiqui</strong></span> <span class='ocrx_word' id='word_1_672' title='bbox 716 4653 943 4719; x_wconf 83' lang='lat' dir='ltr'><strong>oiierebat.lleo</strong></span> <span class='ocrx_word' id='word_1_673' title='bbox 957 4663 1063 4732; x_wconf 75' lang='lat' dir='ltr'><strong>pratus</strong></span> <span class='ocrx_word' id='word_1_674' title='bbox 1148 4655 1272 4716; x_wconf 87' lang='lat' dir='ltr'><strong>Sertrrm</strong></span> <span class='ocrx_word' id='word_1_675' title='bbox 1289 4653 1496 4717; x_wconf 89' lang='lat' dir='ltr'><strong>testimouium</strong></span> <span class='ocrx_word' id='word_1_676' title='bbox 1513 4659 1562 4714; x_wconf 90' lang='lat' dir='ltr'><strong>est</strong></span> <span class='ocrx_word' id='word_1_677' title='bbox 1575 4652 1675 4716; x_wconf 85' lang='lat' dir='ltr'><strong>Oscae</strong></span> <span class='ocrx_word' id='word_1_678' title='bbox 1694 4655 1742 4716; x_wconf 80' lang='lat' dir='ltr'><strong>tt.</strong></span> <span class='ocrx_word' id='word_1_679' title='bbox 1761 4655 1911 4733; x_wconf 79' lang='lat' dir='ltr'><strong>Qualem,</strong></span> <span class='ocrx_word' id='word_1_680' title='bbox 1928 4655 1973 4714; x_wconf 93' lang='lat' dir='ltr'><strong>in·</strong></span> 
     </span>
    </p>

    <p class='ocr_par' dir='ltr' id='par_1_5' title="bbox 205 4736 1972 4816">
     <span class='ocr_line' id='line_1_54' title="bbox 205 4736 1972 4816; baseline 0.002 -23"><span class='ocrx_word' id='word_1_681' title='bbox 205 4744 236 4794; x_wconf 88' lang='lat' dir='ltr'><strong>ct</strong></span> <span class='ocrx_word' id='word_1_682' title='bbox 251 4752 304 4810; x_wconf 92' lang='lat' dir='ltr'><strong>pur</strong></span> <span class='ocrx_word' id='word_1_683' title='bbox 320 4739 376 4797; x_wconf 89' lang='lat' dir='ltr'><strong>boc</strong></span> <span class='ocrx_word' id='word_1_684' title='bbox 389 4736 492 4816; x_wconf 89' lang='lat' dir='ltr'><strong>justus</strong></span> <span class='ocrx_word' id='word_1_685' title='bbox 514 4742 608 4810; x_wconf 67' lang='lat' dir='ltr'><strong>essee</strong></span> <span class='ocrx_word' id='word_1_686' title='bbox 631 4753 698 4796; x_wconf 89' lang='lat' dir='ltr'><strong>uam</strong></span> <span class='ocrx_word' id='word_1_687' title='bbox 726 4736 916 4800; x_wconf 78' lang='lat' dir='ltr'><strong>Proverbior.</strong></span> <span class='ocrx_word' id='word_1_688' title='bbox 948 4737 997 4802; x_wconf 73' lang='lat' dir='ltr'><strong>ti.</strong></span> <span class='ocrx_word' id='word_1_689' title='bbox 1020 4740 1062 4800; x_wconf 85' lang='lat' dir='ltr'><strong>ri·</strong></span> <span class='ocrx_word' id='word_1_690' title='bbox 1108 4740 1173 4812; x_wconf 90' lang='lat' dir='ltr'><strong>quit</strong></span> <span class='ocrx_word' id='word_1_691' title='bbox 1189 4738 1340 4807; x_wconf 80' lang='lat' dir='ltr'><strong>Calvinus,</strong></span> <span class='ocrx_word' id='word_1_692' title='bbox 1357 4737 1653 4814; x_wconf 75' lang='lat' dir='ltr'><strong>compensationem</strong></span> <span class='ocrx_word' id='word_1_693' title='bbox 1673 4737 1800 4800; x_wconf 71' lang='lat' dir='ltr'><strong>cnobb</strong></span> <span class='ocrx_word' id='word_1_694' title='bbox 1827 4739 1972 4814; x_wconf 84' lang='lat' dir='ltr'><strong>recipiat</strong></span> 
     </span>
    </p>

    <p class='ocr_par' dir='ltr' id='par_1_6' title="bbox 204 4817 1972 4899">
     <span class='ocr_line' id='line_1_55' title="bbox 204 4817 1972 4899; baseline 0.002 -23"><span class='ocrx_word' id='word_1_695' title='bbox 204 4818 314 4878; x_wconf 89' lang='lat' dir='ltr'><strong>climac</strong></span> <span class='ocrx_word' id='word_1_696' title='bbox 329 4818 493 4895; x_wconf 90' lang='lat' dir='ltr'><strong>impiorum</strong></span> <span class='ocrx_word' id='word_1_697' title='bbox 509 4818 658 4880; x_wconf 64' lang='lat' dir='ltr'><strong>dicuntur*</strong></span> <span class='ocrx_word' id='word_1_698' title='bbox 672 4819 896 4882; x_wconf 87' lang='lat' dir='ltr'><strong>abominabiles</strong></span> <span class='ocrx_word' id='word_1_699' title='bbox 918 4820 1060 4882; x_wconf 87' lang='lat' dir='ltr'><strong>ltomioo:</strong></span> <span class='ocrx_word' id='word_1_700' title='bbox 1106 4817 1272 4886; x_wconf 76' lang='lat' dir='ltr'><strong>Dominus.</strong></span> <span class='ocrx_word' id='word_1_701' title='bbox 1286 4821 1398 4899; x_wconf 81' lang='lat' dir='ltr'><strong>porrois</strong></span> <span class='ocrx_word' id='word_1_702' title='bbox 1419 4817 1523 4882; x_wconf 86' lang='lat' dir='ltr'><strong>serbis</strong></span> <span class='ocrx_word' id='word_1_703' title='bbox 1539 4819 1702 4896; x_wconf 84' lang='lat' dir='ltr'><strong>slepoatcr</strong></span> <span class='ocrx_word' id='word_1_704' title='bbox 1723 4819 1818 4882; x_wconf 77' lang='lat' dir='ltr'><strong>oreas</strong></span> <span class='ocrx_word' id='word_1_705' title='bbox 1833 4837 1972 4898; x_wconf 67' lang='lat' dir='ltr'><strong>cmpres-</strong></span> 
     </span>
    </p>

    <p class='ocr_par' dir='ltr' id='par_1_7' title="bbox 203 4901 1974 4982">
     <span class='ocr_line' id='line_1_56' title="bbox 203 4901 1974 4982; baseline 0.003 -25"><span class='ocrx_word' id='word_1_706' title='bbox 203 4912 267 4960; x_wconf 89' lang='lat' dir='ltr'><strong>rum</strong></span> <span class='ocrx_word' id='word_1_707' title='bbox 280 4902 658 4978; x_wconf 86' lang='lat' dir='ltr'><strong>deniqueertestimoniis</strong></span> <span class='ocrx_word' id='word_1_708' title='bbox 671 4903 810 4978; x_wconf 86' lang='lat' dir='ltr'><strong>plurimis</strong></span> <span class='ocrx_word' id='word_1_709' title='bbox 837 4905 1062 4982; x_wconf 86' lang='lat' dir='ltr'><strong>Scripturarum</strong></span> <span class='ocrx_word' id='word_1_710' title='bbox 1106 4905 1159 4963; x_wconf 87' lang='lat' dir='ltr'><strong>sit:</strong></span> <span class='ocrx_word' id='word_1_711' title='bbox 1179 4901 1319 4975; x_wconf 84' lang='lat' dir='ltr'><strong>Omnem,</strong></span> <span class='ocrx_word' id='word_1_712' title='bbox 1343 4903 1455 4980; x_wconf 90' lang='lat' dir='ltr'><strong>inquit.</strong></span> <span class='ocrx_word' id='word_1_713' title='bbox 1473 4903 1561 4964; x_wconf 89' lang='lat' dir='ltr'><strong>tolles</strong></span> <span class='ocrx_word' id='word_1_714' title='bbox 1582 4903 1800 4980; x_wconf 83' lang='lat' dir='ltr'><strong>iniquitatem,</strong></span> <span class='ocrx_word' id='word_1_715' title='bbox 1825 4903 1974 4964; x_wconf 73' lang='lat' dir='ltr'><strong>elimes:</strong></span> 
     </span>
    </p>

    <p class='ocr_par' dir='ltr' id='par_1_8' title="bbox 203 4984 1975 5146">
     <span class='ocr_line' id='line_1_57' title="bbox 203 4984 1975 5064; baseline 0.002 -22"><span class='ocrx_word' id='word_1_716' title='bbox 203 4988 235 5043; x_wconf 92' lang='lat' dir='ltr'><strong>et</strong></span> <span class='ocrx_word' id='word_1_717' title='bbox 250 4984 381 5054; x_wconf 84' lang='lat' dir='ltr'><strong>Petrum,</strong></span> <span class='ocrx_word' id='word_1_718' title='bbox 398 4999 477 5061; x_wconf 92' lang='lat' dir='ltr'><strong>quae</strong></span> <span class='ocrx_word' id='word_1_719' title='bbox 489 4984 558 5046; x_wconf 94' lang='lat' dir='ltr'><strong>loco</strong></span> <span class='ocrx_word' id='word_1_720' title='bbox 573 4986 665 5045; x_wconf 91' lang='lat' dir='ltr'><strong>citato</strong></span> <span class='ocrx_word' id='word_1_721' title='bbox 679 4985 874 5048; x_wconf 82' lang='lat' dir='ltr'><strong>adduximus.</strong></span> <span class='ocrx_word' id='word_1_722' title='bbox 1108 5003 1149 5048; x_wconf 89' lang='lat' dir='ltr'><strong>cn</strong></span> <span class='ocrx_word' id='word_1_723' title='bbox 1159 4991 1364 5064; x_wconf 81' lang='lat' dir='ltr'><strong>peccatorum</strong></span> <span class='ocrx_word' id='word_1_724' title='bbox 1375 4984 1522 5048; x_wconf 83' lang='lat' dir='ltr'><strong>remissio</strong></span> <span class='ocrx_word' id='word_1_725' title='bbox 1534 4991 1564 5046; x_wconf 89' lang='lat' dir='ltr'><strong>et</strong></span> <span class='ocrx_word' id='word_1_726' title='bbox 1576 4985 1692 5047; x_wconf 82' lang='lat' dir='ltr'><strong>citatos</strong></span> <span class='ocrx_word' id='word_1_727' title='bbox 1714 4985 1881 5048; x_wconf 78' lang='lat' dir='ltr'><strong>labiorum</strong></span> <span class='ocrx_word' id='word_1_728' title='bbox 1896 5003 1975 5064; x_wconf 82' lang='lat' dir='ltr'><strong>per-</strong></span> 
     </span>
     <span class='ocr_line' id='line_1_58' title="bbox 244 5064 1536 5146; baseline 0.002 -20"><span class='ocrx_word' id='word_1_729' title='bbox 244 5064 329 5140; x_wconf 80' lang='lat' dir='ltr'><strong>Quod</strong></span> <span class='ocrx_word' id='word_1_730' title='bbox 346 5071 447 5128; x_wconf 86' lang='lat' dir='ltr'><strong>autem</strong></span> <span class='ocrx_word' id='word_1_731' title='bbox 460 5073 493 5127; x_wconf 92' lang='lat' dir='ltr'><strong>ut</strong></span> <span class='ocrx_word' id='word_1_732' title='bbox 504 5067 653 5145; x_wconf 86' lang='lat' dir='ltr'><strong>quaedam</strong></span> <span class='ocrx_word' id='word_1_733' title='bbox 666 5066 1063 5146; x_wconf 72' lang='lat' dir='ltr'><strong>satisfactionesexpiarent</strong></span> <span class='ocrx_word' id='word_1_734' title='bbox 1107 5070 1276 5142; x_wconf 69' lang='lat' dir='ltr'><strong>solvemus·</strong></span> <span class='ocrx_word' id='word_1_735' title='bbox 1292 5083 1333 5130; x_wconf 83' lang='lat' dir='ltr'><strong>err</strong></span> <span class='ocrx_word' id='word_1_736' title='bbox 1346 5067 1536 5142; x_wconf 74' lang='lat' dir='ltr'><strong>satisfactis.</strong></span> 
     </span>
    </p>
   </div>
   <div class='ocr_carea' id='block_1_4' title="bbox 142 5149 1977 5728">
    <p class='ocr_par' dir='ltr' id='par_1_9' title="bbox 142 5149 1977 5728">
     <span class='ocr_line' id='line_1_59' title="bbox 201 5149 1974 5228; baseline 0.002 -21"><span class='ocrx_word' id='word_1_737' title='bbox 201 5155 318 5209; x_wconf 88' lang='lat' dir='ltr'><strong>reatum</strong></span> <span class='ocrx_word' id='word_1_738' title='bbox 335 5164 453 5224; x_wconf 88' lang='lat' dir='ltr'><strong>poenae</strong></span> <span class='ocrx_word' id='word_1_739' title='bbox 466 5151 655 5226; x_wconf 88' lang='lat' dir='ltr'><strong>temporalis;</strong></span> <span class='ocrx_word' id='word_1_740' title='bbox 678 5150 819 5228; x_wconf 89' lang='lat' dir='ltr'><strong>sequitur</strong></span> <span class='ocrx_word' id='word_1_741' title='bbox 848 5167 885 5211; x_wconf 83' lang='lat' dir='ltr'><strong>er</strong></span> <span class='ocrx_word' id='word_1_742' title='bbox 912 5152 978 5226; x_wconf 90' lang='lat' dir='ltr'><strong>ipsa</strong></span> <span class='ocrx_word' id='word_1_743' title='bbox 1004 5151 1059 5214; x_wconf 87' lang='lat' dir='ltr'><strong>lici</strong></span> <span class='ocrx_word' id='word_1_744' title='bbox 1146 5151 1399 5228; x_wconf 65' lang='lat' dir='ltr'><strong>ilcspoudeotllui</strong></span> <span class='ocrx_word' id='word_1_745' title='bbox 1417 5149 1513 5211; x_wconf 87' lang='lat' dir='ltr'><strong>Deum</strong></span> <span class='ocrx_word' id='word_1_746' title='bbox 1530 5154 1615 5228; x_wconf 79' lang='lat' dir='ltr'><strong>rogat</strong></span> <span class='ocrx_word' id='word_1_747' title='bbox 1628 5155 1659 5210; x_wconf 93' lang='lat' dir='ltr'><strong>ut</strong></span> <span class='ocrx_word' id='word_1_748' title='bbox 1673 5163 1798 5212; x_wconf 89' lang='lat' dir='ltr'><strong>omnem</strong></span> <span class='ocrx_word' id='word_1_749' title='bbox 1810 5150 1900 5212; x_wconf 82' lang='lat' dir='ltr'><strong>tollet</strong></span> <span class='ocrx_word' id='word_1_750' title='bbox 1916 5149 1974 5210; x_wconf 85' lang='lat' dir='ltr'><strong>ini·</strong></span> 
     </span>
     <span class='ocr_line' id='line_1_60' title="bbox 142 5222 1974 5312; baseline 0.003 -24"><span class='ocrx_word' id='word_1_751' title='bbox 142 5222 150 5249; x_wconf 85' lang='lat'>¹</span> <span class='ocrx_word' id='word_1_752' title='bbox 200 5233 418 5305; x_wconf 86' lang='lat' dir='ltr'><strong>promissione.</strong></span> <span class='ocrx_word' id='word_1_753' title='bbox 436 5232 578 5294; x_wconf 89' lang='lat' dir='ltr'><strong>Promisit</strong></span> <span class='ocrx_word' id='word_1_754' title='bbox 590 5233 674 5294; x_wconf 87' lang='lat' dir='ltr'><strong>enim</strong></span> <span class='ocrx_word' id='word_1_755' title='bbox 697 5234 779 5294; x_wconf 86' lang='lat' dir='ltr'><strong>bens</strong></span> <span class='ocrx_word' id='word_1_756' title='bbox 806 5231 1007 5296; x_wconf 75' lang='lat' dir='ltr'><strong>offerentibus</strong></span> <span class='ocrx_word' id='word_1_757' title='bbox 1021 5251 1057 5296; x_wconf 89' lang='lat' dir='ltr'><strong>ea</strong></span> <span class='ocrx_word' id='word_1_758' title='bbox 1105 5234 1266 5308; x_wconf 77' lang='lat' dir='ltr'><strong>quitatem,</strong></span> <span class='ocrx_word' id='word_1_759' title='bbox 1277 5234 1347 5312; x_wconf 89' lang='lat' dir='ltr'><strong>jure</strong></span> <span class='ocrx_word' id='word_1_760' title='bbox 1363 5232 1528 5311; x_wconf 89' lang='lat' dir='ltr'><strong>pollicetur</strong></span> <span class='ocrx_word' id='word_1_761' title='bbox 1543 5232 1695 5294; x_wconf 90' lang='lat' dir='ltr'><strong>actionem</strong></span> <span class='ocrx_word' id='word_1_762' title='bbox 1707 5235 1887 5310; x_wconf 78' lang='lat' dir='ltr'><strong>gratiarum,</strong></span> <span class='ocrx_word' id='word_1_763' title='bbox 1906 5235 1974 5294; x_wconf 83' lang='lat' dir='ltr'><strong>sire</strong></span> 
     </span>
     <span class='ocr_line' id='line_1_61' title="bbox 200 5312 1977 5395; baseline 0.004 -26"><span class='ocrx_word' id='word_1_764' title='bbox 200 5312 361 5384; x_wconf 81' lang='lat' dir='ltr'><strong>sacrificio,</strong></span> <span class='ocrx_word' id='word_1_765' title='bbox 378 5315 592 5376; x_wconf 84' lang='lat' dir='ltr'><strong>remissionem</strong></span> <span class='ocrx_word' id='word_1_766' title='bbox 609 5321 816 5393; x_wconf 89' lang='lat' dir='ltr'><strong>peccalorum:</strong></span> <span class='ocrx_word' id='word_1_767' title='bbox 833 5333 912 5395; x_wconf 88' lang='lat' dir='ltr'><strong>quse</strong></span> <span class='ocrx_word' id='word_1_768' title='bbox 928 5318 1058 5394; x_wconf 90' lang='lat' dir='ltr'><strong>promis·</strong></span> <span class='ocrx_word' id='word_1_769' title='bbox 1104 5316 1202 5376; x_wconf 88' lang='lat' dir='ltr'><strong>laudis</strong></span> <span class='ocrx_word' id='word_1_770' title='bbox 1218 5316 1412 5377; x_wconf 89' lang='lat' dir='ltr'><strong>sacriiloium.</strong></span> <span class='ocrx_word' id='word_1_771' title='bbox 1429 5313 1490 5378; x_wconf 87' lang='lat' dir='ltr'><strong>Sed</strong></span> <span class='ocrx_word' id='word_1_772' title='bbox 1507 5314 1580 5393; x_wconf 88' lang='lat' dir='ltr'><strong>quid</strong></span> <span class='ocrx_word' id='word_1_773' title='bbox 1597 5315 1655 5376; x_wconf 92' lang='lat' dir='ltr'><strong>boe</strong></span> <span class='ocrx_word' id='word_1_774' title='bbox 1670 5314 1741 5376; x_wconf 89' lang='lat' dir='ltr'><strong>lacit</strong></span> <span class='ocrx_word' id='word_1_775' title='bbox 1757 5321 1861 5378; x_wconf 89' lang='lat' dir='ltr'><strong>contra</strong></span> <span class='ocrx_word' id='word_1_776' title='bbox 1876 5315 1977 5378; x_wconf 85' lang='lat' dir='ltr'><strong>Satis·</strong></span> 
     </span>
     <span class='ocr_line' id='line_1_62' title="bbox 199 5395 1974 5478; baseline 0.006 -27"><span class='ocrx_word' id='word_1_777' title='bbox 199 5395 247 5454; x_wconf 89' lang='lat' dir='ltr'><strong>siu</strong></span> <span class='ocrx_word' id='word_1_778' title='bbox 261 5413 330 5457; x_wconf 91' lang='lat' dir='ltr'><strong>cum</strong></span> <span class='ocrx_word' id='word_1_779' title='bbox 344 5398 473 5476; x_wconf 78' lang='lat' dir='ltr'><strong>intelligi</strong></span> <span class='ocrx_word' id='word_1_780' title='bbox 487 5408 620 5476; x_wconf 88' lang='lat' dir='ltr'><strong>nequeat</strong></span> <span class='ocrx_word' id='word_1_781' title='bbox 631 5399 670 5460; x_wconf 93' lang='lat' dir='ltr'><strong>dc</strong></span> <span class='ocrx_word' id='word_1_782' title='bbox 682 5399 865 5460; x_wconf 89' lang='lat' dir='ltr'><strong>remissione</strong></span> <span class='ocrx_word' id='word_1_783' title='bbox 877 5400 977 5478; x_wconf 90' lang='lat' dir='ltr'><strong>quoad</strong></span> <span class='ocrx_word' id='word_1_784' title='bbox 993 5401 1057 5462; x_wconf 91' lang='lat' dir='ltr'><strong>cnl-</strong></span> <span class='ocrx_word' id='word_1_785' title='bbox 1103 5397 1283 5461; x_wconf 79' lang='lat' dir='ltr'><strong>lactionum?</strong></span> <span class='ocrx_word' id='word_1_786' title='bbox 1296 5417 1362 5459; x_wconf 88' lang='lat' dir='ltr'><strong>nam</strong></span> <span class='ocrx_word' id='word_1_787' title='bbox 1379 5415 1480 5475; x_wconf 90' lang='lat' dir='ltr'><strong>neque</strong></span> <span class='ocrx_word' id='word_1_788' title='bbox 1507 5397 1655 5476; x_wconf 83' lang='lat' dir='ltr'><strong>iniquitas</strong></span> <span class='ocrx_word' id='word_1_789' title='bbox 1674 5404 1793 5460; x_wconf 89' lang='lat' dir='ltr'><strong>reatum</strong></span> <span class='ocrx_word' id='word_1_790' title='bbox 1820 5414 1945 5475; x_wconf 80' lang='lat' dir='ltr'><strong>pocuac</strong></span> <span class='ocrx_word' id='word_1_791' title='bbox 1966 5445 1974 5462; x_wconf 88' lang='lat'><strong>.</strong></span> 
     </span>
     <span class='ocr_line' id='line_1_63' title="bbox 199 5480 1974 5561; baseline 0.003 -26"><span class='ocrx_word' id='word_1_792' title='bbox 199 5490 269 5549; x_wconf 88' lang='lat' dir='ltr'><strong>pem</strong></span> <span class='ocrx_word' id='word_1_793' title='bbox 297 5483 327 5538; x_wconf 94' lang='lat' dir='ltr'><strong>et</strong></span> <span class='ocrx_word' id='word_1_794' title='bbox 342 5495 471 5557; x_wconf 89' lang='lat' dir='ltr'><strong>poenam</strong></span> <span class='ocrx_word' id='word_1_795' title='bbox 488 5487 643 5542; x_wconf 90' lang='lat' dir='ltr'><strong>aeternam</strong></span> <span class='ocrx_word' id='word_1_796' title='bbox 659 5501 667 5558; x_wconf 82' lang='lat'><em>3</em></span> <span class='ocrx_word' id='word_1_797' title='bbox 683 5482 714 5543; x_wconf 95' lang='lat' dir='ltr'><strong>id</strong></span> <span class='ocrx_word' id='word_1_798' title='bbox 731 5489 835 5552; x_wconf 89' lang='lat' dir='ltr'><strong>restat,</strong></span> <span class='ocrx_word' id='word_1_799' title='bbox 859 5493 892 5544; x_wconf 87' lang='lat' dir='ltr'><strong>ut</strong></span> <span class='ocrx_word' id='word_1_800' title='bbox 908 5483 1058 5561; x_wconf 79' lang='lat' dir='ltr'><strong>intelliga-</strong></span> <span class='ocrx_word' id='word_1_801' title='bbox 1103 5483 1158 5542; x_wconf 88' lang='lat' dir='ltr'><strong>sed</strong></span> <span class='ocrx_word' id='word_1_802' title='bbox 1176 5483 1296 5561; x_wconf 91' lang='lat' dir='ltr'><strong>culpam</strong></span> <span class='ocrx_word' id='word_1_803' title='bbox 1312 5480 1465 5560; x_wconf 79' lang='lat' dir='ltr'><strong>signifieat</strong></span> <span class='ocrx_word' id='word_1_804' title='bbox 1486 5480 1621 5558; x_wconf 90' lang='lat' dir='ltr'><strong>proprie,</strong></span> <span class='ocrx_word' id='word_1_805' title='bbox 1636 5494 1737 5555; x_wconf 90' lang='lat' dir='ltr'><strong>neque</strong></span> <span class='ocrx_word' id='word_1_806' title='bbox 1759 5481 1785 5543; x_wconf 89' lang='lat' dir='ltr'><strong>si</strong></span> <span class='ocrx_word' id='word_1_807' title='bbox 1802 5481 1888 5544; x_wconf 84' lang='lat' dir='ltr'><strong>[teus</strong></span> <span class='ocrx_word' id='word_1_808' title='bbox 1905 5483 1974 5544; x_wconf 88' lang='lat' dir='ltr'><strong>eul-</strong></span> 
     </span>
     <span class='ocr_line' id='line_1_64' title="bbox 199 5553 1974 5644; baseline 0.008 -30"><span class='ocrx_word' id='word_1_809' title='bbox 199 5561 249 5615; x_wconf 92' lang='lat' dir='ltr'><strong>tur</strong></span> <span class='ocrx_word' id='word_1_810' title='bbox 263 5558 302 5619; x_wconf 92' lang='lat' dir='ltr'><strong>de</strong></span> <span class='ocrx_word' id='word_1_811' title='bbox 318 5562 499 5624; x_wconf 88' lang='lat' dir='ltr'><strong>remissione</strong></span> <span class='ocrx_word' id='word_1_812' title='bbox 515 5567 631 5639; x_wconf 90' lang='lat' dir='ltr'><strong>peccati</strong></span> <span class='ocrx_word' id='word_1_813' title='bbox 648 5564 748 5641; x_wconf 85' lang='lat' dir='ltr'><strong>quoad</strong></span> <span class='ocrx_word' id='word_1_814' title='bbox 764 5580 892 5641; x_wconf 90' lang='lat' dir='ltr'><strong>poenam</strong></span> <span class='ocrx_word' id='word_1_815' title='bbox 909 5572 1059 5642; x_wconf 89' lang='lat' dir='ltr'><strong>tempora·</strong></span> <span class='ocrx_word' id='word_1_816' title='bbox 1103 5581 1172 5642; x_wconf 90' lang='lat' dir='ltr'><strong>pum</strong></span> <span class='ocrx_word' id='word_1_817' title='bbox 1189 5570 1218 5624; x_wconf 91' lang='lat' dir='ltr'><strong>ct</strong></span> <span class='ocrx_word' id='word_1_818' title='bbox 1230 5575 1360 5644; x_wconf 87' lang='lat' dir='ltr'><strong>poenam</strong></span> <span class='ocrx_word' id='word_1_819' title='bbox 1374 5571 1528 5625; x_wconf 88' lang='lat' dir='ltr'><strong>aeternam</strong></span> <span class='ocrx_word' id='word_1_820' title='bbox 1542 5553 1626 5623; x_wconf 86' lang='lat' dir='ltr'><strong>tollat</strong></span> <span class='ocrx_word' id='word_1_821' title='bbox 1638 5565 1797 5638; x_wconf 77' lang='lat' dir='ltr'><strong>temporali</strong></span> <span class='ocrx_word' id='word_1_822' title='bbox 1809 5571 1974 5630; x_wconf 84' lang='lat' dir='ltr'><strong>manente.</strong></span> 
     </span>
     <span class='ocr_line' id='line_1_65' title="bbox 200 5635 1977 5728; baseline 0.007 -30"><span class='ocrx_word' id='word_1_823' title='bbox 200 5635 273 5700; x_wconf 89' lang='lat' dir='ltr'><strong>lem.</strong></span> <span class='ocrx_word' id='word_1_824' title='bbox 288 5642 426 5720; x_wconf 78' lang='lat' dir='ltr'><strong>decedit,</strong></span> <span class='ocrx_word' id='word_1_825' title='bbox 444 5646 526 5723; x_wconf 92' lang='lat' dir='ltr'><strong>quod</strong></span> <span class='ocrx_word' id='word_1_826' title='bbox 542 5645 625 5707; x_wconf 84' lang='lat' dir='ltr'><strong>Deus</strong></span> <span class='ocrx_word' id='word_1_827' title='bbox 636 5645 766 5726; x_wconf 87' lang='lat' dir='ltr'><strong>jubebat</strong></span> <span class='ocrx_word' id='word_1_828' title='bbox 780 5661 835 5725; x_wconf 90' lang='lat' dir='ltr'><strong>pro</strong></span> <span class='ocrx_word' id='word_1_829' title='bbox 851 5661 993 5709; x_wconf 88' lang='lat' dir='ltr'><strong>mensura</strong></span> <span class='ocrx_word' id='word_1_830' title='bbox 1006 5647 1059 5710; x_wconf 89' lang='lat' dir='ltr'><strong>de·</strong></span> <span class='ocrx_word' id='word_1_831' title='bbox 1104 5663 1233 5728; x_wconf 87' lang='lat' dir='ltr'><strong>proque</strong></span> <span class='ocrx_word' id='word_1_832' title='bbox 1251 5646 1390 5710; x_wconf 88' lang='lat' dir='ltr'><strong>satisllcri</strong></span> <span class='ocrx_word' id='word_1_833' title='bbox 1408 5646 1530 5724; x_wconf 89' lang='lat' dir='ltr'><strong>debeat,</strong></span> <span class='ocrx_word' id='word_1_834' title='bbox 1548 5661 1610 5710; x_wconf 91' lang='lat' dir='ltr'><strong>non</strong></span> <span class='ocrx_word' id='word_1_835' title='bbox 1639 5651 1728 5708; x_wconf 90' lang='lat' dir='ltr'><strong>erunt</strong></span> <span class='ocrx_word' id='word_1_836' title='bbox 1758 5647 1914 5711; x_wconf 86' lang='lat' dir='ltr'><strong>labiorum</strong></span> <span class='ocrx_word' id='word_1_837' title='bbox 1932 5647 1977 5710; x_wconf 85' lang='lat' dir='ltr'><strong>ri·</strong></span> 
     </span>
    </p>
   </div>
   <div class='ocr_carea' id='block_1_5' title="bbox 0 0 2046 6275">
    <p class='ocr_par' dir='ltr' id='par_1_10' title="bbox 0 0 2046 6275">
     <span class='ocr_line' id='line_1_66' title="bbox 0 0 2046 6275; baseline 0 2"><span class='ocrx_word' id='word_1_838' title='bbox 0 0 2046 6275; x_wconf 95' lang='lat' dir='ltr'><strong> </strong></span> 
     </span>
    </p>
   </div>
  </div>
 </body>
</html>
