4084 6275
821 315 918 373 tltlh'it
936 312 1062 372 etlllltls
1726 317 1777 372 ill

94 451 250 531 hningtio
264 463 371 514 comes
384 450 659 516 accessiltoanncs
671 449 927 533 Occatampadlus
971 443 1246 528 signumatlerius,
1263 445 1426 510 sedetiam
1456 442 1526 526 oum
1558 461 1628 507 mm
1650 445 1739 526 signo
1758 447 1843 510 Deos

52 541 193 615 apostata
208 548 387 596 exmonaco
409 535 584 612 engitman,
607 537 659 615 qui
685 538 794 599 codem
808 543 926 617 tempo·
972 530 1064 592 nobis
1080 545 1151 592 rere
1165 528 1290 592 exhibet
1305 529 1407 610 ipsum
1424 541 1527 590 nerum
1543 527 1655 590 Christi
1683 545 1798 608 corpus
1812 537 1844 592 ct

52 620 216 682 retihrum
229 618 366 694 scripsit,
396 616 584 693 degenuina
600 620 794 697 expositione
819 621 928 684 rerho-
971 614 1167 691 sauguinem,
1194 625 1255 688 ouo
1276 612 1396 674 animae
1426 618 1549 672 nostrae
1576 627 1647 672 vere
1673 612 1794 676 alantur
1810 612 1841 674 iu

53 718 136 764 rum:
153 701 221 764 Hoc
236 704 409 780 estcorpue
422 715 544 777 mermi,
561 700 613 763 uhi
628 701 689 762 etsi
711 703 742 763 in
758 719 791 764 rc
815 720 926 766 conre-
970 695 1061 758 ritant
1078 702 1246 758 aeternam.
1263 695 1299 757 ld
1315 694 1408 757 habet
1423 691 1568 755 Calvinus
1592 695 1621 754 in
1638 696 1782 758 omnihus
1798 696 1842 758 to·

52 786 119 847 aial
145 797 221 846 cnm
235 783 396 859 hniugiio,
422 788 526 846 tameo
539 783 747 846 ‘commodius
773 802 928 863 exponere
970 779 1017 839 cis
1034 775 1300 856 supracitatis.1n
1318 794 1386 855 cap.
1409 775 1461 838 26.
1485 775 1589 837 llatth.
1620 780 1665 838 sic
1682 778 1840 860 loquitur:

53 874 188 930 conatos
203 872 252 928 est
263 865 354 927 rerba
369 881 497 938 cocuac,
513 874 546 930 ut
558 866 634 929 inira
657 868 808 930 dicemus.
832 869 930 932 hwin-
974 862 1048 924 Vere
1063 861 1324 922 inconmodotur
1337 858 1430 923 nohis
1445 873 1563 941 corpere
1590 857 1715 930 Christi,
1740 865 1776 922 tii
1799 859 1842 924 m'i

51 951 152 1029 pliona
175 953 208 1010 et
236 943 510 1028 Cecolampadium
536 950 659 1028 sequuti
685 958 756 1010 sunt
784 953 928 1028 permulti
972 945 1094 1006 anienis
1104 941 1595 1011 nostrisincihnmsuintorem,
1613 941 1671 1002 hac
1688 947 1743 1014 cst,
1769 942 1844 1005 suh·

49 1047 162 1094 eorum
177 1029 339 1106 discipuli,
356 1047 392 1092 ac
406 1033 572 1109 praecipue
594 1032 745 1094 tierricus
773 1034 928 1113 Buttinge-
971 1027 1094 1088 stantia
1118 1028 1262 1104 corporis
1286 1025 1401 1087 Christi
1431 1031 1615 1102 poscantur
1630 1027 1763 1092 oltt'rltoe
1785 1041 1843 1088 no·

49 1132 104 1176 rus
120 1113 267 1192 zwingm·
278 1127 457 1184 successor,
470 1115 502 1175 iu
524 1117 599 1177 sede
613 1116 769 1192 Tigurini,
788 1117 840 1193 nui
853 1118 929 1179 scri·
971 1114 1072 1177 cirne,
1087 1115 1123 1171 alt
1133 1123 1324 1174 acrconnm
1339 1106 1520 1204 efficiamur
1532 1123 1606 1168 euru
1621 1123 1669 1170 co.
1688 1107 1723 1168 m
1750 1109 1841 1184 inira;

51 1195 304 1277 psitapolopiam
321 1209 378 1272 pro
393 1195 540 1274 zwinglio
561 1204 666 1260 eontra
681 1198 882 1275 huthcranos3
898 1205 930 1262 et
974 1191 1129 1270 finitimo
1144 1205 1289 1252 inimum
1303 1197 1332 1252 ei
1343 1203 1447 1253 inniti
1461 1189 1593 1267 inunum
1607 1189 1699 1252 nobis
1721 1207 1842 1270 propo·

51 1278 268 1343 llernaralaus
283 1277 432 1344 hellinas.
450 1280 503 1356 nal
517 1279 642 1357 scripse
654 1283 744 1341 ellan
761 1282 872 1343 liuram
889 1285 929 1345 ac
970 1275 1075 1348 nitor,
1087 1275 1228 1336 sennem
1243 1274 1353 1335 eornm
1365 1273 1578 1350 etsonnninis
1600 1271 1731 1334 Dracina·
1752 1272 1844 1350 liant

51 1378 150 1426 coena
165 1361 400 1422 hominicontra
411 1360 670 1440 westphalumct
682 1363 789 1426 Petrus
805 1371 927 1446 ramur,
971 1355 1221 1436 participesque
1232 1355 1298 1432 lide
1307 1355 1559 1438 promissionem
1570 1353 1656 1417 ionc
1667 1355 1843 1434 recipiunt.

53 1445 108 1525 qui
122 1445 253 1521 scripsit
267 1444 380 1523 ingens
393 1445 537 1508 roioman
551 1446 593 1508 de
617 1446 808 1508 Eucharisliu
824 1456 929 1510 contra
973 1438 1010 1499 Ei
1025 1439 1081 1500 tib·
1096 1439 1128 1500 i·
1142 1437 1275 1500 institut.
1292 1455 1361 1516 cap.
1379 1437 1431 1499 ii.
1445 1435 1464 1516 i
1484 1435 1515 1498 5.
1544 1437 1647 1512 docet,
1676 1439 1843 1503 comedero

55 1529 251 1607 Stephanum
267 1525 481 1602 Cardinerum,
496 1528 529 1590 in
545 1543 607 1606 ouo
628 1529 743 1590 rcieiiit
758 1532 930 1594 solutiones
973 1511 1232 1591 Chm'iiimmem.
1249 1537 1310 1582 imm
1331 1535 1403 1583 esse
1425 1519 1525 1584 Sillim
1539 1519 1681 1590 melliti,
1699 1519 1753 1583 Sed
1770 1537 1843 1585 vere

55 1609 220 1674 Cardineri
234 1609 273 1670 ad
287 1607 360 1671 255.
376 1617 554 1687 argumenta
571 1611 893 1674 sacramentariorum.
972 1604 1152 1680 participem
1169 1603 1234 1664 heri
1246 1603 1349 1666 carnis
1365 1603 1447 1681 ejus3
1475 1607 1505 1664 et
1534 1603 1622 1678 ponit
1652 1603 1841 1679 exemptum:

92 1690 285 1754 Undecimus
294 1699 443 1770 patronus
457 1693 591 1772 insignis
602 1695 716 1756 erroris
732 1694 930 1773 Berengaria-
973 1685 1269 1761 Qnimmimitiilm
1289 1687 1387 1758 inim.
1405 1683 1516 1764 inquil,
1529 1699 1600 1746 nou
1615 1689 1776 1762 mucclam
1789 1687 1848 1748 sed

53 1776 86 1838 nl
110 1774 271 1837 lutatam.
286 1773 482 1838 Calrlnmds
497 1776 590 1856 igliur
603 1793 683 1838 acac
698 1777 817 1838 nomint
836 1777 925 1842 thau.
972 1769 1151 1847 nimponis
1163 1770 1357 1830 ntimcnmm
1381 1768 1525 1846 corporis
1540 1767 1658 1847 snlltcit
1675 1768 1844 1844 :itenere

55 1858 154 1922 edidit
169 1857 358 1936 primosum
375 1857 596 1925 institutiones.
618 1864 653 1920 ut
667 1868 793 1937 apparet
808 1875 846 1922 ex
861 1862 930 1938 epi·
971 1869 1011 1912 tm
1025 1853 1154 1930 penitus
1168 1853 1363 1928 participem
1381 1851 1497 1913 Christi
1518 1851 1668 1911 animone
1682 1847 1754 1926 hart
1769 1865 1844 1913 con·

54 1942 135 2004 stola
149 1939 342 2002 dedicatoria
357 1941 394 2002 ad
409 1957 515 2021 regem
537 1941 693 2004 (tattonem
704 1943 901 2004 Franciscum
918 1991 927 2021 ,
973 1935 1071 1998 concil.
1089 1933 1123 1995 Ct
1138 1935 1154 2014 p
1167 1933 1219 1994 32.
1232 1934 1272 1996 In
1285 1951 1382 1996 sacru
1396 1949 1459 1994 sno
1474 1945 1577 1994 coeno
1593 1929 1687 2008 jubet
1709 1948 1760 1992 racc
1786 1931 1846 1994 suh

55 2022 381 2102 qaaspaaceallerora
396 2024 709 2087 eercltauclasanna
724 2025 850 2086 taenea
866 2032 930 2087 ran·
973 2015 1235 2098 spmioiiapnnie
1261 2033 1301 2080 oc
1327 2017 1412 2086 alal,
1438 2030 1556 2094 carpas
1586 2029 1625 2074 aa
1647 2015 1847 2092 conpninem

58 2110 129 2168 dem
140 2119 226 2167 auno
241 2103 334 2166 tim.
350 2107 439 2168 lertio
454 2111 567 2168 mutata
592 2107 690 2169 torma
706 2154 715 2182 ,
746 2114 776 2169 et
798 2114 929 2186 quatuor
973 2115 1071 2162 Smim
1084 2115 1225 2162 mutere:
1237 2101 1322 2162 mihil
1336 2097 1544 2178 anhltaqum
1560 2102 1589 2158 il
1603 2097 1673 2176 ipsc
1687 2111 1761 2160 cero
1772 2113 1847 2176 por·

59 2189 149 2252 tihris
164 2190 410 2265 comprehensas
424 2189 532 2252 edidit.
971 2184 1070 2264 ripert,
1087 2188 1117 2244 el
1129 2197 1186 2260 epo
1200 2184 1372 2262 recipiam.
1383 2179 1419 2242 til
1434 2181 1466 2240 in
1479 2181 1560 2241 tihro
1576 2179 1614 2239 de
1628 2195 1723 2240 coena
1743 2179 1845 2241 Domi·

95 2269 928 2338 eraclianamaanormoalnamaaeoenaoanan
972 2269 1016 2339 nl,
1042 2283 1111 2344 cac·
1127 2265 1159 2326 2·
1182 2265 1460 2344 panrlcxemplau
1486 2263 1524 2324 aa
1540 2262 1709 2338 caraman,
1741 2260 1847 2341 intua

57 2354 181 2435 gattico,
198 2368 291 2432 quem
306 2360 377 2430 post
390 2353 638 2435 annosquiaquc
659 2352 800 2418 Nicotaus
830 2356 928 2420 Galla·
974 2349 1116 2492 argrimi
1128 2349 1260 2425 Similis
1275 2354 1413 2409 Simius·

58 2438 124 2499 sios
139 2435 271 2498 ietinum
287 2435 373 2512 iccit3
394 2436 425 2497 iu
440 2453 502 2515 ouo
518 2436 597 2498 tihro
620 2445 758 2498 extremo
773 2447 878 2516 aperte
894 2459 930 2503 ac
1041 2438 1051 2491 l
1067 2429 1148 2492 enim
1162 2431 1215 2492 itta
1238 2429 1379 2492 columba
1402 2428 1481 2489 dicta
1506 2431 1553 2486 est
1568 2424 1700 2502 Spiritus
1716 2432 1844 2488 structus

59 2520 241 2582 nominatim
258 2517 459 2594 reprehendit
480 2527 543 2581 tuan
558 2518 738 2593 Lutherum,
755 2527 820 2583 turn
835 2521 931 2586 hwin-
973 2513 1123 2575 aloanne
1138 2513 1415 2592 Baptista‚toanais
1427 2510 1536 2588 primo,
1548 2509 1618 2586 quia
1636 2511 1843 2572 certissimum

58 2604 167 2681 glium,
184 2605 217 2662 et
230 2615 266 2662 se
277 2600 417 2678 judicem
430 2618 538 2664 eorum
555 2603 724 2674 constituit,
755 2621 790 2664 ac
819 2622 931 2669 noram
972 2598 1094 2676 signum
1111 2603 1176 2658 aral
1191 2595 1381 2673 praesentiae
1399 2593 1531 2671 Spiritus
1547 2591 1642 2651 sancti
1658 2609 1666 2664 3
1698 2591 1736 2650 ita
1755 2592 1846 2668 panis

59 2685 240 2762 opinionem
256 2683 433 2758 introducit,
448 2697 528 2763 unae
542 2691 644 2747 tamen
659 2701 764 2748 revera
780 2686 856 2747 nihil
874 2688 930 2751 dll—
972 2695 1029 2759 llnr
1041 2680 1256 2757 metonymiam
1271 2679 1383 2739 dicitur
1397 2693 1510 2752 intulis
1540 2672 1652 2734 Christi
1670 2719 1678 2743 .
1707 2676 1776 2748 (lnin
1794 2683 1843 2734 ost

60 2768 118 2830 ieri
131 2783 149 2826 a
163 2772 319 2827 sententia
334 2765 482 2847 zwingiii.
975 2762 1182 2824 certissimum
1198 2761 1319 2840 signum
1333 2759 1527 2837 praescntiae
1550 2757 1688 2836 corporis
1705 2755 1817 2822 Christi
1836 2803 1844 2832 ,

100 2848 191 2910 Unde
204 2848 298 2927 puoto
314 2855 394 2926 post,
412 2850 504 2920 idest,
520 2865 603 2911 anno
619 2849 712 2922 ,istm
730 2849 827 2913 edidit
840 2851 930 2929 ithet-
974 2845 1057 2924 quod
1071 2845 1160 2904 nohis
1176 2843 1264 2906 datur
1278 2845 1308 2904 in
1324 2858 1434 2904 coena.

61 2932 124 2992 ium
147 2931 187 2992 de
209 2947 364 2993 consensu
380 2948 521 2994 succum
534 2934 690 3010 'tigurinis
717 2934 747 2994 in
777 2949 811 2994 re
826 2933 931 2996 Sacra·
1019 2926 1106 2988 dade
1121 2927 1238 2988 ibidem
1260 2925 1398 2996 affirmate
1416 2921 1571 2986 Christum
1599 2919 1690 2982 imbiS
1707 2919 1737 2980 5ss
1753 2935 1849 2982 coena

62 3014 223 3075 mentatio.
239 3012 330 3075 iiuita
347 3020 505 3093 praeterea
516 3016 557 3076 de
570 3017 628 3078 trac
639 3032 673 3077 re
687 3015 811 3093 scripsit
825 3019 855 3076 in
874 3018 927 3079 tih.
974 3022 1089 3084 veram
1107 3007 1324 3087 propriamque
1340 3007 1443 3068 carnis
1469 3011 1500 3066 ct
1517 3003 1677 3083 sanguinis
1707 3003 1754 3064 sui
1771 3003 1845 3064 suh·

60 3097 99 3159 dc
111 3096 307 3159 retormanda
322 3096 461 3161 Ecclesia
476 3146 484 3174 ‚
509 3099 540 3160 in
556 3098 785 3161 commentariis
812 3105 875 3161 tum
892 3099 931 3163 nd
975 3093 1118 3155 stantiam
1131 3092 1259 3154 donare.
1274 3091 1390 3153 Similia
1401 3089 1496 3151 hahet
1510 3087 1600 3148 ctiam
1616 3083 1691 3147 Beza
1705 3083 1773 3163 ioco
1788 3101 1846 3148 uo·

61 3196 130 3257 cap.
145 3180 199 3240 ee.
211 3178 317 3240 hallu.
333 3187 398 3242 ran
413 3184 449 3243 aa
462 3198 532 3256 cap.
549 3183 722 3259 ltprlorla
737 3182 774 3242 aa
792 3182 929 3246 uariata.
975 3180 1049 3245 lala,
1066 3176 1105 3237 do
1121 3192 1154 3237 re
1170 3174 1421 3244 sacramentaria.
1445 3177 1564 3252 quaest.
1589 3168 1624 3230 i·
1647 3166 1735 3230 llam
1752 3169 1846 3230 ellam

60 3270 91 3325 et
111 3264 143 3322 in
165 3262 426 3339 responsionibus
438 3265 476 3326 ad
489 3263 681 3325 inachimum
704 3265 929 3345 westphaium.
976 3265 1097 3337 quaest.
1117 3257 1294 3319 immittit
1314 3252 1637 3335 ilias-propositiones
1660 3250 1850 3313 Lnlherano·

99 3342 260 3407 Calvinum
274 3345 414 3423 sequitur
427 3346 608 3409 wilhelmus
621 3347 840 3425 titebitius,qui
855 3351 933 3409 scri·
977 3354 1059 3417 rum3
1075 3338 1192 3419 Corpus
1204 3338 1315 3401 Christi
1332 3352 1403 3400 esse
1420 3338 1450 3398 in
1474 3350 1567 3413 poni,
1597 3335 1644 3396 iii
1660 3335 1719 3395 Silii
1743 3349 1843 3413 pane,

58 3427 121 3505 psit
135 3427 251 3489 tibrum
266 3435 372 3490 contra
402 3428 602 3502 iieshusium,
625 3446 716 3507 ouem
746 3429 905 3507 inscripsit
919 3449 928 3509 3
978 3425 1026 3485 ret
1040 3424 1123 3502 juxta
1136 3420 1294 3499 panermsi
1309 3438 1385 3483 sano
1401 3418 1492 3483 modo
1510 3415 1768 3494 inlatltgaalarld
1785 3422 1844 3491 est,

59 3509 192 3572 Victoria
208 3508 355 3584 nerimtis,
368 3519 401 3574 et
413 3513 502 3575 ruina
518 3518 649 3591 papatus
661 3512 817 3574 Saxonici:
833 3530 930 3591 quan·
974 3506 1056 3584 quod
1073 3504 1249 3584 significent
1263 3505 1354 3565 simut
1371 3519 1442 3565 cuna
1461 3516 1541 3576 pane
1570 3512 1642 3558 rere
1671 3498 1778 3560 donari
1792 3514 1846 3561 no·

60 3592 100 3654 aa
120 3591 268 3654 arcelaca
291 3592 323 3653 nr
347 3594 464 3657 alarona
491 3595 611 3658 comam
644 3593 768 3673 catalani
797 3595 931 3657 oollam
975 3588 1025 3649 bis
1040 3602 1154 3665 omnus
1177 3584 1300 3648 Christl.
1318 3585 1393 3659 Quin
1410 3596 1482 3647 vcra
1497 3582 1558 3644 aaa
1573 3580 1748 3642 secunaum
1762 3581 1848 3642 ride·

60 3674 279 3738 Cainiuismus.
293 3674 372 3739 item
388 3677 494 3740 Petrus
508 3679 677 3758 haquinus,
691 3678 743 3753 nui
755 3679 878 3756 scripsit
892 3678 929 3741 ii·
975 3676 1024 3732 ior
1039 3684 1177 3749 pugnare
1196 3686 1267 3730 cum
1293 3667 1392 3747 primo
1420 3664 1589 3744 (quomodo
1619 3660 1703 3724 euim
1733 3678 1846 3742 corpus

62 3774 175 3820 xamen
196 3756 269 3821 tihri
283 3756 429 3822 Heshusii
442 3761 484 3822 de
497 3776 628 3838 corpore
643 3760 764 3822 Domini
783 3807 791 3826 .
808 3761 838 3820 in
870 3778 932 3842 qun
975 3753 1085 3816 Christi
1100 3768 1171 3814 vere
1188 3752 1279 3813 nohis
1294 3752 1383 3812 detur
1398 3766 1467 3810 cura
1481 3762 1572 3827 pane,
1591 3750 1622 3807 et
1637 3755 1684 3807 est
1697 3760 1846 3823 praescus

63 3841 193 3919 egregie
206 3839 365 3903 Calvinum
379 3847 493 3905 melun.
508 3842 649 3920 lienique
658 3844 840 3905 Theodorus
853 3842 931 3906 neza
975 3837 1007 3897 in
1030 3850 1138 3906 coena,
1155 3835 1182 3897 si
1197 3850 1311 3912 corpus
1333 3833 1443 3897 Christi
1460 3828 1560 3891 sotum
1583 3830 1630 3891 est
1659 3828 1690 3887 in
1720 3842 1842 3889 summo

61 3923 115 4001 qui
131 3923 407 4001 adhucsupercst,
423 3924 540 3988 Cairini
561 3926 705 3988 Generae
730 3926 761 3987 in
784 3926 930 3989 cathedra
976 3919 1078 3990 coelo,
1095 3924 1126 3979 et
1141 3918 1230 3995 panis
1246 3922 1361 3979 tantum
1391 3923 1439 3977 est
1462 3913 1495 3974 iu
1524 3908 1634 3991 terrai)
1658 3910 1728 3971 ideo
1758 3908 1846 3989 pouit
1894 3955 1901 3968 .

64 4005 452 4081 pestilentiaesuccessor,
470 4010 564 4070 multa
587 4009 714 4086 scripsit
742 4022 798 4087 pro
826 4024 933 4073 errore
976 4001 1098 4065 tertiam
1114 4001 1241 4063 dietam.

62 4086 255 4164 Cetriniaum
270 4094 304 4150 ut
317 4104 468 4152 summam
483 4090 642 4153 doctrinae
656 4091 696 4152 de
709 4090 932 4153 rcSacramcn·
1017 4082 1120 4145 Tertio
1131 4077 1383 4162 igiturdicilmon
1397 4094 1490 4155 posse
1503 4073 1629 4157 ingenio
1643 4074 1847 4152 conlprehen-

63 4170 269 4244 tariadihrum
284 4172 324 4234 de
337 4188 433 4235 coena
450 4170 572 4235 Itomini
587 4180 694 4235 contra
708 4173 934 4253 westphalum3
977 4166 1020 4238 dl,
1035 4167 1090 4229 scd
1106 4166 1171 4229 sota
1183 4166 1256 4237 tide,
1273 4164 1429 4243 quomodo
1456 4162 1507 4221 dat
1522 4160 1577 4221 ista
1605 4158 1782 4235 conjunctio
1798 4174 1845 4219 re·

63 4252 228 4331 dialogum
240 4254 295 4331 qui
307 4252 485 4317 inscribitur
503 4253 703 4337 κρεωφαγία,
720 4255 785 4318 sire
800 4254 933 4337 Cyclops
976 4264 1045 4311 rum
1060 4255 1120 4310 tam
1135 4247 1326 4311 distantium.
1342 4248 1392 4309 Sic
1407 4246 1543 4321 tenuitur
1565 4240 1619 4301 llo.
1649 4238 1680 4300 i.
1711 4238 1848 4302 iustitut.

64 4334 171 4397 contra
186 4334 382 4399 'i'iimanaom
398 4338 599 4401 Heshusium.
976 4348 1045 4409 cap.
1066 4332 1114 4392 tt.
1131 4330 1148 4411 i
1166 4331 1194 4393 l.
1208 4330 1306 4400 Nihil,
1324 4328 1433 4406 innuit,
1449 4330 1549 4388 restat
1566 4322 1655 4394 ,uisi
1674 4328 1711 4385 tlt
1724 4324 1762 4385 in
1777 4322 1848 4403 ejus

105 4418 201 4479 Porro
216 4415 332 4480 Cairini
347 4422 500 4483 sententia
515 4421 647 4484 hreriter
675 4421 856 4500 explicanda
871 4428 931 4489 est,
976 4416 1123 4497 eupatoria·
1150 4414 1404 4476 admirationem
1431 4422 1675 4489 propemodm,
1703 4406 1758 4465 cni
1782 4420 1844 4469 nec

64 4501 136 4576 quia
158 4500 199 4561 de
219 4500 371 4563 iadasula
386 4504 519 4565 obscure
533 4504 572 4565 ab
587 4504 643 4565 itin
664 4504 871 4585 proponitur,
904 4510 936 4567 ut
977 4514 1068 4561 meras
1083 4498 1183 4574 ptnnc
1198 4496 1384 4575 copttondo,
1407 4508 1469 4557 racc
1502 4492 1624 4566 ttnpuo
1646 4488 1847 4565 caplrcanato

64 4582 204 4662 mysterii
219 4584 335 4659 aliquid
351 4586 513 4649 continere
538 4586 686 4651 rideatur.
717 4587 817 4649 Primo
842 4587 935 4667 igitur
973 4596 1039 4658 por
1054 4596 1120 4643 esse
1133 4586 1248 4658 pateat.
1267 4578 1332 4656 ull·
1357 4576 1406 4638 lit.
1424 4574 1491 4637 iitsi
1520 4576 1630 4635 atticm
1654 4570 1847 4633 incredibile

65 4666 158 4727 docet
171 4663 317 4728 Calvinus
329 4684 401 4730 cum
416 4670 493 4743 sois,
509 4670 648 4750 symbola
673 4686 790 4732 coenae
819 4676 935 4732 tantum
976 4665 1128 4727 videnter
1141 4664 1180 4724 in
1194 4668 1287 4725 lanta
1316 4662 1460 4723 iocorum
1490 4654 1651 4719 distantia
1675 4660 1847 4729 penetrare

64 4762 139 4809 esse
152 4748 187 4808 iu
201 4753 293 4826 terra3
309 4766 423 4829 corpus
437 4759 539 4813 autem
556 4751 667 4814 Christi
686 4758 802 4814 tantum
816 4767 887 4814 csse
903 4753 934 4814 iu
978 4748 1025 4808 cd
1037 4762 1097 4809 nos
1110 4744 1227 4809 Christi
1240 4758 1373 4807 carmem
1388 4746 1424 4803 ut
1438 4738 1530 4803 rachis
1541 4739 1581 4799 sit
1592 4737 1631 4797 ia
1647 4734 1766 4807 cihmm
1782 4753 1846 4799 mc·

64 4831 169 4892 coeio:
186 4830 318 4908 proinde
332 4840 416 4906 tento
430 4834 592 4909 intermitto
604 4834 716 4899 ahesse
740 4834 852 4896 Christi
868 4852 935 4897 cor·
977 4830 1348 4909 minerimasqacnlnm
1358 4840 1461 4903 supro
1471 4836 1585 4883 sensus
1598 4834 1709 4880 onanes
1721 4826 1847 4881 nostros

65 4929 127 4991 pus
142 4930 159 4973 a
176 4929 256 4991 panc
283 4921 314 4976 et
334 4917 406 4978 rino
420 4915 449 4977 in
466 4933 574 4983 coena.
602 4926 717 4995 quanto
742 4918 830 4981 abest
856 4926 935 4979 lcrra
978 4914 1122 4975 eminent
1135 4926 1263 4974 menno
1279 4908 1418 4989 Spiritus
1432 4906 1538 4967 sancti
1551 4903 1676 4969 virtus,
1704 4906 1733 4963 cl
1748 4918 1850 4981 parona

66 4996 106 5057 ah
121 4995 283 5059 altissimis
296 5000 406 5061 coetis.
422 4999 509 5074 Quod
525 5001 670 5063 videlicet
689 5000 800 5064 Christi
821 5018 936 5081 carpas
979 4997 1114 5057 aluham
1124 4996 1165 5057 sit
1180 4995 1249 5072 eicis
1259 4992 1509 5056 immensitatem
1521 4986 1616 5047 mana
1637 4990 1746 5045 nostro
1768 4985 1849 5049 nette

64 5080 271 5157 nusquamsit
283 5083 343 5142 nisi
355 5082 387 5142 in
399 5090 535 5155 certo‚ac
547 5083 750 5146 determinato
763 5086 830 5144 teca
842 5084 935 5159 coeti3
980 5080 1100 5141 metiri.
1120 5076 1210 5153 Quod
1234 5092 1308 5155 erpo
1322 5091 1414 5139 mens
1428 5078 1541 5134 nostro
1554 5084 1623 5129 non
1639 5068 1847 5144 comprohen-

64 5164 95 5221 id
112 5160 209 5223 habet
219 5162 345 5226 disertis
356 5164 460 5226 verbis
473 5163 505 5227 in
520 5166 583 5228 itnc
604 5183 780 5229 consensus
802 5183 871 5226 com
885 5184 936 5242 pa·
983 5162 1043 5229 dit,
1061 5156 1327 5239 cnrtcipiothdes,
1342 5158 1500 5237 Spiritnm
1522 5168 1595 5213 vere
1623 5150 1732 5213 entire.
1764 5167 1849 5228 patae

63 5245 380 5324 storihust‘igurinls3
396 5249 478 5309 idem
506 5248 599 5311 habet
620 5251 710 5313 etiam
733 5248 856 5311 disertis
872 5247 938 5309 ier·
983 5243 1239 5322 iocicdisjuncto
1258 5244 1345 5303 scrut.
1367 5238 1404 5300 Et
1419 5234 1435 5318 p
1449 5238 1500 5299 32.
1525 5232 1635 5298 Porro,
1668 5232 1785 5310 inquit,
1810 5234 1851 5297 de

62 5327 112 5389 his
127 5328 205 5389 Bana
221 5332 254 5391 in
269 5344 390 5393 somma
410 5331 568 5394 doctrinae
584 5333 623 5395 de
646 5348 680 5395 re
697 5332 938 5394 Sacramentaria
983 5328 1081 5389 modo
1094 5328 1123 5387 si
1138 5326 1211 5405 qais
1225 5340 1276 5386 mc
1291 5326 1477 5401 interrupit,
1500 5316 1598 5395 lateri
1611 5330 1679 5387 noll
1693 5316 1849 5390 pandebit,

66 5419 190 5491 quaest.
206 5412 239 5473 tl.
933 5445 937 5452 ·
982 5410 1155 5473 contemnas
1168 5422 1233 5470 esso
1247 5420 1420 5474 arcuatam,
1434 5418 1535 5480 qraom
1547 5402 1585 5461 cat
1597 5400 1647 5459 act
1668 5412 1737 5458 meo
1761 5400 1851 5476 iape-

104 5493 254 5557 Secondo
269 5496 374 5567 docet,
396 5497 547 5577 spmhoia,
575 5503 607 5560 et
631 5513 746 5576 corpus
762 5494 885 5566 Christi,
902 5496 937 5558 ti·
983 5495 1042 5555 nio
1054 5490 1297 5570 conrprchendi,
1313 5488 1363 5551 oet
1377 5485 1531 5549 enarrari
1546 5480 1650 5545 verbis
1676 5486 1783 5561 queat.
1802 5482 1847 5543 Si·
1890 5510 1891 5515 κ

65 5584 115 5639 cet
130 5578 202 5641 loco
218 5578 300 5642 inter
313 5595 349 5642 sc
363 5579 530 5658 plurimum
544 5581 673 5658 distent,
692 5587 791 5641 taruco
808 5580 937 5658 conjun·
986 5577 1069 5637 milia
1087 5576 1178 5637 trahet
1192 5574 1265 5635 iteca
1278 5574 1317 5635 de
1332 5587 1365 5633 re
1379 5570 1566 5631 Sacrament.
1580 5568 1700 5642 qrracsl.
1717 5562 1748 5625 9.
1765 5562 1848 5635 Sed,
1866 5610 1871 5619 .

66 5669 114 5723 cta
137 5676 223 5737 esse,
240 5665 419 5727 neusciam
440 5662 559 5731 ratione
575 5663 669 5744 sigui,
685 5665 756 5743 quia
773 5680 868 5725 onaan
891 5669 939 5725 est
984 5658 1096 5740 iuquit,
1118 5656 1335 5723 niititominns
1359 5654 1501 5733 folcmar
1527 5646 1852 5727 incomprehensibile
