<?xml version="1.0" encoding="UTF-8"?>
<!DOCTYPE html PUBLIC "-//W3C//DTD XHTML 1.0 Transitional//EN"
    "http://www.w3.org/TR/xhtml1/DTD/xhtml1-transitional.dtd">
<html xmlns="http://www.w3.org/1999/xhtml" xml:lang="en" lang="en">
 <head>
  <title>
</title>
<meta http-equiv="Content-Type" content="text/html;charset=utf-8" />
  <meta name='ocr-system' content='tesseract 3.04.00' />
  <meta name='ocr-capabilities' content='ocr_page ocr_carea ocr_par ocr_line ocrx_word'/>
</head>
<body>
  <div class='ocr_page' id='page_1' title='image "./operaomnia03unkngoog/operaomnia03unkngoog_0353.png"; bbox 0 0 4084 6275; ppageno 0'>
   <div class='ocr_carea' id='block_1_1' title="bbox 817 357 1768 432">
    <p class='ocr_par' dir='ltr' id='par_1_1' title="bbox 817 357 1768 432">
     <span class='ocr_line' id='line_1_1' title="bbox 817 357 1768 432; baseline -0.008 -9"><span class='ocrx_word' id='word_1_1' title='bbox 817 362 913 427; x_wconf 81' lang='lat' dir='ltr'><strong>tittlttt</strong></span> <span class='ocrx_word' id='word_1_2' title='bbox 929 366 1104 432; x_wconf 77' lang='lat' dir='ltr'><strong>SECUNDUS</strong></span> <span class='ocrx_word' id='word_1_3' title='bbox 1717 357 1768 415; x_wconf 77' lang='lat' dir='ltr'><strong>tat</strong></span> 
     </span>
    </p>
   </div>
   <div class='ocr_carea' id='block_1_2' title="bbox 68 488 1950 5788">
    <p class='ocr_par' dir='ltr' id='par_1_2' title="bbox 68 488 1950 5788">
     <span class='ocr_line' id='line_1_2' title="bbox 68 488 1841 587; baseline -0.001 -30"><span class='ocrx_word' id='word_1_4' title='bbox 68 494 170 569; x_wconf 63' lang='grc' dir='ltr'>ιιι-ιιι,</span> <span class='ocrx_word' id='word_1_5' title='bbox 187 497 295 577; x_wconf 81' lang='lat' dir='ltr'><strong>utinm</strong></span> <span class='ocrx_word' id='word_1_6' title='bbox 309 494 484 575; x_wconf 86' lang='lat' dir='ltr'><strong>intelligunt</strong></span> <span class='ocrx_word' id='word_1_7' title='bbox 509 493 856 577; x_wconf 79' lang='lat' dir='ltr'><strong>datataisiaepctaissei</strong></span> <span class='ocrx_word' id='word_1_8' title='bbox 869 500 935 578; x_wconf 81' lang='lat' dir='ltr'><strong>iyni2</strong></span> <span class='ocrx_word' id='word_1_9' title='bbox 980 500 1033 585; x_wconf 87' lang='lat' dir='ltr'><strong>qui</strong></span> <span class='ocrx_word' id='word_1_10' title='bbox 1056 505 1170 579; x_wconf 83' lang='lat' dir='ltr'><strong>negant</strong></span> <span class='ocrx_word' id='word_1_11' title='bbox 1192 512 1301 579; x_wconf 88' lang='lat' dir='ltr'><strong>panem</strong></span> <span class='ocrx_word' id='word_1_12' title='bbox 1324 509 1451 559; x_wconf 86' lang='lat' dir='ltr'><strong>manere</strong></span> <span class='ocrx_word' id='word_1_13' title='bbox 1470 492 1501 555; x_wconf 92' lang='lat' dir='ltr'><strong>in</strong></span> <span class='ocrx_word' id='word_1_14' title='bbox 1516 488 1721 587; x_wconf 55' lang='lat' dir='ltr'><strong>Eucharistiae</strong></span> <span class='ocrx_word' id='word_1_15' title='bbox 1735 491 1794 555; x_wconf 89' lang='lat' dir='ltr'><strong>tros</strong></span> <span class='ocrx_word' id='word_1_16' title='bbox 1808 506 1841 586; x_wconf 81' lang='lat' dir='ltr'><strong>e·</strong></span> 
     </span>
     <span class='ocr_line' id='line_1_3' title="bbox 71 576 1843 670; baseline -0.005 -29"><span class='ocrx_word' id='word_1_17' title='bbox 71 580 182 643; x_wconf 87' lang='lat' dir='ltr'><strong>basiis</strong></span> <span class='ocrx_word' id='word_1_18' title='bbox 196 577 375 643; x_wconf 90' lang='lat' dir='ltr'><strong>intidellbus</strong></span> <span class='ocrx_word' id='word_1_19' title='bbox 389 580 582 656; x_wconf 74' lang='lat' dir='ltr'><strong>apertissime</strong></span> <span class='ocrx_word' id='word_1_20' title='bbox 596 580 690 660; x_wconf 85' lang='lat' dir='ltr'><strong>loqui,</strong></span> <span class='ocrx_word' id='word_1_21' title='bbox 706 598 777 645; x_wconf 89' lang='lat' dir='ltr'><strong>cum</strong></span> <span class='ocrx_word' id='word_1_22' title='bbox 806 584 881 645; x_wconf 92' lang='lat' dir='ltr'><strong>nibil</strong></span> <span class='ocrx_word' id='word_1_23' title='bbox 904 584 936 646; x_wconf 91' lang='lat' dir='ltr'><strong>in</strong></span> <span class='ocrx_word' id='word_1_24' title='bbox 981 587 1044 647; x_wconf 88' lang='lat' dir='ltr'><strong>nlin</strong></span> <span class='ocrx_word' id='word_1_25' title='bbox 1068 589 1209 647; x_wconf 74' lang='lat' dir='ltr'><strong>auctores</strong></span> <span class='ocrx_word' id='word_1_26' title='bbox 1230 583 1261 643; x_wconf 92' lang='lat' dir='ltr'><strong>in</strong></span> <span class='ocrx_word' id='word_1_27' title='bbox 1284 580 1346 645; x_wconf 89' lang='lat' dir='ltr'><strong>illis</strong></span> <span class='ocrx_word' id='word_1_28' title='bbox 1371 578 1501 656; x_wconf 88' lang='lat' dir='ltr'><strong>dialogis</strong></span> <span class='ocrx_word' id='word_1_29' title='bbox 1526 576 1775 653; x_wconf 81' lang='lat' dir='ltr'><strong>licquentrssime</strong></span> <span class='ocrx_word' id='word_1_30' title='bbox 1798 590 1843 670; x_wconf 78' lang='lat' dir='ltr'><strong>ci·</strong></span> 
     </span>
     <span class='ocr_line' id='line_1_4' title="bbox 70 657 1841 745; baseline 0.001 -28"><span class='ocrx_word' id='word_1_31' title='bbox 70 682 106 722; x_wconf 74' lang='lat' dir='ltr'><strong>aa</strong></span> <span class='ocrx_word' id='word_1_32' title='bbox 125 661 357 735; x_wconf 88' lang='lat' dir='ltr'><strong>niirabite,nihil</strong></span> <span class='ocrx_word' id='word_1_33' title='bbox 372 660 502 725; x_wconf 90' lang='lat' dir='ltr'><strong>arduom</strong></span> <span class='ocrx_word' id='word_1_34' title='bbox 516 662 567 725; x_wconf 91' lang='lat' dir='ltr'><strong>sil.</strong></span> <span class='ocrx_word' id='word_1_35' title='bbox 582 663 863 745; x_wconf 84' lang='lat' dir='ltr'><strong>Deniqueprobare</strong></span> <span class='ocrx_word' id='word_1_36' title='bbox 874 668 938 729; x_wconf 86' lang='grc' dir='ltr'>ιιιιι</span> <span class='ocrx_word' id='word_1_37' title='bbox 978 674 1033 735; x_wconf 82' lang='lat' dir='ltr'><strong>iat,</strong></span> <span class='ocrx_word' id='word_1_38' title='bbox 1052 672 1083 729; x_wconf 89' lang='lat' dir='ltr'><strong>el</strong></span> <span class='ocrx_word' id='word_1_39' title='bbox 1099 669 1267 745; x_wconf 89' lang='lat' dir='ltr'><strong>praecipua</strong></span> <span class='ocrx_word' id='word_1_40' title='bbox 1284 664 1501 743; x_wconf 77' lang='lat' dir='ltr'><strong>chrysostomo</strong></span> <span class='ocrx_word' id='word_1_41' title='bbox 1523 658 1737 723; x_wconf 84' lang='lat' dir='ltr'><strong>Theodoretns</strong></span> <span class='ocrx_word' id='word_1_42' title='bbox 1756 657 1841 719; x_wconf 86' lang='lat' dir='ltr'><strong>addi·</strong></span> 
     </span>
     <span class='ocr_line' id='line_1_5' title="bbox 70 742 1815 837; baseline 0.003 -32"><span class='ocrx_word' id='word_1_43' title='bbox 70 744 333 809; x_wconf 81' lang='lat' dir='ltr'><strong>Theodoretusln</strong></span> <span class='ocrx_word' id='word_1_44' title='bbox 348 742 569 807; x_wconf 89' lang='lat' dir='ltr'><strong>illisomnlbus</strong></span> <span class='ocrx_word' id='word_1_45' title='bbox 593 746 733 825; x_wconf 76' lang='lat' dir='ltr'><strong>dialogis,</strong></span> <span class='ocrx_word' id='word_1_46' title='bbox 759 748 790 808; x_wconf 93' lang='lat' dir='ltr'><strong>in</strong></span> <span class='ocrx_word' id='word_1_47' title='bbox 817 746 936 812; x_wconf 80' lang='lat' dir='ltr'><strong>Christo</strong></span> <span class='ocrx_word' id='word_1_48' title='bbox 981 748 1219 813; x_wconf 87' lang='lat' dir='ltr'><strong>ctissimnslult.</strong></span> <span class='ocrx_word' id='word_1_49' title='bbox 1620 822 1626 834; x_wconf 28' lang='grc' dir='ltr'>ι</span> <span class='ocrx_word' id='word_1_50' title='bbox 1652 804 1654 807; x_wconf 95' lang='grc'><strong>.</strong></span> <span class='ocrx_word' id='word_1_51' title='bbox 1681 821 1692 837; x_wconf 40' lang='grc'>,</span> <span class='ocrx_word' id='word_1_52' title='bbox 1766 821 1815 835; x_wconf 85' lang='lat'><strong>...</strong></span> 
     </span>
     <span class='ocr_line' id='line_1_6' title="bbox 71 822 1840 916; baseline -0.001 -31"><span class='ocrx_word' id='word_1_53' title='bbox 71 845 147 891; x_wconf 85' lang='lat' dir='ltr'><strong>iere</strong></span> <span class='ocrx_word' id='word_1_54' title='bbox 163 846 235 891; x_wconf 87' lang='lat' dir='ltr'><strong>esse</strong></span> <span class='ocrx_word' id='word_1_55' title='bbox 250 831 326 889; x_wconf 92' lang='lat' dir='ltr'><strong>duas</strong></span> <span class='ocrx_word' id='word_1_56' title='bbox 342 832 475 899; x_wconf 90' lang='lat' dir='ltr'><strong>naturas,</strong></span> <span class='ocrx_word' id='word_1_57' title='bbox 492 828 586 905; x_wconf 80' lang='lat' dir='ltr'><strong>idque</strong></span> <span class='ocrx_word' id='word_1_58' title='bbox 599 830 741 907; x_wconf 85' lang='lat' dir='ltr'><strong>exemplo</strong></span> <span class='ocrx_word' id='word_1_59' title='bbox 754 828 936 894; x_wconf 78' lang='lat' dir='ltr'><strong>Eucharisti·</strong></span> <span class='ocrx_word' id='word_1_60' title='bbox 1021 832 1133 895; x_wconf 75' lang='lat' dir='ltr'><strong>Eadem</strong></span> <span class='ocrx_word' id='word_1_61' title='bbox 1150 846 1274 910; x_wconf 89' lang='lat' dir='ltr'><strong>prorsus</strong></span> <span class='ocrx_word' id='word_1_62' title='bbox 1289 828 1364 891; x_wconf 89' lang='lat' dir='ltr'><strong>ratio</strong></span> <span class='ocrx_word' id='word_1_63' title='bbox 1379 831 1426 889; x_wconf 88' lang='lat' dir='ltr'><strong>est</strong></span> <span class='ocrx_word' id='word_1_64' title='bbox 1441 825 1480 887; x_wconf 93' lang='lat' dir='ltr'><strong>de</strong></span> <span class='ocrx_word' id='word_1_65' title='bbox 1495 826 1647 887; x_wconf 87' lang='lat' dir='ltr'><strong>sententia</strong></span> <span class='ocrx_word' id='word_1_66' title='bbox 1673 822 1787 916; x_wconf 73' lang='lat' dir='ltr'><strong>celasti</strong></span> <span class='ocrx_word' id='word_1_67' title='bbox 1809 838 1840 883; x_wconf 92' lang='lat' dir='ltr'><strong>in</strong></span> 
     </span>
     <span class='ocr_line' id='line_1_7' title="bbox 70 904 1840 1001; baseline -0.001 -32"><span class='ocrx_word' id='word_1_68' title='bbox 70 927 122 985; x_wconf 86' lang='lat' dir='ltr'><strong>ac,</strong></span> <span class='ocrx_word' id='word_1_69' title='bbox 142 912 195 974; x_wconf 92' lang='lat' dir='ltr'><strong>ubi</strong></span> <span class='ocrx_word' id='word_1_70' title='bbox 211 926 283 974; x_wconf 84' lang='lat' dir='ltr'><strong>iera</strong></span> <span class='ocrx_word' id='word_1_71' title='bbox 304 909 460 971; x_wconf 87' lang='lat' dir='ltr'><strong>credimus</strong></span> <span class='ocrx_word' id='word_1_72' title='bbox 484 926 555 973; x_wconf 92' lang='lat' dir='ltr'><strong>cnm</strong></span> <span class='ocrx_word' id='word_1_73' title='bbox 579 912 730 991; x_wconf 74' lang='lat' dir='ltr'><strong>symbolis</strong></span> <span class='ocrx_word' id='word_1_74' title='bbox 754 913 842 991; x_wconf 89' lang='lat' dir='ltr'><strong>panis</strong></span> <span class='ocrx_word' id='word_1_75' title='bbox 866 930 937 979; x_wconf 85' lang='lat' dir='ltr'><strong>esse</strong></span> <span class='ocrx_word' id='word_1_76' title='bbox 980 913 1060 977; x_wconf 90' lang='lat' dir='ltr'><strong>libro</strong></span> <span class='ocrx_word' id='word_1_77' title='bbox 1075 914 1114 976; x_wconf 91' lang='lat' dir='ltr'><strong>da</strong></span> <span class='ocrx_word' id='word_1_78' title='bbox 1129 914 1248 977; x_wconf 91' lang='lat' dir='ltr'><strong>duabus</strong></span> <span class='ocrx_word' id='word_1_79' title='bbox 1263 911 1390 975; x_wconf 90' lang='lat' dir='ltr'><strong>naturis.</strong></span> <span class='ocrx_word' id='word_1_80' title='bbox 1408 908 1480 970; x_wconf 89' lang='lat' dir='ltr'><strong>Nam</strong></span> <span class='ocrx_word' id='word_1_81' title='bbox 1496 907 1682 1000; x_wconf 80' lang='lat' dir='ltr'><strong>quicumque</strong></span> <span class='ocrx_word' id='word_1_82' title='bbox 1699 904 1840 1001; x_wconf 30' lang='lat' dir='ltr'><strong>&#39;lucratis</strong></span> 
     </span>
     <span class='ocr_line' id='line_1_8' title="bbox 70 986 1843 1077; baseline -0.003 -22"><span class='ocrx_word' id='word_1_83' title='bbox 70 1011 191 1069; x_wconf 86' lang='lat' dir='ltr'><strong>eorpus</strong></span> <span class='ocrx_word' id='word_1_84' title='bbox 205 992 330 1058; x_wconf 79' lang='lat' dir='ltr'><strong>Cirrisli.</strong></span> <span class='ocrx_word' id='word_1_85' title='bbox 346 992 381 1053; x_wconf 79' lang='lat' dir='ltr'><strong>lt</strong></span> <span class='ocrx_word' id='word_1_86' title='bbox 393 990 420 1053; x_wconf 86' lang='lat' dir='ltr'><strong>si</strong></span> <span class='ocrx_word' id='word_1_87' title='bbox 435 998 580 1071; x_wconf 87' lang='lat' dir='ltr'><strong>negasset</strong></span> <span class='ocrx_word' id='word_1_88' title='bbox 605 1010 707 1057; x_wconf 88' lang='lat' dir='ltr'><strong>veram</strong></span> <span class='ocrx_word' id='word_1_89' title='bbox 734 997 937 1072; x_wconf 89' lang='lat' dir='ltr'><strong>praesentiam</strong></span> <span class='ocrx_word' id='word_1_90' title='bbox 981 996 1122 1059; x_wconf 84' lang='lat' dir='ltr'><strong>Gelasins</strong></span> <span class='ocrx_word' id='word_1_91' title='bbox 1137 996 1254 1077; x_wconf 86' lang='lat' dir='ltr'><strong>(neque</strong></span> <span class='ocrx_word' id='word_1_92' title='bbox 1270 995 1351 1057; x_wconf 90' lang='lat' dir='ltr'><strong>enim</strong></span> <span class='ocrx_word' id='word_1_93' title='bbox 1367 992 1586 1063; x_wconf 78' lang='lat' dir='ltr'><strong>sahsenheim,</strong></span> <span class='ocrx_word' id='word_1_94' title='bbox 1603 1004 1673 1067; x_wconf 79' lang='lat' dir='ltr'><strong>gnis</strong></span> <span class='ocrx_word' id='word_1_95' title='bbox 1698 988 1750 1051; x_wconf 90' lang='lat' dir='ltr'><strong>ille</strong></span> <span class='ocrx_word' id='word_1_96' title='bbox 1777 986 1843 1049; x_wconf 90' lang='lat' dir='ltr'><strong>lue·</strong></span> 
     </span>
     <span class='ocr_line' id='line_1_9' title="bbox 71 1068 1841 1166; baseline -0.004 -28"><span class='ocrx_word' id='word_1_97' title='bbox 71 1080 216 1155; x_wconf 88' lang='lat' dir='ltr'><strong>eorporis</strong></span> <span class='ocrx_word' id='word_1_98' title='bbox 232 1073 352 1139; x_wconf 86' lang='lat' dir='ltr'><strong>Domini</strong></span> <span class='ocrx_word' id='word_1_99' title='bbox 365 1080 394 1136; x_wconf 91' lang='grc' dir='ltr'><strong>ιιι</strong></span> <span class='ocrx_word' id='word_1_100' title='bbox 408 1073 714 1150; x_wconf 83' lang='lat' dir='ltr'><strong>Eucharistia,ooutra</strong></span> <span class='ocrx_word' id='word_1_101' title='bbox 729 1081 867 1158; x_wconf 88' lang='lat' dir='ltr'><strong>seipsum</strong></span> <span class='ocrx_word' id='word_1_102' title='bbox 881 1096 949 1160; x_wconf 75' lang='lat' dir='ltr'><strong>pro.</strong></span> <span class='ocrx_word' id='word_1_103' title='bbox 982 1081 1034 1159; x_wconf 82' lang='grc' dir='ltr'>ιιι)</span> <span class='ocrx_word' id='word_1_104' title='bbox 1051 1081 1131 1142; x_wconf 89' lang='lat' dir='ltr'><strong>idem</strong></span> <span class='ocrx_word' id='word_1_105' title='bbox 1149 1094 1275 1157; x_wconf 89' lang='lat' dir='ltr'><strong>prorsus</strong></span> <span class='ocrx_word' id='word_1_106' title='bbox 1290 1078 1390 1148; x_wconf 90' lang='lat' dir='ltr'><strong>docet,</strong></span> <span class='ocrx_word' id='word_1_107' title='bbox 1407 1072 1488 1153; x_wconf 86' lang='lat' dir='ltr'><strong>quod</strong></span> <span class='ocrx_word' id='word_1_108' title='bbox 1499 1071 1734 1166; x_wconf 27' lang='lat' dir='ltr'><strong>‘Theoi-iareim,</strong></span> <span class='ocrx_word' id='word_1_109' title='bbox 1757 1076 1788 1132; x_wconf 89' lang='lat' dir='ltr'><strong>et</strong></span> <span class='ocrx_word' id='word_1_110' title='bbox 1801 1068 1841 1131; x_wconf 89' lang='lat' dir='ltr'><strong>ad</strong></span> 
     </span>
     <span class='ocr_line' id='line_1_10' title="bbox 71 1154 1844 1246; baseline -0.005 -25"><span class='ocrx_word' id='word_1_111' title='bbox 71 1160 259 1223; x_wconf 85' lang='lat' dir='ltr'><strong>adversariis</strong></span> <span class='ocrx_word' id='word_1_112' title='bbox 269 1162 447 1235; x_wconf 84' lang='lat' dir='ltr'><strong>pugnasset.</strong></span> <span class='ocrx_word' id='word_1_113' title='bbox 982 1162 1113 1225; x_wconf 87' lang='lat' dir='ltr'><strong>eandem</strong></span> <span class='ocrx_word' id='word_1_114' title='bbox 1130 1178 1193 1223; x_wconf 84' lang='lat' dir='ltr'><strong>rein</strong></span> <span class='ocrx_word' id='word_1_115' title='bbox 1209 1156 1460 1223; x_wconf 75' lang='lat' dir='ltr'><strong>confirmandam:</strong></span> <span class='ocrx_word' id='word_1_116' title='bbox 1477 1154 1643 1215; x_wconf 89' lang='lat' dir='ltr'><strong>dicitcnim</strong></span> <span class='ocrx_word' id='word_1_117' title='bbox 1656 1168 1779 1216; x_wconf 85' lang='lat' dir='ltr'><strong>manere</strong></span> <span class='ocrx_word' id='word_1_118' title='bbox 1792 1168 1844 1246; x_wconf 75' lang='lat' dir='ltr'><strong>ne·</strong></span> 
     </span>
     <span class='ocr_line' id='line_1_11' title="bbox 116 1235 1848 1330; baseline -0.004 -27"><span class='ocrx_word' id='word_1_119' title='bbox 116 1244 178 1303; x_wconf 81' lang='lat' dir='ltr'><strong>Sed</strong></span> <span class='ocrx_word' id='word_1_120' title='bbox 195 1258 253 1305; x_wconf 90' lang='lat' dir='ltr'><strong>nec</strong></span> <span class='ocrx_word' id='word_1_121' title='bbox 267 1240 391 1304; x_wconf 82' lang='lat' dir='ltr'><strong>botheri</strong></span> <span class='ocrx_word' id='word_1_122' title='bbox 407 1254 545 1303; x_wconf 88' lang='lat' dir='ltr'><strong>caussam</strong></span> <span class='ocrx_word' id='word_1_123' title='bbox 570 1240 704 1321; x_wconf 83' lang='lat' dir='ltr'><strong>ady‘uiat,</strong></span> <span class='ocrx_word' id='word_1_124' title='bbox 726 1243 753 1306; x_wconf 89' lang='lat' dir='ltr'><strong>si</strong></span> <span class='ocrx_word' id='word_1_125' title='bbox 775 1242 939 1323; x_wconf 87' lang='lat' dir='ltr'><strong>diligenter</strong></span> <span class='ocrx_word' id='word_1_126' title='bbox 982 1250 1079 1307; x_wconf 91' lang='lat' dir='ltr'><strong>turam</strong></span> <span class='ocrx_word' id='word_1_127' title='bbox 1097 1243 1186 1324; x_wconf 89' lang='lat' dir='ltr'><strong>panis</strong></span> <span class='ocrx_word' id='word_1_128' title='bbox 1208 1243 1239 1304; x_wconf 94' lang='lat' dir='ltr'><strong>in</strong></span> <span class='ocrx_word' id='word_1_129' title='bbox 1262 1240 1463 1310; x_wconf 81' lang='lat' dir='ltr'><strong>Eucharistia,</strong></span> <span class='ocrx_word' id='word_1_130' title='bbox 1487 1241 1639 1330; x_wconf 77' lang='lat' dir='ltr'><strong>ettamen</strong></span> <span class='ocrx_word' id='word_1_131' title='bbox 1653 1236 1776 1330; x_wconf 31' lang='lat' dir='ltr'><strong>‚ibidem</strong></span> <span class='ocrx_word' id='word_1_132' title='bbox 1800 1235 1848 1297; x_wconf 93' lang='lat' dir='ltr'><strong>di·</strong></span> 
     </span>
     <span class='ocr_line' id='line_1_12' title="bbox 74 1317 1845 1414; baseline -0.004 -28"><span class='ocrx_word' id='word_1_133' title='bbox 74 1322 940 1400; x_wconf 73' lang='lat' dir='ltr'><strong>considereturitaeodoretus.daucnnoictisubsian·</strong></span> <span class='ocrx_word' id='word_1_134' title='bbox 983 1328 1146 1393; x_wconf 88' lang='lat' dir='ltr'><strong>altmutarl</strong></span> <span class='ocrx_word' id='word_1_135' title='bbox 1173 1326 1286 1405; x_wconf 77' lang='lat' dir='ltr'><strong>Spiritu</strong></span> <span class='ocrx_word' id='word_1_136' title='bbox 1312 1327 1416 1385; x_wconf 79' lang='lat' dir='ltr'><strong>sancia</strong></span> <span class='ocrx_word' id='word_1_137' title='bbox 1443 1317 1622 1414; x_wconf 62' lang='lat' dir='ltr'><strong>pefllciente</strong></span> <span class='ocrx_word' id='word_1_138' title='bbox 1652 1336 1682 1380; x_wconf 91' lang='lat' dir='ltr'><strong>in</strong></span> <span class='ocrx_word' id='word_1_139' title='bbox 1711 1318 1845 1413; x_wconf 73' lang='lat' dir='ltr'><strong>diuinam</strong></span> 
     </span>
     <span class='ocr_line' id='line_1_13' title="bbox 74 1401 1844 1499; baseline -0.004 -33"><span class='ocrx_word' id='word_1_140' title='bbox 74 1409 149 1467; x_wconf 89' lang='lat' dir='ltr'><strong>tiam</strong></span> <span class='ocrx_word' id='word_1_141' title='bbox 166 1408 377 1488; x_wconf 90' lang='lat' dir='ltr'><strong>symbolorum</strong></span> <span class='ocrx_word' id='word_1_142' title='bbox 391 1420 562 1479; x_wconf 89' lang='lat' dir='ltr'><strong>remanere,</strong></span> <span class='ocrx_word' id='word_1_143' title='bbox 585 1413 616 1468; x_wconf 89' lang='lat' dir='ltr'><strong>et</strong></span> <span class='ocrx_word' id='word_1_144' title='bbox 640 1424 701 1470; x_wconf 91' lang='lat' dir='ltr'><strong>uon</strong></span> <span class='ocrx_word' id='word_1_145' title='bbox 727 1411 849 1484; x_wconf 89' lang='lat' dir='ltr'><strong>mutari,</strong></span> <span class='ocrx_word' id='word_1_146' title='bbox 879 1427 940 1475; x_wconf 92' lang='lat' dir='ltr'><strong>non</strong></span> <span class='ocrx_word' id='word_1_147' title='bbox 983 1408 1196 1481; x_wconf 88' lang='lat' dir='ltr'><strong>substantiam,</strong></span> <span class='ocrx_word' id='word_1_148' title='bbox 1219 1414 1250 1471; x_wconf 87' lang='lat' dir='ltr'><strong>et</strong></span> <span class='ocrx_word' id='word_1_149' title='bbox 1271 1421 1341 1468; x_wconf 89' lang='lat' dir='ltr'><strong>csse</strong></span> <span class='ocrx_word' id='word_1_150' title='bbox 1362 1402 1671 1499; x_wconf 75' lang='lat' dir='ltr'><strong>Eucharistmmrem</strong></span> <span class='ocrx_word' id='word_1_151' title='bbox 1698 1401 1844 1471; x_wconf 83' lang='lat' dir='ltr'><strong>divinam,</strong></span> 
     </span>
     <span class='ocr_line' id='line_1_14' title="bbox 75 1482 1850 1571; baseline -0.003 -21"><span class='ocrx_word' id='word_1_152' title='bbox 75 1490 214 1568; x_wconf 80' lang='lat' dir='ltr'><strong>loquitar</strong></span> <span class='ocrx_word' id='word_1_153' title='bbox 227 1491 266 1551; x_wconf 90' lang='lat' dir='ltr'><strong>de</strong></span> <span class='ocrx_word' id='word_1_154' title='bbox 281 1489 545 1565; x_wconf 77' lang='lat' dir='ltr'><strong>snbstantiaqnao</strong></span> <span class='ocrx_word' id='word_1_155' title='bbox 559 1488 756 1570; x_wconf 70' lang='lat' dir='ltr'><strong>distinguitur</strong></span> <span class='ocrx_word' id='word_1_156' title='bbox 774 1501 877 1555; x_wconf 87' lang='lat' dir='ltr'><strong>eontra</strong></span> <span class='ocrx_word' id='word_1_157' title='bbox 892 1510 942 1556; x_wconf 90' lang='lat' dir='ltr'><strong>ac·</strong></span> <span class='ocrx_word' id='word_1_158' title='bbox 984 1494 1025 1553; x_wconf 87' lang='lat' dir='ltr'><strong>ita</strong></span> <span class='ocrx_word' id='word_1_159' title='bbox 1042 1498 1076 1555; x_wconf 92' lang='grc' dir='ltr'><strong>ιιι</strong></span> <span class='ocrx_word' id='word_1_160' title='bbox 1090 1490 1159 1571; x_wconf 78' lang='lat' dir='ltr'><strong>oJus</strong></span> <span class='ocrx_word' id='word_1_161' title='bbox 1175 1490 1373 1569; x_wconf 88' lang='lat' dir='ltr'><strong>perceptione</strong></span> <span class='ocrx_word' id='word_1_162' title='bbox 1389 1485 1558 1549; x_wconf 84' lang='lat' dir='ltr'><strong>efficiamur</strong></span> <span class='ocrx_word' id='word_1_163' title='bbox 1572 1482 1694 1546; x_wconf 82' lang='lat' dir='ltr'><strong>divinae</strong></span> <span class='ocrx_word' id='word_1_164' title='bbox 1722 1498 1850 1547; x_wconf 88' lang='lat' dir='ltr'><strong>consor·</strong></span> 
     </span>
     <span class='ocr_line' id='line_1_15' title="bbox 76 1571 1674 1661; baseline 0.001 -26"><span class='ocrx_word' id='word_1_165' title='bbox 76 1574 225 1649; x_wconf 86' lang='lat' dir='ltr'><strong>eidemin,</strong></span> <span class='ocrx_word' id='word_1_166' title='bbox 241 1579 273 1635; x_wconf 86' lang='lat' dir='ltr'><strong>ct</strong></span> <span class='ocrx_word' id='word_1_167' title='bbox 286 1588 377 1651; x_wconf 84' lang='lat' dir='ltr'><strong>quain</strong></span> <span class='ocrx_word' id='word_1_168' title='bbox 394 1571 423 1633; x_wconf 92' lang='grc' dir='ltr'><strong>ιιι</strong></span> <span class='ocrx_word' id='word_1_169' title='bbox 441 1572 536 1647; x_wconf 89' lang='lat' dir='ltr'><strong>prima</strong></span> <span class='ocrx_word' id='word_1_170' title='bbox 551 1574 701 1652; x_wconf 88' lang='lat' dir='ltr'><strong>categoria</strong></span> <span class='ocrx_word' id='word_1_171' title='bbox 714 1574 942 1653; x_wconf 83' lang='lat' dir='ltr'><strong>posnildristo·</strong></span> <span class='ocrx_word' id='word_1_172' title='bbox 985 1581 1033 1638; x_wconf 91' lang='lat' dir='ltr'><strong>tes</strong></span> <span class='ocrx_word' id='word_1_173' title='bbox 1050 1582 1187 1637; x_wconf 87' lang='lat' dir='ltr'><strong>naturae.</strong></span> <span class='ocrx_word' id='word_1_174' title='bbox 1323 1618 1325 1625; x_wconf 48' lang='lat'>&gt;</span> <span class='ocrx_word' id='word_1_175' title='bbox 1579 1647 1586 1661; x_wconf 46' lang='lat'>‚</span> <span class='ocrx_word' id='word_1_176' title='bbox 1667 1647 1674 1661; x_wconf 33' lang='grc' dir='ltr'>ι</span> 
     </span>
     <span class='ocr_line' id='line_1_16' title="bbox 76 1647 1845 1742; baseline -0.003 -27"><span class='ocrx_word' id='word_1_177' title='bbox 76 1657 171 1731; x_wconf 87' lang='lat' dir='ltr'><strong>tetes,</strong></span> <span class='ocrx_word' id='word_1_178' title='bbox 186 1654 242 1718; x_wconf 88' lang='lat' dir='ltr'><strong>sed</strong></span> <span class='ocrx_word' id='word_1_179' title='bbox 257 1656 297 1717; x_wconf 90' lang='lat' dir='ltr'><strong>de</strong></span> <span class='ocrx_word' id='word_1_180' title='bbox 312 1653 459 1728; x_wconf 80' lang='lat' dir='ltr'><strong>essentia,</strong></span> <span class='ocrx_word' id='word_1_181' title='bbox 476 1658 506 1716; x_wconf 87' lang='lat' dir='ltr'><strong>at</strong></span> <span class='ocrx_word' id='word_1_182' title='bbox 521 1659 624 1717; x_wconf 88' lang='lat' dir='ltr'><strong>natura</strong></span> <span class='ocrx_word' id='word_1_183' title='bbox 639 1656 941 1737; x_wconf 77' lang='lat' dir='ltr'><strong>accidentiumquae</strong></span> <span class='ocrx_word' id='word_1_184' title='bbox 1027 1656 1082 1719; x_wconf 89' lang='lat' dir='ltr'><strong>libi</strong></span> <span class='ocrx_word' id='word_1_185' title='bbox 1094 1657 1193 1719; x_wconf 87' lang='lat' dir='ltr'><strong>obiter</strong></span> <span class='ocrx_word' id='word_1_186' title='bbox 1207 1660 1256 1741; x_wconf 79' lang='lat' dir='ltr'><strong>cst</strong></span> <span class='ocrx_word' id='word_1_187' title='bbox 1280 1650 1460 1726; x_wconf 90' lang='lat' dir='ltr'><strong>notandum,</strong></span> <span class='ocrx_word' id='word_1_188' title='bbox 1487 1647 1641 1712; x_wconf 86' lang='lat' dir='ltr'><strong>Gelasium</strong></span> <span class='ocrx_word' id='word_1_189' title='bbox 1666 1652 1758 1742; x_wconf 74' lang='lat' dir='ltr'><strong>istum</strong></span> <span class='ocrx_word' id='word_1_190' title='bbox 1781 1662 1845 1709; x_wconf 92' lang='lat' dir='ltr'><strong>non</strong></span> 
     </span>
     <span class='ocr_line' id='line_1_17' title="bbox 76 1730 1844 1829; baseline -0.005 -30"><span class='ocrx_word' id='word_1_191' title='bbox 76 1738 150 1817; x_wconf 89' lang='lat' dir='ltr'><strong>ipsc</strong></span> <span class='ocrx_word' id='word_1_192' title='bbox 165 1735 465 1817; x_wconf 87' lang='lat' dir='ltr'><strong>perpetuosymbola</strong></span> <span class='ocrx_word' id='word_1_193' title='bbox 480 1736 625 1815; x_wconf 87' lang='lat' dir='ltr'><strong>appellat,</strong></span> <span class='ocrx_word' id='word_1_194' title='bbox 648 1740 803 1817; x_wconf 84' lang='lat' dir='ltr'><strong>quomodo</strong></span> <span class='ocrx_word' id='word_1_195' title='bbox 823 1740 874 1803; x_wconf 89' lang='lat' dir='ltr'><strong>alii</strong></span> <span class='ocrx_word' id='word_1_196' title='bbox 889 1758 942 1805; x_wconf 92' lang='lat' dir='ltr'><strong>un·</strong></span> <span class='ocrx_word' id='word_1_197' title='bbox 984 1738 1082 1803; x_wconf 91' lang='lat' dir='ltr'><strong>luisse</strong></span> <span class='ocrx_word' id='word_1_198' title='bbox 1097 1754 1255 1802; x_wconf 89' lang='lat' dir='ltr'><strong>romanum</strong></span> <span class='ocrx_word' id='word_1_199' title='bbox 1278 1734 1466 1829; x_wconf 68' lang='lat' dir='ltr'><strong>pontificem,</strong></span> <span class='ocrx_word' id='word_1_200' title='bbox 1490 1738 1524 1795; x_wconf 90' lang='grc' dir='ltr'><strong>ιιι</strong></span> <span class='ocrx_word' id='word_1_201' title='bbox 1552 1730 1718 1793; x_wconf 82' lang='lat' dir='ltr'><strong>aduersarii</strong></span> <span class='ocrx_word' id='word_1_202' title='bbox 1743 1746 1844 1827; x_wconf 84' lang='lat' dir='ltr'><strong>impu·</strong></span> 
     </span>
     <span class='ocr_line' id='line_1_18' title="bbox 76 1810 1843 1907; baseline -0.006 -24"><span class='ocrx_word' id='word_1_203' title='bbox 76 1830 184 1883; x_wconf 84' lang='lat' dir='ltr'><strong>atores</strong></span> <span class='ocrx_word' id='word_1_204' title='bbox 196 1820 298 1898; x_wconf 87' lang='lat' dir='ltr'><strong>graeci</strong></span> <span class='ocrx_word' id='word_1_205' title='bbox 314 1827 344 1883; x_wconf 90' lang='lat' dir='ltr'><strong>et</strong></span> <span class='ocrx_word' id='word_1_206' title='bbox 359 1819 443 1881; x_wconf 89' lang='lat' dir='ltr'><strong>latini</strong></span> <span class='ocrx_word' id='word_1_207' title='bbox 458 1820 573 1896; x_wconf 91' lang='lat' dir='ltr'><strong>passim</strong></span> <span class='ocrx_word' id='word_1_208' title='bbox 588 1821 741 1900; x_wconf 86' lang='lat' dir='ltr'><strong>accipiunt</strong></span> <span class='ocrx_word' id='word_1_209' title='bbox 761 1824 942 1887; x_wconf 80' lang='lat' dir='ltr'><strong>vocabulum</strong></span> <span class='ocrx_word' id='word_1_210' title='bbox 984 1824 1094 1885; x_wconf 90' lang='lat' dir='ltr'><strong>denter</strong></span> <span class='ocrx_word' id='word_1_211' title='bbox 1104 1822 1232 1900; x_wconf 87' lang='lat' dir='ltr'><strong>jactant.</strong></span> <span class='ocrx_word' id='word_1_212' title='bbox 1249 1820 1320 1883; x_wconf 81' lang='lat' dir='ltr'><strong>hain</strong></span> <span class='ocrx_word' id='word_1_213' title='bbox 1332 1818 1508 1882; x_wconf 90' lang='lat' dir='ltr'><strong>llemnitius</strong></span> <span class='ocrx_word' id='word_1_214' title='bbox 1532 1812 1565 1875; x_wconf 81' lang='lat'><strong>2.</strong></span> <span class='ocrx_word' id='word_1_215' title='bbox 1593 1829 1660 1907; x_wconf 78' lang='lat' dir='ltr'><strong>par.</strong></span> <span class='ocrx_word' id='word_1_216' title='bbox 1687 1810 1843 1907; x_wconf 57' lang='lat' dir='ltr'><strong>libaminis</strong></span> 
     </span>
     <span class='ocr_line' id='line_1_19' title="bbox 77 1894 1848 1989; baseline -0.005 -24"><span class='ocrx_word' id='word_1_217' title='bbox 77 1904 284 1965; x_wconf 86' lang='lat' dir='ltr'><strong>substantiae:</strong></span> <span class='ocrx_word' id='word_1_218' title='bbox 310 1903 365 1964; x_wconf 86' lang='lat' dir='ltr'><strong>sed</strong></span> <span class='ocrx_word' id='word_1_219' title='bbox 391 1902 522 1965; x_wconf 84' lang='lat' dir='ltr'><strong>inarime</strong></span> <span class='ocrx_word' id='word_1_220' title='bbox 546 1918 675 1982; x_wconf 87' lang='lat' dir='ltr'><strong>graecae</strong></span> <span class='ocrx_word' id='word_1_221' title='bbox 700 1920 793 1969; x_wconf 87' lang='lat' dir='ltr'><strong>iocos</strong></span> <span class='ocrx_word' id='word_1_222' title='bbox 814 1903 898 1987; x_wconf 79' lang='grc' dir='ltr'>φύσις</span> <span class='ocrx_word' id='word_1_223' title='bbox 912 1915 944 1970; x_wconf 86' lang='lat' dir='ltr'><strong>et</strong></span> <span class='ocrx_word' id='word_1_224' title='bbox 986 1904 1142 1967; x_wconf 81' lang='lat' dir='ltr'><strong>tridentini</strong></span> <span class='ocrx_word' id='word_1_225' title='bbox 1160 1903 1283 1969; x_wconf 88' lang='lat' dir='ltr'><strong>concilii</strong></span> <span class='ocrx_word' id='word_1_226' title='bbox 1298 1917 1377 1965; x_wconf 88' lang='lat' dir='ltr'><strong>sess.</strong></span> <span class='ocrx_word' id='word_1_227' title='bbox 1395 1899 1445 1963; x_wconf 80' lang='lat' dir='ltr'><strong>ld.</strong></span> <span class='ocrx_word' id='word_1_228' title='bbox 1461 1913 1531 1976; x_wconf 87' lang='lat' dir='ltr'><strong>cap.</strong></span> <span class='ocrx_word' id='word_1_229' title='bbox 1547 1895 1577 1958; x_wconf 82' lang='lat' dir='ltr'><strong>l.</strong></span> <span class='ocrx_word' id='word_1_230' title='bbox 1602 1894 1781 1989; x_wconf 79' lang='lat' dir='ltr'><strong>mirabiliter</strong></span> <span class='ocrx_word' id='word_1_231' title='bbox 1795 1900 1848 1957; x_wconf 90' lang='lat' dir='ltr'><strong>tri·</strong></span> 
     </span>
     <span class='ocr_line' id='line_1_20' title="bbox 76 1983 1846 2074; baseline -0.003 -27"><span class='ocrx_word' id='word_1_232' title='bbox 76 1983 180 2060; x_wconf 77' lang='lat' dir='ltr'><strong>aliciae,</strong></span> <span class='ocrx_word' id='word_1_233' title='bbox 196 1986 312 2065; x_wconf 83' lang='lat' dir='ltr'><strong>quihus</strong></span> <span class='ocrx_word' id='word_1_234' title='bbox 325 1984 536 2047; x_wconf 74' lang='lat' dir='ltr'><strong>theodoretus</strong></span> <span class='ocrx_word' id='word_1_235' title='bbox 550 2000 627 2049; x_wconf 90' lang='lat' dir='ltr'><strong>osne</strong></span> <span class='ocrx_word' id='word_1_236' title='bbox 641 1992 824 2059; x_wconf 87' lang='lat' dir='ltr'><strong>est,omnem</strong></span> <span class='ocrx_word' id='word_1_237' title='bbox 837 2005 943 2053; x_wconf 83' lang='lat' dir='ltr'><strong>essen·</strong></span> <span class='ocrx_word' id='word_1_238' title='bbox 984 1988 1111 2065; x_wconf 86' lang='lat' dir='ltr'><strong>ninphat</strong></span> <span class='ocrx_word' id='word_1_239' title='bbox 1125 2004 1161 2050; x_wconf 82' lang='lat' dir='ltr'><strong>ex</strong></span> <span class='ocrx_word' id='word_1_240' title='bbox 1178 1988 1236 2049; x_wconf 90' lang='lat' dir='ltr'><strong>hoo</strong></span> <span class='ocrx_word' id='word_1_241' title='bbox 1251 1984 1436 2051; x_wconf 86' lang='lat' dir='ltr'><strong>testimonio.</strong></span> <span class='ocrx_word' id='word_1_242' title='bbox 1454 1988 1606 2074; x_wconf 83' lang='lat' dir='ltr'><strong>tamqnam</strong></span> <span class='ocrx_word' id='word_1_243' title='bbox 1627 1992 1746 2044; x_wconf 88' lang='lat' dir='ltr'><strong>romani</strong></span> <span class='ocrx_word' id='word_1_244' title='bbox 1769 1993 1846 2056; x_wconf 88' lang='lat' dir='ltr'><strong>pon·</strong></span> 
     </span>
     <span class='ocr_line' id='line_1_21' title="bbox 76 2060 1846 2155; baseline -0.006 -24"><span class='ocrx_word' id='word_1_245' title='bbox 76 2072 152 2131; x_wconf 89' lang='lat' dir='ltr'><strong>tiam</strong></span> <span class='ocrx_word' id='word_1_246' title='bbox 168 2076 200 2131; x_wconf 92' lang='lat' dir='ltr'><strong>ct</strong></span> <span class='ocrx_word' id='word_1_247' title='bbox 215 2076 351 2131; x_wconf 90' lang='lat' dir='ltr'><strong>naturam</strong></span> <span class='ocrx_word' id='word_1_248' title='bbox 367 2069 605 2147; x_wconf 87' lang='lat' dir='ltr'><strong>amplectantur.</strong></span> <span class='ocrx_word' id='word_1_249' title='bbox 620 2066 683 2133; x_wconf 88' lang='lat' dir='ltr'><strong>Nec</strong></span> <span class='ocrx_word' id='word_1_250' title='bbox 696 2070 797 2133; x_wconf 91' lang='lat' dir='ltr'><strong>solum</strong></span> <span class='ocrx_word' id='word_1_251' title='bbox 822 2070 942 2149; x_wconf 84' lang='lat' dir='ltr'><strong>Graeci,</strong></span> <span class='ocrx_word' id='word_1_252' title='bbox 984 2070 1086 2136; x_wconf 88' lang='lat' dir='ltr'><strong>tiliois.</strong></span> <span class='ocrx_word' id='word_1_253' title='bbox 1103 2071 1140 2132; x_wconf 84' lang='lat' dir='ltr'><strong>At</strong></span> <span class='ocrx_word' id='word_1_254' title='bbox 1155 2086 1215 2131; x_wconf 88' lang='lat' dir='ltr'><strong>tion</strong></span> <span class='ocrx_word' id='word_1_255' title='bbox 1231 2082 1302 2131; x_wconf 85' lang='lat' dir='ltr'><strong>esse</strong></span> <span class='ocrx_word' id='word_1_256' title='bbox 1327 2064 1444 2129; x_wconf 88' lang='lat' dir='ltr'><strong>inmani</strong></span> <span class='ocrx_word' id='word_1_257' title='bbox 1472 2060 1639 2155; x_wconf 76' lang='lat' dir='ltr'><strong>pontilicis,</strong></span> <span class='ocrx_word' id='word_1_258' title='bbox 1665 2064 1846 2139; x_wconf 84' lang='lat' dir='ltr'><strong>argumento</strong></span> 
     </span>
     <span class='ocr_line' id='line_1_22' title="bbox 76 2144 1852 2237; baseline -0.005 -24"><span class='ocrx_word' id='word_1_259' title='bbox 76 2154 136 2215; x_wconf 87' lang='lat' dir='ltr'><strong>sed</strong></span> <span class='ocrx_word' id='word_1_260' title='bbox 150 2151 247 2215; x_wconf 87' lang='lat' dir='ltr'><strong>latini</strong></span> <span class='ocrx_word' id='word_1_261' title='bbox 263 2150 354 2213; x_wconf 89' lang='lat' dir='ltr'><strong>otiam</strong></span> <span class='ocrx_word' id='word_1_262' title='bbox 369 2151 523 2213; x_wconf 90' lang='lat' dir='ltr'><strong>interdum</strong></span> <span class='ocrx_word' id='word_1_263' title='bbox 538 2166 594 2229; x_wconf 87' lang='lat' dir='ltr'><strong>per</strong></span> <span class='ocrx_word' id='word_1_264' title='bbox 607 2153 810 2217; x_wconf 87' lang='lat' dir='ltr'><strong>substantiam</strong></span> <span class='ocrx_word' id='word_1_265' title='bbox 830 2154 944 2218; x_wconf 90' lang='lat' dir='ltr'><strong>intelli·</strong></span> <span class='ocrx_word' id='word_1_266' title='bbox 987 2152 1161 2217; x_wconf 89' lang='lat' dir='ltr'><strong>certissimo</strong></span> <span class='ocrx_word' id='word_1_267' title='bbox 1176 2167 1247 2217; x_wconf 89' lang='lat' dir='ltr'><strong>csse</strong></span> <span class='ocrx_word' id='word_1_268' title='bbox 1262 2155 1377 2231; x_wconf 84' lang='lat' dir='ltr'><strong>potest,</strong></span> <span class='ocrx_word' id='word_1_269' title='bbox 1392 2146 1473 2227; x_wconf 88' lang='lat' dir='ltr'><strong>quod</strong></span> <span class='ocrx_word' id='word_1_270' title='bbox 1489 2162 1558 2207; x_wconf 86' lang='lat' dir='ltr'><strong>earu</strong></span> <span class='ocrx_word' id='word_1_271' title='bbox 1575 2144 1700 2205; x_wconf 70' lang='lat' dir='ltr'><strong>dicat&#39;se</strong></span> <span class='ocrx_word' id='word_1_272' title='bbox 1712 2144 1791 2205; x_wconf 88' lang='lat' dir='ltr'><strong>iclle</strong></span> <span class='ocrx_word' id='word_1_273' title='bbox 1803 2158 1852 2237; x_wconf 73' lang='grc' dir='ltr'>ιιι·</span> 
     </span>
     <span class='ocr_line' id='line_1_23' title="bbox 77 2226 1849 2323; baseline -0.005 -28"><span class='ocrx_word' id='word_1_274' title='bbox 77 2243 156 2313; x_wconf 89' lang='lat' dir='ltr'><strong>gunt</strong></span> <span class='ocrx_word' id='word_1_275' title='bbox 170 2240 307 2297; x_wconf 89' lang='lat' dir='ltr'><strong>caturam</strong></span> <span class='ocrx_word' id='word_1_276' title='bbox 322 2233 539 2296; x_wconf 87' lang='lat' dir='ltr'><strong>accidentium.</strong></span> <span class='ocrx_word' id='word_1_277' title='bbox 556 2234 662 2297; x_wconf 83' lang='lat' dir='ltr'><strong>Petrus</strong></span> <span class='ocrx_word' id='word_1_278' title='bbox 682 2236 889 2300; x_wconf 89' lang='lat' dir='ltr'><strong>cluriiacensis</strong></span> <span class='ocrx_word' id='word_1_279' title='bbox 910 2238 942 2300; x_wconf 91' lang='lat' dir='ltr'><strong>iri</strong></span> <span class='ocrx_word' id='word_1_280' title='bbox 986 2234 1066 2297; x_wconf 89' lang='lat' dir='ltr'><strong>lerre</strong></span> <span class='ocrx_word' id='word_1_281' title='bbox 1082 2235 1253 2297; x_wconf 87' lang='lat' dir='ltr'><strong>testimonia</strong></span> <span class='ocrx_word' id='word_1_282' title='bbox 1269 2232 1406 2295; x_wconf 90' lang='lat' dir='ltr'><strong>omnium</strong></span> <span class='ocrx_word' id='word_1_283' title='bbox 1423 2230 1554 2323; x_wconf 77' lang='lat' dir='ltr'><strong>Patroni,</strong></span> <span class='ocrx_word' id='word_1_284' title='bbox 1577 2226 1693 2320; x_wconf 79' lang='lat' dir='ltr'><strong>nattam</strong></span> <span class='ocrx_word' id='word_1_285' title='bbox 1720 2232 1849 2321; x_wconf 82' lang='lat' dir='ltr'><strong>mentio·</strong></span> 
     </span>
     <span class='ocr_line' id='line_1_24' title="bbox 77 2307 1853 2403; baseline -0.006 -24"><span class='ocrx_word' id='word_1_286' title='bbox 77 2319 160 2379; x_wconf 91' lang='lat' dir='ltr'><strong>libro</strong></span> <span class='ocrx_word' id='word_1_287' title='bbox 174 2318 214 2380; x_wconf 93' lang='lat' dir='ltr'><strong>de</strong></span> <span class='ocrx_word' id='word_1_288' title='bbox 228 2314 390 2389; x_wconf 86' lang='lat' dir='ltr'><strong>sacrificio,</strong></span> <span class='ocrx_word' id='word_1_289' title='bbox 407 2322 438 2383; x_wconf 90' lang='lat' dir='ltr'><strong>et</strong></span> <span class='ocrx_word' id='word_1_290' title='bbox 463 2315 797 2388; x_wconf 81' lang='lat' dir='ltr'><strong>transubstantiatione:</strong></span> <span class='ocrx_word' id='word_1_291' title='bbox 822 2319 942 2385; x_wconf 80' lang='lat' dir='ltr'><strong>Annon</strong></span> <span class='ocrx_word' id='word_1_292' title='bbox 988 2334 1058 2381; x_wconf 89' lang='lat' dir='ltr'><strong>nem</strong></span> <span class='ocrx_word' id='word_1_293' title='bbox 1077 2316 1147 2379; x_wconf 91' lang='lat' dir='ltr'><strong>iacit</strong></span> <span class='ocrx_word' id='word_1_294' title='bbox 1161 2314 1352 2395; x_wconf 75' lang='lat' dir='ltr'><strong>Hieronymi,</strong></span> <span class='ocrx_word' id='word_1_295' title='bbox 1369 2314 1541 2391; x_wconf 72' lang='lat' dir='ltr'><strong>Augustini,</strong></span> <span class='ocrx_word' id='word_1_296' title='bbox 1557 2307 1696 2403; x_wconf 69' lang='lat' dir='ltr'><strong>lionis.</strong></span> <span class='ocrx_word' id='word_1_297' title='bbox 1713 2313 1744 2369; x_wconf 88' lang='lat' dir='ltr'><strong>et</strong></span> <span class='ocrx_word' id='word_1_298' title='bbox 1767 2324 1853 2371; x_wconf 90' lang='lat' dir='ltr'><strong>simi·</strong></span> 
     </span>
     <span class='ocr_line' id='line_1_25' title="bbox 78 2389 1853 2489; baseline -0.005 -28"><span class='ocrx_word' id='word_1_299' title='bbox 78 2402 200 2474; x_wconf 78' lang='lat' dir='ltr'><strong>oemio,</strong></span> <span class='ocrx_word' id='word_1_300' title='bbox 215 2399 327 2479; x_wconf 85' lang='lat' dir='ltr'><strong>inquit,</strong></span> <span class='ocrx_word' id='word_1_301' title='bbox 340 2403 470 2477; x_wconf 83' lang='lat' dir='ltr'><strong>praeter</strong></span> <span class='ocrx_word' id='word_1_302' title='bbox 482 2399 833 2479; x_wconf 83' lang='lat' dir='ltr'><strong>plaetctemdartitcm,</strong></span> <span class='ocrx_word' id='word_1_303' title='bbox 845 2420 941 2482; x_wconf 87' lang='lat' dir='ltr'><strong>proc·</strong></span> <span class='ocrx_word' id='word_1_304' title='bbox 987 2400 1075 2472; x_wconf 90' lang='lat' dir='ltr'><strong>lium,</strong></span> <span class='ocrx_word' id='word_1_305' title='bbox 1094 2401 1145 2478; x_wconf 85' lang='lat' dir='ltr'><strong>qai</strong></span> <span class='ocrx_word' id='word_1_306' title='bbox 1162 2399 1283 2462; x_wconf 84' lang='lat' dir='ltr'><strong>Gelasio</strong></span> <span class='ocrx_word' id='word_1_307' title='bbox 1299 2412 1396 2477; x_wconf 89' lang='lat' dir='ltr'><strong>papae</strong></span> <span class='ocrx_word' id='word_1_308' title='bbox 1413 2394 1566 2489; x_wconf 81' lang='lat' dir='ltr'><strong>notissimi</strong></span> <span class='ocrx_word' id='word_1_309' title='bbox 1579 2389 1853 2484; x_wconf 51' lang='lat' dir='ltr'><strong>erant3Pr&#39;aeteron</strong></span> 
     </span>
     <span class='ocr_line' id='line_1_26' title="bbox 79 2472 1851 2567; baseline -0.006 -22"><span class='ocrx_word' id='word_1_310' title='bbox 79 2490 129 2545; x_wconf 87' lang='lat' dir='ltr'><strong>ter</strong></span> <span class='ocrx_word' id='word_1_311' title='bbox 143 2482 311 2561; x_wconf 84' lang='lat' dir='ltr'><strong>lapideam</strong></span> <span class='ocrx_word' id='word_1_312' title='bbox 322 2480 510 2559; x_wconf 77' lang='lat' dir='ltr'><strong>fiimdotem</strong></span> <span class='ocrx_word' id='word_1_313' title='bbox 523 2482 699 2561; x_wconf 76' lang='lat' dir='ltr'><strong>(quonlam</strong></span> <span class='ocrx_word' id='word_1_314' title='bbox 721 2486 768 2546; x_wconf 87' lang='lat' dir='ltr'><strong>nd</strong></span> <span class='ocrx_word' id='word_1_315' title='bbox 789 2486 940 2564; x_wconf 81' lang='lat' dir='ltr'><strong>speeiem,</strong></span> <span class='ocrx_word' id='word_1_316' title='bbox 987 2484 1069 2561; x_wconf 88' lang='lat' dir='ltr'><strong>quod</strong></span> <span class='ocrx_word' id='word_1_317' title='bbox 1087 2483 1178 2545; x_wconf 88' lang='lat' dir='ltr'><strong>nialla</strong></span> <span class='ocrx_word' id='word_1_318' title='bbox 1195 2478 1367 2545; x_wconf 87' lang='lat' dir='ltr'><strong>testimonia</strong></span> <span class='ocrx_word' id='word_1_319' title='bbox 1384 2476 1500 2542; x_wconf 89' lang='lat' dir='ltr'><strong>adierat</strong></span> <span class='ocrx_word' id='word_1_320' title='bbox 1514 2480 1571 2538; x_wconf 89' lang='lat' dir='ltr'><strong>iste</strong></span> <span class='ocrx_word' id='word_1_321' title='bbox 1587 2473 1777 2567; x_wconf 28' lang='lat' dir='ltr'><strong>Gelasin&#39;sex</strong></span> <span class='ocrx_word' id='word_1_322' title='bbox 1791 2472 1851 2535; x_wconf 86' lang='lat' dir='ltr'><strong>lla·</strong></span> 
     </span>
     <span class='ocr_line' id='line_1_27' title="bbox 79 2554 1850 2655; baseline -0.005 -28"><span class='ocrx_word' id='word_1_323' title='bbox 79 2567 133 2627; x_wconf 83' lang='lat' dir='ltr'><strong>nel</strong></span> <span class='ocrx_word' id='word_1_324' title='bbox 144 2566 409 2643; x_wconf 77' lang='lat' dir='ltr'><strong>perspicuitatem</strong></span> <span class='ocrx_word' id='word_1_325' title='bbox 420 2563 492 2641; x_wconf 65' lang='lat' dir='ltr'><strong>inni</strong></span> <span class='ocrx_word' id='word_1_326' title='bbox 513 2564 591 2627; x_wconf 86' lang='lat' dir='ltr'><strong>dicti</strong></span> <span class='ocrx_word' id='word_1_327' title='bbox 618 2566 768 2629; x_wconf 84' lang='lat' dir='ltr'><strong>elementi</strong></span> <span class='ocrx_word' id='word_1_328' title='bbox 788 2567 942 2649; x_wconf 74' lang='lat' dir='ltr'><strong>pertinet)</strong></span> <span class='ocrx_word' id='word_1_329' title='bbox 986 2566 1074 2627; x_wconf 89' lang='lat' dir='ltr'><strong>sebio</strong></span> <span class='ocrx_word' id='word_1_330' title='bbox 1090 2562 1398 2655; x_wconf 62' lang='grc' dir='ltr'><strong>οιιειιιιιιιιιςίιιιοιιΙ</strong></span> <span class='ocrx_word' id='word_1_331' title='bbox 1424 2570 1589 2636; x_wconf 79' lang='lat' dir='ltr'><strong>cummium</strong></span> <span class='ocrx_word' id='word_1_332' title='bbox 1615 2554 1756 2651; x_wconf 76' lang='lat' dir='ltr'><strong>Gelasins</strong></span> <span class='ocrx_word' id='word_1_333' title='bbox 1770 2572 1850 2635; x_wconf 87' lang='lat' dir='ltr'><strong>papa</strong></span> 
     </span>
     <span class='ocr_line' id='line_1_28' title="bbox 78 2639 1850 2733; baseline -0.007 -22"><span class='ocrx_word' id='word_1_334' title='bbox 78 2649 169 2711; x_wconf 81' lang='lat' dir='ltr'><strong>oiliil</strong></span> <span class='ocrx_word' id='word_1_335' title='bbox 181 2649 294 2729; x_wconf 82' lang='lat' dir='ltr'><strong>iiiique</strong></span> <span class='ocrx_word' id='word_1_336' title='bbox 307 2647 507 2711; x_wconf 82' lang='lat' dir='ltr'><strong>substantioe</strong></span> <span class='ocrx_word' id='word_1_337' title='bbox 521 2648 720 2712; x_wconf 75' lang='lat' dir='ltr'><strong>detructum?</strong></span> <span class='ocrx_word' id='word_1_338' title='bbox 735 2650 787 2713; x_wconf 91' lang='lat' dir='ltr'><strong>ubi</strong></span> <span class='ocrx_word' id='word_1_339' title='bbox 802 2651 942 2728; x_wconf 89' lang='lat' dir='ltr'><strong>persnh·</strong></span> <span class='ocrx_word' id='word_1_340' title='bbox 984 2646 1123 2719; x_wconf 87' lang='lat' dir='ltr'><strong>lecisset,</strong></span> <span class='ocrx_word' id='word_1_341' title='bbox 1140 2664 1210 2710; x_wconf 92' lang='lat' dir='ltr'><strong>cuin</strong></span> <span class='ocrx_word' id='word_1_342' title='bbox 1226 2646 1350 2709; x_wconf 84' lang='lat' dir='ltr'><strong>Eusebii</strong></span> <span class='ocrx_word' id='word_1_343' title='bbox 1380 2642 1477 2705; x_wconf 87' lang='lat' dir='ltr'><strong>libros</strong></span> <span class='ocrx_word' id='word_1_344' title='bbox 1501 2639 1709 2720; x_wconf 83' lang='lat' dir='ltr'><strong>reprobarent</strong></span> <span class='ocrx_word' id='word_1_345' title='bbox 1730 2654 1765 2733; x_wconf 75' lang='lat' dir='ltr'><strong>¹in</strong></span> <span class='ocrx_word' id='word_1_346' title='bbox 1791 2654 1850 2701; x_wconf 89' lang='lat' dir='ltr'><strong>suo</strong></span> 
     </span>
     <span class='ocr_line' id='line_1_29' title="bbox 80 2720 1853 2819; baseline -0.007 -26"><span class='ocrx_word' id='word_1_347' title='bbox 80 2729 225 2793; x_wconf 76' lang='lat' dir='ltr'><strong>scantiam</strong></span> <span class='ocrx_word' id='word_1_348' title='bbox 240 2730 382 2808; x_wconf 76' lang='lat' dir='ltr'><strong>inteiligit</strong></span> <span class='ocrx_word' id='word_1_349' title='bbox 396 2736 534 2791; x_wconf 90' lang='lat' dir='ltr'><strong>naturam</strong></span> <span class='ocrx_word' id='word_1_350' title='bbox 549 2736 693 2794; x_wconf 83' lang='lat' dir='ltr'><strong>externae</strong></span> <span class='ocrx_word' id='word_1_351' title='bbox 705 2732 821 2811; x_wconf 82' lang='lat' dir='ltr'><strong>llgur-ac</strong></span> <span class='ocrx_word' id='word_1_352' title='bbox 832 2740 942 2815; x_wconf 88' lang='lat' dir='ltr'><strong>etper·</strong></span> <span class='ocrx_word' id='word_1_353' title='bbox 988 2731 1113 2793; x_wconf 85' lang='lat' dir='ltr'><strong>decreto</strong></span> <span class='ocrx_word' id='word_1_354' title='bbox 1128 2729 1167 2791; x_wconf 91' lang='lat' dir='ltr'><strong>de</strong></span> <span class='ocrx_word' id='word_1_355' title='bbox 1183 2730 1269 2792; x_wconf 90' lang='lat' dir='ltr'><strong>libris</strong></span> <span class='ocrx_word' id='word_1_356' title='bbox 1285 2726 1470 2819; x_wconf 81' lang='lat' dir='ltr'><strong>authenticis</strong></span> <span class='ocrx_word' id='word_1_357' title='bbox 1490 2731 1521 2787; x_wconf 89' lang='lat' dir='ltr'><strong>et</strong></span> <span class='ocrx_word' id='word_1_358' title='bbox 1545 2722 1768 2817; x_wconf 82' lang='lat' dir='ltr'><strong>apochryphis.</strong></span> <span class='ocrx_word' id='word_1_359' title='bbox 1794 2720 1853 2781; x_wconf 90' lang='lat' dir='ltr'><strong>ttd·</strong></span> 
     </span>
     <span class='ocr_line' id='line_1_30' title="bbox 81 2808 1854 2896; baseline -0.006 -21"><span class='ocrx_word' id='word_1_360' title='bbox 81 2813 267 2890; x_wconf 84' lang='lat' dir='ltr'><strong>spieaitatis.</strong></span> <span class='ocrx_word' id='word_1_361' title='bbox 283 2830 364 2891; x_wconf 80' lang='lat' dir='ltr'><strong>uuae</strong></span> <span class='ocrx_word' id='word_1_362' title='bbox 378 2818 515 2889; x_wconf 88' lang='lat' dir='ltr'><strong>manent,</strong></span> <span class='ocrx_word' id='word_1_363' title='bbox 531 2814 654 2891; x_wconf 83' lang='lat' dir='ltr'><strong>qnando</strong></span> <span class='ocrx_word' id='word_1_364' title='bbox 678 2822 810 2878; x_wconf 90' lang='lat' dir='ltr'><strong>mutatur</strong></span> <span class='ocrx_word' id='word_1_365' title='bbox 829 2816 944 2896; x_wconf 88' lang='lat' dir='ltr'><strong>glacies</strong></span> <span class='ocrx_word' id='word_1_366' title='bbox 988 2815 1039 2887; x_wconf 90' lang='lat' dir='ltr'><strong>ile,</strong></span> <span class='ocrx_word' id='word_1_367' title='bbox 1057 2813 1137 2891; x_wconf 85' lang='lat' dir='ltr'><strong>quod</strong></span> <span class='ocrx_word' id='word_1_368' title='bbox 1154 2810 1274 2874; x_wconf 83' lang='lat' dir='ltr'><strong>videtur</strong></span> <span class='ocrx_word' id='word_1_369' title='bbox 1289 2812 1346 2872; x_wconf 89' lang='lat' dir='ltr'><strong>iste</strong></span> <span class='ocrx_word' id='word_1_370' title='bbox 1362 2808 1502 2870; x_wconf 87' lang='lat' dir='ltr'><strong>Gelasius</strong></span> <span class='ocrx_word' id='word_1_371' title='bbox 1517 2820 1682 2883; x_wconf 78' lang='lat' dir='ltr'><strong>scripsisse</strong></span> <span class='ocrx_word' id='word_1_372' title='bbox 1697 2810 1767 2865; x_wconf 91' lang='lat' dir='ltr'><strong>ante</strong></span> <span class='ocrx_word' id='word_1_373' title='bbox 1780 2819 1854 2865; x_wconf 91' lang='lat' dir='ltr'><strong>con·</strong></span> 
     </span>
     <span class='ocr_line' id='line_1_31' title="bbox 82 2886 1852 2983; baseline -0.006 -26"><span class='ocrx_word' id='word_1_374' title='bbox 82 2897 118 2958; x_wconf 89' lang='lat' dir='ltr'><strong>in</strong></span> <span class='ocrx_word' id='word_1_375' title='bbox 133 2891 356 2975; x_wconf 72' lang='lat' dir='ltr'><strong>chrystallum</strong></span> <span class='ocrx_word' id='word_1_376' title='bbox 579 2969 582 2974; x_wconf 9' lang='lat' dir='ltr'><strong>g</strong></span> <span class='ocrx_word' id='word_1_377' title='bbox 988 2895 1093 2958; x_wconf 90' lang='lat' dir='ltr'><strong>ollium</strong></span> <span class='ocrx_word' id='word_1_378' title='bbox 1109 2895 1370 2957; x_wconf 86' lang='lat' dir='ltr'><strong>chalcedonense.</strong></span> <span class='ocrx_word' id='word_1_379' title='bbox 1384 2896 1415 2952; x_wconf 89' lang='lat' dir='ltr'><strong>et</strong></span> <span class='ocrx_word' id='word_1_380' title='bbox 1429 2892 1455 2951; x_wconf 91' lang='lat' dir='ltr'><strong>is</strong></span> <span class='ocrx_word' id='word_1_381' title='bbox 1471 2890 1538 2967; x_wconf 87' lang='lat' dir='ltr'><strong>ipsc</strong></span> <span class='ocrx_word' id='word_1_382' title='bbox 1550 2903 1634 2983; x_wconf 76' lang='lat' dir='ltr'><strong>esse,</strong></span> <span class='ocrx_word' id='word_1_383' title='bbox 1650 2886 1852 2981; x_wconf 52' lang='lat' dir='ltr'><strong>quissi&#39;shffl&#39;</strong></span> 
     </span>
     <span class='ocr_line' id='line_1_32' title="bbox 129 2968 1854 3063; baseline -0.005 -24"><span class='ocrx_word' id='word_1_384' title='bbox 129 2978 193 3040; x_wconf 89' lang='lat' dir='ltr'><strong>ilco</strong></span> <span class='ocrx_word' id='word_1_385' title='bbox 206 2978 297 3056; x_wconf 89' lang='lat' dir='ltr'><strong>igitur</strong></span> <span class='ocrx_word' id='word_1_386' title='bbox 312 2976 525 3041; x_wconf 83' lang='lat' dir='ltr'><strong>theodoretus</strong></span> <span class='ocrx_word' id='word_1_387' title='bbox 539 2978 641 3046; x_wconf 84' lang='lat' dir='ltr'><strong>docet.</strong></span> <span class='ocrx_word' id='word_1_388' title='bbox 657 2985 795 3043; x_wconf 89' lang='lat' dir='ltr'><strong>naturam</strong></span> <span class='ocrx_word' id='word_1_389' title='bbox 823 2982 945 3062; x_wconf 89' lang='lat' dir='ltr'><strong>symho·</strong></span> <span class='ocrx_word' id='word_1_390' title='bbox 988 2980 1114 3040; x_wconf 82' lang='lat' dir='ltr'><strong>‹loretns</strong></span> <span class='ocrx_word' id='word_1_391' title='bbox 1129 2978 1202 3039; x_wconf 88' lang='lat' dir='ltr'><strong>citat</strong></span> <span class='ocrx_word' id='word_1_392' title='bbox 1215 2978 1246 3037; x_wconf 92' lang='lat' dir='ltr'><strong>in</strong></span> <span class='ocrx_word' id='word_1_393' title='bbox 1262 2976 1292 3039; x_wconf 80' lang='lat'><strong>3.</strong></span> <span class='ocrx_word' id='word_1_394' title='bbox 1309 2976 1444 3053; x_wconf 81' lang='lat' dir='ltr'><strong>dialogo,</strong></span> <span class='ocrx_word' id='word_1_395' title='bbox 1462 2978 1493 3033; x_wconf 92' lang='lat' dir='ltr'><strong>et</strong></span> <span class='ocrx_word' id='word_1_396' title='bbox 1508 2986 1598 3049; x_wconf 88' lang='lat' dir='ltr'><strong>ocyus</strong></span> <span class='ocrx_word' id='word_1_397' title='bbox 1621 2974 1762 3063; x_wconf 75' lang='lat' dir='ltr'><strong>meminit</strong></span> <span class='ocrx_word' id='word_1_398' title='bbox 1781 2968 1854 3031; x_wconf 90' lang='lat' dir='ltr'><strong>llio·</strong></span> 
     </span>
     <span class='ocr_line' id='line_1_33' title="bbox 83 3050 1854 3150; baseline -0.005 -28"><span class='ocrx_word' id='word_1_399' title='bbox 83 3063 198 3136; x_wconf 89' lang='lat' dir='ltr'><strong>lorum,</strong></span> <span class='ocrx_word' id='word_1_400' title='bbox 213 3061 307 3130; x_wconf 87' lang='lat' dir='ltr'><strong>idest,</strong></span> <span class='ocrx_word' id='word_1_401' title='bbox 324 3059 528 3123; x_wconf 86' lang='lat' dir='ltr'><strong>accidentium</strong></span> <span class='ocrx_word' id='word_1_402' title='bbox 543 3061 749 3138; x_wconf 89' lang='lat' dir='ltr'><strong>sensibilium,</strong></span> <span class='ocrx_word' id='word_1_403' title='bbox 771 3081 852 3144; x_wconf 85' lang='lat' dir='ltr'><strong>quae</strong></span> <span class='ocrx_word' id='word_1_404' title='bbox 875 3069 950 3128; x_wconf 91' lang='lat' dir='ltr'><strong>sunt</strong></span> <span class='ocrx_word' id='word_1_405' title='bbox 990 3076 1135 3142; x_wconf 84' lang='lat' dir='ltr'><strong>ronymus</strong></span> <span class='ocrx_word' id='word_1_406' title='bbox 1150 3058 1181 3121; x_wconf 92' lang='grc' dir='ltr'><strong>ιιι</strong></span> <span class='ocrx_word' id='word_1_407' title='bbox 1198 3061 1251 3120; x_wconf 94' lang='lat' dir='ltr'><strong>lib.</strong></span> <span class='ocrx_word' id='word_1_408' title='bbox 1270 3060 1308 3119; x_wconf 88' lang='lat' dir='ltr'><strong>de</strong></span> <span class='ocrx_word' id='word_1_409' title='bbox 1323 3055 1472 3150; x_wconf 41' lang='lat' dir='ltr'><strong>scriptor..</strong></span> <span class='ocrx_word' id='word_1_410' title='bbox 1484 3052 1605 3150; x_wconf 77' lang='lat' dir='ltr'><strong>Erotes.</strong></span> <span class='ocrx_word' id='word_1_411' title='bbox 1636 3066 1779 3146; x_wconf 83' lang='lat' dir='ltr'><strong>nimirum</strong></span> <span class='ocrx_word' id='word_1_412' title='bbox 1794 3050 1854 3147; x_wconf 67' lang='lat' dir='ltr'><strong>Go3</strong></span> 
     </span>
     <span class='ocr_line' id='line_1_34' title="bbox 83 3138 1857 3232; baseline -0.006 -28"><span class='ocrx_word' id='word_1_413' title='bbox 83 3149 116 3205; x_wconf 91' lang='lat' dir='ltr'><strong>in</strong></span> <span class='ocrx_word' id='word_1_414' title='bbox 133 3138 337 3215; x_wconf 79' lang='lat' dir='ltr'><strong>Eucharistia,</strong></span> <span class='ocrx_word' id='word_1_415' title='bbox 354 3142 451 3208; x_wconf 89' lang='lat' dir='ltr'><strong>luisse</strong></span> <span class='ocrx_word' id='word_1_416' title='bbox 465 3145 555 3206; x_wconf 89' lang='lat' dir='ltr'><strong>etiam</strong></span> <span class='ocrx_word' id='word_1_417' title='bbox 575 3151 646 3207; x_wconf 89' lang='lat' dir='ltr'><strong>into</strong></span> <span class='ocrx_word' id='word_1_418' title='bbox 671 3149 947 3212; x_wconf 83' lang='lat' dir='ltr'><strong>consecrationem.</strong></span> <span class='ocrx_word' id='word_1_419' title='bbox 990 3146 1087 3206; x_wconf 92' lang='lat' dir='ltr'><strong>lasius</strong></span> <span class='ocrx_word' id='word_1_420' title='bbox 1103 3142 1271 3222; x_wconf 87' lang='lat' dir='ltr'><strong>episcopus</strong></span> <span class='ocrx_word' id='word_1_421' title='bbox 1287 3140 1503 3232; x_wconf 79' lang='lat' dir='ltr'><strong>caesariensis,</strong></span> <span class='ocrx_word' id='word_1_422' title='bbox 1521 3151 1573 3232; x_wconf 81' lang='lat' dir='ltr'><strong>qni</strong></span> <span class='ocrx_word' id='word_1_423' title='bbox 1586 3151 1647 3197; x_wconf 93' lang='lat' dir='ltr'><strong>nou</strong></span> <span class='ocrx_word' id='word_1_424' title='bbox 1673 3139 1772 3230; x_wconf 80' lang='lat' dir='ltr'><strong>potuit</strong></span> <span class='ocrx_word' id='word_1_425' title='bbox 1790 3149 1857 3196; x_wconf 91' lang='lat' dir='ltr'><strong>nisi</strong></span> 
     </span>
     <span class='ocr_line' id='line_1_35' title="bbox 83 3223 1855 3316; baseline -0.006 -28"><span class='ocrx_word' id='word_1_426' title='bbox 83 3228 164 3290; x_wconf 88' lang='lat' dir='ltr'><strong>Enni</strong></span> <span class='ocrx_word' id='word_1_427' title='bbox 180 3227 218 3288; x_wconf 90' lang='lat' dir='ltr'><strong>ita</strong></span> <span class='ocrx_word' id='word_1_428' title='bbox 235 3226 318 3304; x_wconf 80' lang='lat' dir='ltr'><strong>loqui</strong></span> <span class='ocrx_word' id='word_1_429' title='bbox 334 3233 430 3306; x_wconf 87' lang='lat' dir='ltr'><strong>patet.</strong></span> <span class='ocrx_word' id='word_1_430' title='bbox 445 3226 558 3301; x_wconf 89' lang='lat' dir='ltr'><strong>Primo,</strong></span> <span class='ocrx_word' id='word_1_431' title='bbox 574 3227 644 3304; x_wconf 81' lang='lat' dir='ltr'><strong>qnia</strong></span> <span class='ocrx_word' id='word_1_432' title='bbox 659 3226 690 3290; x_wconf 91' lang='grc' dir='ltr'><strong>ιιι</strong></span> <span class='ocrx_word' id='word_1_433' title='bbox 702 3230 824 3310; x_wconf 90' lang='lat' dir='ltr'><strong>dialogo</strong></span> <span class='ocrx_word' id='word_1_434' title='bbox 834 3247 949 3295; x_wconf 84' lang='lat' dir='ltr'><strong>seeun-</strong></span> <span class='ocrx_word' id='word_1_435' title='bbox 991 3227 1079 3288; x_wconf 80' lang='lat' dir='ltr'><strong>raldo</strong></span> <span class='ocrx_word' id='word_1_436' title='bbox 1094 3241 1189 3286; x_wconf 84' lang='lat' dir='ltr'><strong>senex</strong></span> <span class='ocrx_word' id='word_1_437' title='bbox 1205 3239 1287 3298; x_wconf 89' lang='lat' dir='ltr'><strong>osse,</strong></span> <span class='ocrx_word' id='word_1_438' title='bbox 1304 3240 1374 3285; x_wconf 89' lang='lat' dir='ltr'><strong>oum</strong></span> <span class='ocrx_word' id='word_1_439' title='bbox 1390 3223 1501 3316; x_wconf 86' lang='lat' dir='ltr'><strong>librum</strong></span> <span class='ocrx_word' id='word_1_440' title='bbox 1526 3224 1619 3280; x_wconf 84' lang='lat' dir='ltr'><strong>istum</strong></span> <span class='ocrx_word' id='word_1_441' title='bbox 1635 3223 1760 3296; x_wconf 89' lang='lat' dir='ltr'><strong>scripsit</strong></span> <span class='ocrx_word' id='word_1_442' title='bbox 1781 3233 1855 3312; x_wconf 84' lang='lat' dir='ltr'><strong>oon·</strong></span> 
     </span>
     <span class='ocr_line' id='line_1_36' title="bbox 83 3300 1856 3396; baseline -0.005 -28"><span class='ocrx_word' id='word_1_443' title='bbox 83 3313 126 3372; x_wconf 82' lang='lat' dir='ltr'><strong>ilo</strong></span> <span class='ocrx_word' id='word_1_444' title='bbox 141 3310 367 3372; x_wconf 84' lang='lat' dir='ltr'><strong>haereticosei</strong></span> <span class='ocrx_word' id='word_1_445' title='bbox 390 3311 545 3372; x_wconf 84' lang='lat' dir='ltr'><strong>communi</strong></span> <span class='ocrx_word' id='word_1_446' title='bbox 570 3308 633 3373; x_wconf 84' lang='lat' dir='ltr'><strong>fide</strong></span> <span class='ocrx_word' id='word_1_447' title='bbox 656 3312 786 3390; x_wconf 86' lang='lat' dir='ltr'><strong>urgebat</strong></span> <span class='ocrx_word' id='word_1_448' title='bbox 810 3314 951 3376; x_wconf 87' lang='lat' dir='ltr'><strong>mulatio·</strong></span> <span class='ocrx_word' id='word_1_449' title='bbox 993 3315 1037 3371; x_wconf 89' lang='lat' dir='ltr'><strong>tra</strong></span> <span class='ocrx_word' id='word_1_450' title='bbox 1052 3308 1269 3382; x_wconf 80' lang='lat' dir='ltr'><strong>Eutychianos.</strong></span> <span class='ocrx_word' id='word_1_451' title='bbox 1295 3305 1355 3370; x_wconf 87' lang='lat' dir='ltr'><strong>Sed</strong></span> <span class='ocrx_word' id='word_1_452' title='bbox 1385 3317 1572 3396; x_wconf 81' lang='lat' dir='ltr'><strong>quicumque</strong></span> <span class='ocrx_word' id='word_1_453' title='bbox 1601 3301 1728 3394; x_wconf 36' lang='lat' dir='ltr'><strong>tandem·</strong></span> <span class='ocrx_word' id='word_1_454' title='bbox 1754 3300 1856 3370; x_wconf 88' lang='lat' dir='ltr'><strong>luerit,</strong></span> 
     </span>
     <span class='ocr_line' id='line_1_37' title="bbox 85 3383 1860 3476; baseline -0.006 -23"><span class='ocrx_word' id='word_1_455' title='bbox 85 3409 159 3453; x_wconf 87' lang='lat' dir='ltr'><strong>nem</strong></span> <span class='ocrx_word' id='word_1_456' title='bbox 176 3393 265 3471; x_wconf 87' lang='lat' dir='ltr'><strong>panis</strong></span> <span class='ocrx_word' id='word_1_457' title='bbox 291 3393 322 3454; x_wconf 93' lang='lat' dir='ltr'><strong>in</strong></span> <span class='ocrx_word' id='word_1_458' title='bbox 350 3407 464 3472; x_wconf 90' lang='lat' dir='ltr'><strong>corpus</strong></span> <span class='ocrx_word' id='word_1_459' title='bbox 493 3391 617 3468; x_wconf 75' lang='lat' dir='ltr'><strong>Christi,</strong></span> <span class='ocrx_word' id='word_1_460' title='bbox 646 3402 681 3456; x_wconf 93' lang='lat' dir='ltr'><strong>ut</strong></span> <span class='ocrx_word' id='word_1_461' title='bbox 707 3396 780 3458; x_wconf 90' lang='lat' dir='ltr'><strong>inde</strong></span> <span class='ocrx_word' id='word_1_462' title='bbox 807 3396 952 3476; x_wconf 86' lang='lat' dir='ltr'><strong>probaret</strong></span> <span class='ocrx_word' id='word_1_463' title='bbox 996 3407 1058 3454; x_wconf 92' lang='lat' dir='ltr'><strong>non</strong></span> <span class='ocrx_word' id='word_1_464' title='bbox 1075 3389 1231 3472; x_wconf 87' lang='lat' dir='ltr'><strong>discrepat</strong></span> <span class='ocrx_word' id='word_1_465' title='bbox 1245 3391 1283 3452; x_wconf 93' lang='lat' dir='ltr'><strong>ah</strong></span> <span class='ocrx_word' id='word_1_466' title='bbox 1308 3387 1377 3451; x_wconf 88' lang='lat' dir='ltr'><strong>aliis</strong></span> <span class='ocrx_word' id='word_1_467' title='bbox 1402 3385 1564 3449; x_wconf 88' lang='lat' dir='ltr'><strong>catholicis</strong></span> <span class='ocrx_word' id='word_1_468' title='bbox 1588 3383 1803 3464; x_wconf 79' lang='lat' dir='ltr'><strong>scriptoribus,</strong></span> <span class='ocrx_word' id='word_1_469' title='bbox 1827 3388 1860 3443; x_wconf 92' lang='lat' dir='ltr'><strong>ut</strong></span> 
     </span>
     <span class='ocr_line' id='line_1_38' title="bbox 85 3472 1857 3555; baseline -0.001 -20"><span class='ocrx_word' id='word_1_470' title='bbox 85 3492 178 3538; x_wconf 87' lang='lat' dir='ltr'><strong>suurn</strong></span> <span class='ocrx_word' id='word_1_471' title='bbox 195 3490 331 3539; x_wconf 87' lang='lat' dir='ltr'><strong>errorem</strong></span> <span class='ocrx_word' id='word_1_472' title='bbox 345 3475 386 3538; x_wconf 88' lang='lat' dir='ltr'><strong>de</strong></span> <span class='ocrx_word' id='word_1_473' title='bbox 399 3474 568 3537; x_wconf 88' lang='lat' dir='ltr'><strong>mutatione</strong></span> <span class='ocrx_word' id='word_1_474' title='bbox 581 3475 675 3539; x_wconf 89' lang='lat' dir='ltr'><strong>nnius</strong></span> <span class='ocrx_word' id='word_1_475' title='bbox 690 3482 815 3540; x_wconf 88' lang='lat' dir='ltr'><strong>naturae</strong></span> <span class='ocrx_word' id='word_1_476' title='bbox 829 3478 861 3540; x_wconf 92' lang='lat' dir='ltr'><strong>in</strong></span> <span class='ocrx_word' id='word_1_477' title='bbox 880 3481 953 3540; x_wconf 90' lang='lat' dir='ltr'><strong>alte·</strong></span> <span class='ocrx_word' id='word_1_478' title='bbox 993 3474 1059 3555; x_wconf 76' lang='lat' dir='ltr'><strong>iarn</strong></span> <span class='ocrx_word' id='word_1_479' title='bbox 1073 3472 1277 3537; x_wconf 88' lang='lat' dir='ltr'><strong>ostendimus.</strong></span> <span class='ocrx_word' id='word_1_480' title='bbox 1852 3499 1857 3509; x_wconf 93' lang='lat'>·</span> 
     </span>
     <span class='ocr_line' id='line_1_39' title="bbox 84 3556 953 3637; baseline 0.006 -19"><span class='ocrx_word' id='word_1_481' title='bbox 84 3575 152 3620; x_wconf 86' lang='lat' dir='ltr'><strong>rain</strong></span> <span class='ocrx_word' id='word_1_482' title='bbox 167 3557 200 3618; x_wconf 91' lang='lat' dir='ltr'><strong>in</strong></span> <span class='ocrx_word' id='word_1_483' title='bbox 228 3557 374 3637; x_wconf 90' lang='lat' dir='ltr'><strong>mysterio</strong></span> <span class='ocrx_word' id='word_1_484' title='bbox 398 3556 628 3620; x_wconf 91' lang='lat' dir='ltr'><strong>incarnationis.</strong></span> <span class='ocrx_word' id='word_1_485' title='bbox 654 3557 830 3623; x_wconf 90' lang='lat' dir='ltr'><strong>Catholioas</strong></span> <span class='ocrx_word' id='word_1_486' title='bbox 850 3567 953 3623; x_wconf 88' lang='lat' dir='ltr'><strong>autem</strong></span> 
     </span>
     <span class='ocr_line' id='line_1_40' title="bbox 85 3639 954 3722; baseline 0.005 -22"><span class='ocrx_word' id='word_1_487' title='bbox 85 3655 152 3702; x_wconf 92' lang='lat' dir='ltr'><strong>non</strong></span> <span class='ocrx_word' id='word_1_488' title='bbox 168 3639 474 3717; x_wconf 87' lang='lat' dir='ltr'><strong>negatmntationem</strong></span> <span class='ocrx_word' id='word_1_489' title='bbox 503 3639 642 3720; x_wconf 87' lang='lat' dir='ltr'><strong>aliquam</strong></span> <span class='ocrx_word' id='word_1_490' title='bbox 668 3642 759 3719; x_wconf 89' lang='lat' dir='ltr'><strong>panis</strong></span> <span class='ocrx_word' id='word_1_491' title='bbox 784 3645 816 3704; x_wconf 92' lang='lat' dir='ltr'><strong>in</strong></span> <span class='ocrx_word' id='word_1_492' title='bbox 840 3659 954 3722; x_wconf 86' lang='lat' dir='ltr'><strong>eorpus</strong></span> 
     </span>
     <span class='ocr_line' id='line_1_41' title="bbox 84 3721 956 3802; baseline 0.005 -18"><span class='ocrx_word' id='word_1_493' title='bbox 84 3721 202 3785; x_wconf 72' lang='lat' dir='ltr'><strong>diunisii</strong></span> <span class='ocrx_word' id='word_1_494' title='bbox 217 3721 297 3793; x_wconf 85' lang='lat' dir='ltr'><strong>llari,</strong></span> <span class='ocrx_word' id='word_1_495' title='bbox 314 3724 396 3802; x_wconf 84' lang='lat' dir='ltr'><strong>qnod</strong></span> <span class='ocrx_word' id='word_1_496' title='bbox 411 3729 495 3786; x_wconf 88' lang='lat' dir='ltr'><strong>certe</strong></span> <span class='ocrx_word' id='word_1_497' title='bbox 509 3722 611 3786; x_wconf 83' lang='lat' dir='ltr'><strong>iacere</strong></span> <span class='ocrx_word' id='word_1_498' title='bbox 625 3723 798 3797; x_wconf 88' lang='lat' dir='ltr'><strong>debuisset,</strong></span> <span class='ocrx_word' id='word_1_499' title='bbox 813 3727 841 3788; x_wconf 92' lang='lat' dir='ltr'><strong>si</strong></span> <span class='ocrx_word' id='word_1_500' title='bbox 869 3732 956 3790; x_wconf 83' lang='lat' dir='ltr'><strong>essct</strong></span> 
     </span>
     <span class='ocr_line' id='line_1_42' title="bbox 84 3769 1565 3888; baseline 0.005 -22"><span class='ocrx_word' id='word_1_501' title='bbox 84 3820 158 3866; x_wconf 77' lang='lat' dir='ltr'><strong>sera</strong></span> <span class='ocrx_word' id='word_1_502' title='bbox 174 3807 328 3868; x_wconf 85' lang='lat' dir='ltr'><strong>sententia</strong></span> <span class='ocrx_word' id='word_1_503' title='bbox 352 3805 608 3883; x_wconf 76' lang='lat' dir='ltr'><strong>lutheranorum.</strong></span> <span class='ocrx_word' id='word_1_504' title='bbox 634 3805 734 3870; x_wconf 91' lang='lat' dir='ltr'><strong>linmo</strong></span> <span class='ocrx_word' id='word_1_505' title='bbox 759 3808 829 3888; x_wconf 87' lang='lat' dir='ltr'><strong>ipse</strong></span> <span class='ocrx_word' id='word_1_506' title='bbox 850 3809 954 3887; x_wconf 90' lang='lat' dir='ltr'><strong>potins</strong></span> <span class='ocrx_word' id='word_1_507' title='bbox 1290 3773 1408 3850; x_wconf 57' lang='lat' dir='ltr'>CAPUT</span> <span class='ocrx_word' id='word_1_508' title='bbox 1429 3769 1565 3836; x_wconf 57' lang='lat' dir='ltr'><strong>XXVIII·</strong></span> 
     </span>
     <span class='ocr_line' id='line_1_43' title="bbox 85 3886 955 3967; baseline 0.007 -19"><span class='ocrx_word' id='word_1_509' title='bbox 85 3886 251 3951; x_wconf 90' lang='lat' dir='ltr'><strong>debuisset</strong></span> <span class='ocrx_word' id='word_1_510' title='bbox 277 3905 317 3950; x_wconf 85' lang='lat' dir='ltr'><strong>eii</strong></span> <span class='ocrx_word' id='word_1_511' title='bbox 330 3886 520 3950; x_wconf 77' lang='lat' dir='ltr'><strong>Eucharistia</strong></span> <span class='ocrx_word' id='word_1_512' title='bbox 548 3891 754 3967; x_wconf 88' lang='lat' dir='ltr'><strong>argumentari</strong></span> <span class='ocrx_word' id='word_1_513' title='bbox 769 3897 874 3954; x_wconf 88' lang='lat' dir='ltr'><strong>contra</strong></span> <span class='ocrx_word' id='word_1_514' title='bbox 894 3889 955 3954; x_wconf 84' lang='lat' dir='ltr'><strong>llu-</strong></span> 
     </span>
     <span class='ocr_line' id='line_1_44' title="bbox 85 3969 1640 4067; baseline 0.005 -39"><span class='ocrx_word' id='word_1_515' title='bbox 85 3971 280 4048; x_wconf 86' lang='lat' dir='ltr'><strong>tyohianum.</strong></span> <span class='ocrx_word' id='word_1_516' title='bbox 296 3969 328 4032; x_wconf 89' lang='lat' dir='ltr'><strong>Si</strong></span> <span class='ocrx_word' id='word_1_517' title='bbox 344 3971 427 4033; x_wconf 91' lang='lat' dir='ltr'><strong>enim</strong></span> <span class='ocrx_word' id='word_1_518' title='bbox 442 3987 547 4034; x_wconf 86' lang='lat' dir='ltr'><strong>rernm</strong></span> <span class='ocrx_word' id='word_1_519' title='bbox 561 3978 656 4046; x_wconf 87' lang='lat' dir='ltr'><strong>esset,</strong></span> <span class='ocrx_word' id='word_1_520' title='bbox 679 3973 762 4050; x_wconf 84' lang='lat' dir='ltr'><strong>quod</strong></span> <span class='ocrx_word' id='word_1_521' title='bbox 787 3973 952 4037; x_wconf 87' lang='lat' dir='ltr'><strong>Lntherani</strong></span> <span class='ocrx_word' id='word_1_522' title='bbox 1221 3981 1449 4067; x_wconf 59' lang='lat' dir='ltr'><strong>pesypmonyum</strong></span> <span class='ocrx_word' id='word_1_523' title='bbox 1461 4009 1488 4055; x_wconf 51' lang='lat'><strong>³·</strong></span> <span class='ocrx_word' id='word_1_524' title='bbox 1511 3988 1640 4054; x_wconf 61' lang='lat' dir='ltr'><strong>yeppes,</strong></span> 
     </span>
     <span class='ocr_line' id='line_1_45' title="bbox 85 4051 953 4136; baseline 0.007 -22"><span class='ocrx_word' id='word_1_525' title='bbox 85 4054 208 4122; x_wconf 82' lang='lat' dir='ltr'><strong>dieunt.</strong></span> <span class='ocrx_word' id='word_1_526' title='bbox 225 4053 396 4116; x_wconf 88' lang='lat' dir='ltr'><strong>manerein</strong></span> <span class='ocrx_word' id='word_1_527' title='bbox 423 4051 615 4116; x_wconf 75' lang='lat' dir='ltr'><strong>Eucharistia</strong></span> <span class='ocrx_word' id='word_1_528' title='bbox 643 4070 755 4133; x_wconf 88' lang='lat' dir='ltr'><strong>panem</strong></span> <span class='ocrx_word' id='word_1_529' title='bbox 780 4062 813 4118; x_wconf 88' lang='lat' dir='ltr'><strong>et</strong></span> <span class='ocrx_word' id='word_1_530' title='bbox 840 4072 953 4136; x_wconf 89' lang='lat' dir='ltr'><strong>corpus</strong></span> 
     </span>
     <span class='ocr_line' id='line_1_46' title="bbox 86 4134 953 4217; baseline 0.006 -22"><span class='ocrx_word' id='word_1_531' title='bbox 86 4135 158 4196; x_wconf 87' lang='lat' dir='ltr'><strong>sine</strong></span> <span class='ocrx_word' id='word_1_532' title='bbox 175 4135 237 4196; x_wconf 89' lang='lat' dir='ltr'><strong>ulla</strong></span> <span class='ocrx_word' id='word_1_533' title='bbox 252 4134 326 4198; x_wconf 91' lang='lat' dir='ltr'><strong>reali</strong></span> <span class='ocrx_word' id='word_1_534' title='bbox 342 4134 508 4200; x_wconf 87' lang='lat' dir='ltr'><strong>mutatione</strong></span> <span class='ocrx_word' id='word_1_535' title='bbox 520 4137 626 4214; x_wconf 85' lang='lat' dir='ltr'><strong>panis,</strong></span> <span class='ocrx_word' id='word_1_536' title='bbox 641 4140 816 4217; x_wconf 82' lang='lat' dir='ltr'><strong>exemplum</strong></span> <span class='ocrx_word' id='word_1_537' title='bbox 834 4139 953 4202; x_wconf 80' lang='lat' dir='ltr'><strong>liceba-</strong></span> 
     </span>
     <span class='ocr_line' id='line_1_47' title="bbox 86 4210 1950 4310; baseline -0.008 -32"><span class='ocrx_word' id='word_1_538' title='bbox 86 4216 198 4280; x_wconf 84' lang='lat' dir='ltr'><strong>ristiae</strong></span> <span class='ocrx_word' id='word_1_539' title='bbox 216 4217 292 4280; x_wconf 92' lang='lat' dir='ltr'><strong>nihil</strong></span> <span class='ocrx_word' id='word_1_540' title='bbox 313 4217 451 4292; x_wconf 87' lang='lat' dir='ltr'><strong>omnino,</strong></span> <span class='ocrx_word' id='word_1_541' title='bbox 478 4235 518 4282; x_wconf 95' lang='lat' dir='ltr'><strong>ne</strong></span> <span class='ocrx_word' id='word_1_542' title='bbox 543 4221 626 4296; x_wconf 84' lang='lat' dir='ltr'><strong>quod</strong></span> <span class='ocrx_word' id='word_1_543' title='bbox 654 4221 792 4299; x_wconf 88' lang='lat' dir='ltr'><strong>speciem</strong></span> <span class='ocrx_word' id='word_1_544' title='bbox 816 4221 954 4300; x_wconf 86' lang='lat' dir='ltr'><strong>quidem,</strong></span> <span class='ocrx_word' id='word_1_545' title='bbox 1040 4216 1259 4286; x_wconf 86' lang='lat' dir='ltr'><strong>SanctusLeo.</strong></span> <span class='ocrx_word' id='word_1_546' title='bbox 1275 4210 1671 4296; x_wconf 82' lang='lat' dir='ltr'><strong>licoty&#39;nnior&#39;l&#39;heodnreto</strong></span> <span class='ocrx_word' id='word_1_547' title='bbox 1695 4210 1791 4310; x_wconf 68' lang='lat' dir='ltr'><strong>pssct,</strong></span> <span class='ocrx_word' id='word_1_548' title='bbox 1806 4220 1859 4270; x_wconf 92' lang='lat' dir='ltr'><strong>eo·</strong></span> <span class='ocrx_word' id='word_1_549' title='bbox 1948 4256 1950 4264; x_wconf 81' lang='grc'>,</span> 
     </span>
     <span class='ocr_line' id='line_1_48' title="bbox 87 4288 1859 4388; baseline -0.006 -28"><span class='ocrx_word' id='word_1_550' title='bbox 87 4298 300 4379; x_wconf 81' lang='lat' dir='ltr'><strong>Eutychianos</strong></span> <span class='ocrx_word' id='word_1_551' title='bbox 313 4299 456 4379; x_wconf 80' lang='lat' dir='ltr'><strong>juvisset.</strong></span> <span class='ocrx_word' id='word_1_552' title='bbox 473 4300 649 4366; x_wconf 77' lang='lat' dir='ltr'><strong>catholicus</strong></span> <span class='ocrx_word' id='word_1_553' title='bbox 676 4319 751 4382; x_wconf 90' lang='lat' dir='ltr'><strong>ergo</strong></span> <span class='ocrx_word' id='word_1_554' title='bbox 774 4304 807 4366; x_wconf 90' lang='lat' dir='ltr'><strong>ln</strong></span> <span class='ocrx_word' id='word_1_555' title='bbox 831 4305 953 4385; x_wconf 88' lang='lat' dir='ltr'><strong>dialogo</strong></span> <span class='ocrx_word' id='word_1_556' title='bbox 997 4301 1069 4364; x_wconf 91' lang='lat' dir='ltr'><strong>dem</strong></span> <span class='ocrx_word' id='word_1_557' title='bbox 1084 4309 1185 4364; x_wconf 91' lang='lat' dir='ltr'><strong>tnnien</strong></span> <span class='ocrx_word' id='word_1_558' title='bbox 1200 4301 1325 4364; x_wconf 83' lang='lat' dir='ltr'><strong>saeculo</strong></span> <span class='ocrx_word' id='word_1_559' title='bbox 1337 4298 1489 4364; x_wconf 78' lang='lat' dir='ltr'><strong>floruitut</strong></span> <span class='ocrx_word' id='word_1_560' title='bbox 1505 4299 1586 4375; x_wconf 88' lang='lat' dir='ltr'><strong>patet</strong></span> <span class='ocrx_word' id='word_1_561' title='bbox 1600 4295 1745 4388; x_wconf 78' lang='lat' dir='ltr'><strong>eiiepist.</strong></span> <span class='ocrx_word' id='word_1_562' title='bbox 1761 4288 1859 4352; x_wconf 87' lang='lat' dir='ltr'><strong>ineo·</strong></span> 
     </span>
     <span class='ocr_line' id='line_1_49' title="bbox 85 4370 1862 4464; baseline -0.006 -21"><span class='ocrx_word' id='word_1_563' title='bbox 85 4383 289 4459; x_wconf 72' lang='lat' dir='ltr'><strong>theodoreti,</strong></span> <span class='ocrx_word' id='word_1_564' title='bbox 305 4384 378 4462; x_wconf 82' lang='lat' dir='ltr'><strong>oola</strong></span> <span class='ocrx_word' id='word_1_565' title='bbox 393 4400 455 4448; x_wconf 94' lang='lat' dir='ltr'><strong>non</strong></span> <span class='ocrx_word' id='word_1_566' title='bbox 470 4391 590 4462; x_wconf 90' lang='lat' dir='ltr'><strong>poterat</strong></span> <span class='ocrx_word' id='word_1_567' title='bbox 613 4401 728 4464; x_wconf 86' lang='lat' dir='ltr'><strong>negare</strong></span> <span class='ocrx_word' id='word_1_568' title='bbox 755 4388 953 4449; x_wconf 87' lang='lat' dir='ltr'><strong>mutationem</strong></span> <span class='ocrx_word' id='word_1_569' title='bbox 998 4385 1097 4448; x_wconf 85' lang='lat' dir='ltr'><strong>doreti</strong></span> <span class='ocrx_word' id='word_1_570' title='bbox 1112 4385 1151 4450; x_wconf 89' lang='lat' dir='ltr'><strong>ad</strong></span> <span class='ocrx_word' id='word_1_571' title='bbox 1165 4383 1312 4456; x_wconf 88' lang='lat' dir='ltr'><strong>Leonem,</strong></span> <span class='ocrx_word' id='word_1_572' title='bbox 1328 4389 1360 4444; x_wconf 89' lang='lat' dir='ltr'><strong>ot</strong></span> <span class='ocrx_word' id='word_1_573' title='bbox 1373 4396 1410 4443; x_wconf 89' lang='lat' dir='ltr'><strong>eii</strong></span> <span class='ocrx_word' id='word_1_574' title='bbox 1424 4380 1520 4442; x_wconf 88' lang='lat' dir='ltr'><strong>altera</strong></span> <span class='ocrx_word' id='word_1_575' title='bbox 1534 4377 1647 4441; x_wconf 86' lang='lat' dir='ltr'><strong>Leonis</strong></span> <span class='ocrx_word' id='word_1_576' title='bbox 1661 4375 1699 4436; x_wconf 88' lang='lat' dir='ltr'><strong>ad</strong></span> <span class='ocrx_word' id='word_1_577' title='bbox 1721 4370 1862 4434; x_wconf 86' lang='lat' dir='ltr'><strong>Theodo-</strong></span> 
     </span>
     <span class='ocr_line' id='line_1_50' title="bbox 88 4465 1846 4554; baseline 0.002 -28"><span class='ocrx_word' id='word_1_578' title='bbox 88 4466 248 4529; x_wconf 87' lang='lat' dir='ltr'><strong>essentiae</strong></span> <span class='ocrx_word' id='word_1_579' title='bbox 262 4467 365 4545; x_wconf 69' lang='lat' dir='ltr'><strong>panis</strong></span> <span class='ocrx_word' id='word_1_580' title='bbox 381 4465 520 4546; x_wconf 83' lang='lat' dir='ltr'><strong>coniugii</strong></span> <span class='ocrx_word' id='word_1_581' title='bbox 533 4467 572 4530; x_wconf 90' lang='lat' dir='ltr'><strong>ad</strong></span> <span class='ocrx_word' id='word_1_582' title='bbox 599 4468 738 4547; x_wconf 88' lang='lat' dir='ltr'><strong>symbola</strong></span> <span class='ocrx_word' id='word_1_583' title='bbox 766 4475 904 4544; x_wconf 81' lang='lat' dir='ltr'><strong>externa,</strong></span> <span class='ocrx_word' id='word_1_584' title='bbox 919 4486 955 4532; x_wconf 88' lang='lat' dir='ltr'><strong>ae</strong></span> <span class='ocrx_word' id='word_1_585' title='bbox 997 4475 1110 4531; x_wconf 87' lang='lat' dir='ltr'><strong>retum.</strong></span> <span class='ocrx_word' id='word_1_586' title='bbox 1577 4540 1584 4554; x_wconf 30' lang='grc' dir='ltr'>ι</span> <span class='ocrx_word' id='word_1_587' title='bbox 1634 4539 1641 4554; x_wconf 43' lang='lat'><strong>·</strong></span> <span class='ocrx_word' id='word_1_588' title='bbox 1839 4533 1846 4548; x_wconf 60' lang='lat'><strong>,</strong></span> 
     </span>
     <span class='ocr_line' id='line_1_51' title="bbox 87 4534 1861 4636; baseline -0.006 -30"><span class='ocrx_word' id='word_1_589' title='bbox 87 4547 178 4621; x_wconf 82' lang='lat' dir='ltr'><strong>dixit,</strong></span> <span class='ocrx_word' id='word_1_590' title='bbox 196 4554 334 4610; x_wconf 91' lang='lat' dir='ltr'><strong>naturam</strong></span> <span class='ocrx_word' id='word_1_591' title='bbox 348 4549 558 4628; x_wconf 90' lang='lat' dir='ltr'><strong>symbolorum</strong></span> <span class='ocrx_word' id='word_1_592' title='bbox 574 4564 636 4614; x_wconf 90' lang='lat' dir='ltr'><strong>aon</strong></span> <span class='ocrx_word' id='word_1_593' title='bbox 651 4550 772 4626; x_wconf 85' lang='lat' dir='ltr'><strong>moleri,</strong></span> <span class='ocrx_word' id='word_1_594' title='bbox 788 4559 819 4614; x_wconf 89' lang='lat' dir='ltr'><strong>ct</strong></span> <span class='ocrx_word' id='word_1_595' title='bbox 832 4567 871 4614; x_wconf 90' lang='lat' dir='ltr'><strong>eo</strong></span> <span class='ocrx_word' id='word_1_596' title='bbox 892 4569 956 4613; x_wconf 91' lang='lat' dir='ltr'><strong>ino·</strong></span> <span class='ocrx_word' id='word_1_597' title='bbox 1040 4549 1174 4628; x_wconf 87' lang='lat' dir='ltr'><strong>antuor</strong></span> <span class='ocrx_word' id='word_1_598' title='bbox 1187 4546 1363 4611; x_wconf 88' lang='lat' dir='ltr'><strong>testimonia</strong></span> <span class='ocrx_word' id='word_1_599' title='bbox 1379 4561 1417 4608; x_wconf 87' lang='lat' dir='ltr'><strong>ex</strong></span> <span class='ocrx_word' id='word_1_600' title='bbox 1431 4543 1535 4606; x_wconf 85' lang='lat' dir='ltr'><strong>Leone</strong></span> <span class='ocrx_word' id='word_1_601' title='bbox 1556 4547 1650 4636; x_wconf 38' lang='lat' dir='ltr'><strong>citari·</strong></span> <span class='ocrx_word' id='word_1_602' title='bbox 1669 4538 1783 4632; x_wconf 76' lang='lat' dir='ltr'><strong>solent.</strong></span> <span class='ocrx_word' id='word_1_603' title='bbox 1799 4534 1861 4631; x_wconf 78' lang='lat' dir='ltr'><strong>Pri-</strong></span> 
     </span>
     <span class='ocr_line' id='line_1_52' title="bbox 88 4622 1859 4720; baseline -0.006 -31"><span class='ocrx_word' id='word_1_604' title='bbox 88 4632 220 4698; x_wconf 80' lang='lat' dir='ltr'><strong>deesse</strong></span> <span class='ocrx_word' id='word_1_605' title='bbox 235 4630 267 4692; x_wconf 91' lang='lat' dir='ltr'><strong>in</strong></span> <span class='ocrx_word' id='word_1_606' title='bbox 282 4631 473 4694; x_wconf 72' lang='lat' dir='ltr'><strong>Eucharistla</strong></span> <span class='ocrx_word' id='word_1_607' title='bbox 488 4632 567 4695; x_wconf 87' lang='lat' dir='ltr'><strong>duas</strong></span> <span class='ocrx_word' id='word_1_608' title='bbox 581 4638 705 4696; x_wconf 87' lang='lat' dir='ltr'><strong>naturas</strong></span> <span class='ocrx_word' id='word_1_609' title='bbox 733 4633 954 4712; x_wconf 84' lang='lat' dir='ltr'><strong>impermixtos.</strong></span> <span class='ocrx_word' id='word_1_610' title='bbox 999 4649 1081 4694; x_wconf 89' lang='lat' dir='ltr'><strong>inum</strong></span> <span class='ocrx_word' id='word_1_611' title='bbox 1095 4638 1142 4694; x_wconf 88' lang='lat' dir='ltr'><strong>est</strong></span> <span class='ocrx_word' id='word_1_612' title='bbox 1156 4646 1251 4693; x_wconf 87' lang='lat' dir='ltr'><strong>serm.</strong></span> <span class='ocrx_word' id='word_1_613' title='bbox 1269 4630 1299 4692; x_wconf 92' lang='lat' dir='ltr'><strong>l.</strong></span> <span class='ocrx_word' id='word_1_614' title='bbox 1316 4630 1355 4690; x_wconf 90' lang='lat' dir='ltr'><strong>de</strong></span> <span class='ocrx_word' id='word_1_615' title='bbox 1370 4629 1516 4708; x_wconf 88' lang='lat' dir='ltr'><strong>passione</strong></span> <span class='ocrx_word' id='word_1_616' title='bbox 1531 4625 1663 4720; x_wconf 29' lang='lat' dir='ltr'><strong>lloumini,</strong></span> <span class='ocrx_word' id='word_1_617' title='bbox 1680 4622 1733 4683; x_wconf 91' lang='lat' dir='ltr'><strong>ubi</strong></span> <span class='ocrx_word' id='word_1_618' title='bbox 1749 4635 1795 4681; x_wconf 91' lang='lat' dir='ltr'><strong>sic</strong></span> <span class='ocrx_word' id='word_1_619' title='bbox 1807 4626 1859 4714; x_wconf 81' lang='lat' dir='ltr'><strong>ait:</strong></span> 
     </span>
     <span class='ocr_line' id='line_1_53' title="bbox 88 4707 1860 4804; baseline -0.006 -30"><span class='ocrx_word' id='word_1_620' title='bbox 88 4713 250 4784; x_wconf 87' lang='lat' dir='ltr'><strong>Secundo,</strong></span> <span class='ocrx_word' id='word_1_621' title='bbox 267 4714 338 4791; x_wconf 80' lang='lat' dir='ltr'><strong>quia</strong></span> <span class='ocrx_word' id='word_1_622' title='bbox 354 4714 393 4775; x_wconf 91' lang='lat' dir='ltr'><strong>ita</strong></span> <span class='ocrx_word' id='word_1_623' title='bbox 409 4731 444 4776; x_wconf 88' lang='lat' dir='ltr'><strong>se</strong></span> <span class='ocrx_word' id='word_1_624' title='bbox 459 4714 528 4792; x_wconf 87' lang='lat' dir='ltr'><strong>ipse</strong></span> <span class='ocrx_word' id='word_1_625' title='bbox 539 4715 682 4795; x_wconf 78' lang='lat' dir='ltr'><strong>explicat.</strong></span> <span class='ocrx_word' id='word_1_626' title='bbox 698 4715 771 4779; x_wconf 87' lang='lat' dir='ltr'><strong>Nam</strong></span> <span class='ocrx_word' id='word_1_627' title='bbox 786 4717 840 4780; x_wconf 91' lang='lat' dir='ltr'><strong>ubi</strong></span> <span class='ocrx_word' id='word_1_628' title='bbox 861 4717 958 4780; x_wconf 74' lang='lat' dir='ltr'><strong>dixis«</strong></span> <span class='ocrx_word' id='word_1_629' title='bbox 1000 4715 1035 4780; x_wconf 86' lang='lat' dir='ltr'><strong>lit</strong></span> <span class='ocrx_word' id='word_1_630' title='bbox 1050 4731 1124 4793; x_wconf 81' lang='lat' dir='ltr'><strong>erpo</strong></span> <span class='ocrx_word' id='word_1_631' title='bbox 1138 4712 1274 4776; x_wconf 83' lang='lat' dir='ltr'><strong>umbrae</strong></span> <span class='ocrx_word' id='word_1_632' title='bbox 1288 4713 1437 4776; x_wconf 71' lang='lat' dir='ltr'><strong>audeant</strong></span> <span class='ocrx_word' id='word_1_633' title='bbox 1450 4722 1592 4804; x_wconf 75' lang='lat' dir='ltr'><strong>corpori,</strong></span> <span class='ocrx_word' id='word_1_634' title='bbox 1609 4711 1638 4768; x_wconf 93' lang='lat' dir='ltr'><strong>et</strong></span> <span class='ocrx_word' id='word_1_635' title='bbox 1652 4707 1814 4801; x_wconf 78' lang='lat' dir='ltr'><strong>cessarent</strong></span> <span class='ocrx_word' id='word_1_636' title='bbox 1834 4718 1860 4764; x_wconf 88' lang='lat' dir='ltr'><strong>i·</strong></span> 
     </span>
     <span class='ocr_line' id='line_1_54' title="bbox 87 4784 1865 4884; baseline -0.007 -28"><span class='ocrx_word' id='word_1_637' title='bbox 87 4802 139 4856; x_wconf 84' lang='lat' dir='ltr'><strong>set</strong></span> <span class='ocrx_word' id='word_1_638' title='bbox 153 4801 294 4858; x_wconf 89' lang='lat' dir='ltr'><strong>natumm</strong></span> <span class='ocrx_word' id='word_1_639' title='bbox 310 4796 518 4876; x_wconf 86' lang='lat' dir='ltr'><strong>symbolorum</strong></span> <span class='ocrx_word' id='word_1_640' title='bbox 533 4814 670 4872; x_wconf 88' lang='lat' dir='ltr'><strong>manere,</strong></span> <span class='ocrx_word' id='word_1_641' title='bbox 686 4799 806 4876; x_wconf 90' lang='lat' dir='ltr'><strong>probat,</strong></span> <span class='ocrx_word' id='word_1_642' title='bbox 829 4801 899 4880; x_wconf 82' lang='lat' dir='ltr'><strong>qnia</strong></span> <span class='ocrx_word' id='word_1_643' title='bbox 914 4798 953 4862; x_wconf 87' lang='lat' dir='ltr'><strong>ii·</strong></span> <span class='ocrx_word' id='word_1_644' title='bbox 997 4799 1145 4876; x_wconf 78' lang='lat' dir='ltr'><strong>maginae</strong></span> <span class='ocrx_word' id='word_1_645' title='bbox 1159 4794 1218 4858; x_wconf 82' lang='lat' dir='ltr'><strong>aab</strong></span> <span class='ocrx_word' id='word_1_646' title='bbox 1232 4794 1419 4874; x_wconf 83' lang='lat' dir='ltr'><strong>praesentia</strong></span> <span class='ocrx_word' id='word_1_647' title='bbox 1431 4795 1588 4860; x_wconf 84' lang='lat' dir='ltr'><strong>ueritatis,</strong></span> <span class='ocrx_word' id='word_1_648' title='bbox 1604 4791 1744 4884; x_wconf 77' lang='lat' dir='ltr'><strong>antiqno</strong></span> <span class='ocrx_word' id='word_1_649' title='bbox 1759 4784 1865 4881; x_wconf 75' lang='lat' dir='ltr'><strong>obser·</strong></span> 
     </span>
     <span class='ocr_line' id='line_1_55' title="bbox 87 4868 1864 4966; baseline -0.005 -29"><span class='ocrx_word' id='word_1_650' title='bbox 87 4877 215 4946; x_wconf 87' lang='lat' dir='ltr'><strong>demus.</strong></span> <span class='ocrx_word' id='word_1_651' title='bbox 232 4884 265 4940; x_wconf 90' lang='lat' dir='ltr'><strong>et</strong></span> <span class='ocrx_word' id='word_1_652' title='bbox 279 4879 433 4958; x_wconf 90' lang='lat' dir='ltr'><strong>tangimus</strong></span> <span class='ocrx_word' id='word_1_653' title='bbox 448 4881 581 4944; x_wconf 88' lang='lat' dir='ltr'><strong>eandem</strong></span> <span class='ocrx_word' id='word_1_654' title='bbox 595 4881 743 4953; x_wconf 87' lang='lat' dir='ltr'><strong>colorem,</strong></span> <span class='ocrx_word' id='word_1_655' title='bbox 769 4883 898 4945; x_wconf 91' lang='lat' dir='ltr'><strong>enodem</strong></span> <span class='ocrx_word' id='word_1_656' title='bbox 920 4882 955 4944; x_wconf 90' lang='lat' dir='ltr'><strong>ll·</strong></span> <span class='ocrx_word' id='word_1_657' title='bbox 998 4881 1113 4944; x_wconf 77' lang='lat' dir='ltr'><strong>condo</strong></span> <span class='ocrx_word' id='word_1_658' title='bbox 1123 4895 1206 4942; x_wconf 86' lang='lat' dir='ltr'><strong>nouo</strong></span> <span class='ocrx_word' id='word_1_659' title='bbox 1218 4879 1340 4940; x_wconf 84' lang='lat' dir='ltr'><strong>tollitur</strong></span> <span class='ocrx_word' id='word_1_660' title='bbox 1349 4872 1672 4966; x_wconf 76' lang='lat' dir='ltr'><strong>sacromentohosbo</strong></span> <span class='ocrx_word' id='word_1_661' title='bbox 1680 4868 1864 4961; x_wconf 76' lang='lat' dir='ltr'><strong>inhoatione</strong></span> 
     </span>
     <span class='ocr_line' id='line_1_56' title="bbox 87 4949 1864 5046; baseline -0.006 -26"><span class='ocrx_word' id='word_1_662' title='bbox 87 4966 244 5036; x_wconf 83' lang='lat' dir='ltr'><strong>geramel</strong></span> <span class='ocrx_word' id='word_1_663' title='bbox 260 4961 505 5040; x_wconf 75' lang='lat' dir='ltr'><strong>menumquam</strong></span> <span class='ocrx_word' id='word_1_664' title='bbox 530 4971 619 5026; x_wconf 88' lang='lat' dir='ltr'><strong>antea</strong></span> <span class='ocrx_word' id='word_1_665' title='bbox 645 4963 825 5028; x_wconf 81' lang='lat' dir='ltr'><strong>uidebamus</strong></span> <span class='ocrx_word' id='word_1_666' title='bbox 839 4971 871 5028; x_wconf 91' lang='lat' dir='ltr'><strong>et</strong></span> <span class='ocrx_word' id='word_1_667' title='bbox 891 4972 955 5027; x_wconf 91' lang='lat' dir='ltr'><strong>tan·</strong></span> <span class='ocrx_word' id='word_1_668' title='bbox 1000 4963 1127 5032; x_wconf 77' lang='lat' dir='ltr'><strong>tramit,</strong></span> <span class='ocrx_word' id='word_1_669' title='bbox 1143 4962 1338 5040; x_wconf 79' lang='lat' dir='ltr'><strong>sangninem</strong></span> <span class='ocrx_word' id='word_1_670' title='bbox 1351 4959 1487 5038; x_wconf 82' lang='lat' dir='ltr'><strong>sompnis</strong></span> <span class='ocrx_word' id='word_1_671' title='bbox 1515 4955 1671 5023; x_wconf 75' lang='lat' dir='ltr'><strong>excludit,</strong></span> <span class='ocrx_word' id='word_1_672' title='bbox 1698 4955 1741 5046; x_wconf 61' lang='lat' dir='ltr'><strong>et⁴</strong></span> <span class='ocrx_word' id='word_1_673' title='bbox 1752 4949 1864 5030; x_wconf 81' lang='lat' dir='ltr'><strong>tepolis</strong></span> 
     </span>
     <span class='ocr_line' id='line_1_57' title="bbox 87 5030 1866 5134; baseline -0.004 -32"><span class='ocrx_word' id='word_1_674' title='bbox 87 5042 257 5112; x_wconf 74' lang='lat' dir='ltr'><strong>gebennas.</strong></span> <span class='ocrx_word' id='word_1_675' title='bbox 282 5042 397 5120; x_wconf 84' lang='lat' dir='ltr'><strong>Tertio,</strong></span> <span class='ocrx_word' id='word_1_676' title='bbox 422 5046 493 5122; x_wconf 80' lang='lat' dir='ltr'><strong>onia</strong></span> <span class='ocrx_word' id='word_1_677' title='bbox 521 5046 636 5126; x_wconf 86' lang='lat' dir='ltr'><strong>alioqui</strong></span> <span class='ocrx_word' id='word_1_678' title='bbox 662 5054 812 5125; x_wconf 88' lang='lat' dir='ltr'><strong>pugnaret</strong></span> <span class='ocrx_word' id='word_1_679' title='bbox 836 5062 955 5110; x_wconf 90' lang='lat' dir='ltr'><strong>secum.</strong></span> <span class='ocrx_word' id='word_1_680' title='bbox 999 5047 1167 5125; x_wconf 70' lang='lat' dir='ltr'><strong>festivitas,</strong></span> <span class='ocrx_word' id='word_1_681' title='bbox 1183 5046 1264 5108; x_wconf 82' lang='lat' dir='ltr'><strong>diam</strong></span> <span class='ocrx_word' id='word_1_682' title='bbox 1276 5039 1612 5134; x_wconf 83' lang='lat' dir='ltr'><strong>mutatur,implctirr.</strong></span> <span class='ocrx_word' id='word_1_683' title='bbox 1628 5033 1797 5129; x_wconf 29' lang='lat' dir='ltr'><strong>Haec-ille.</strong></span> <span class='ocrx_word' id='word_1_684' title='bbox 1812 5030 1866 5094; x_wconf 89' lang='lat' dir='ltr'><strong>Se·</strong></span> 
     </span>
     <span class='ocr_line' id='line_1_58' title="bbox 89 5115 1863 5210; baseline -0.005 -26"><span class='ocrx_word' id='word_1_685' title='bbox 89 5123 166 5186; x_wconf 81' lang='lat' dir='ltr'><strong>Nam</strong></span> <span class='ocrx_word' id='word_1_686' title='bbox 184 5125 254 5202; x_wconf 89' lang='lat' dir='ltr'><strong>ipse</strong></span> <span class='ocrx_word' id='word_1_687' title='bbox 268 5125 343 5188; x_wconf 88' lang='lat' dir='ltr'><strong>dicit</strong></span> <span class='ocrx_word' id='word_1_688' title='bbox 357 5127 465 5190; x_wconf 89' lang='lat' dir='ltr'><strong>matari</strong></span> <span class='ocrx_word' id='word_1_689' title='bbox 493 5134 525 5190; x_wconf 88' lang='lat' dir='ltr'><strong>ct</strong></span> <span class='ocrx_word' id='word_1_690' title='bbox 538 5144 599 5191; x_wconf 91' lang='lat' dir='ltr'><strong>non</strong></span> <span class='ocrx_word' id='word_1_691' title='bbox 614 5129 725 5192; x_wconf 86' lang='grc' dir='ltr'>ιιιιιιιιιι</span> <span class='ocrx_word' id='word_1_692' title='bbox 751 5129 903 5210; x_wconf 83' lang='lat' dir='ltr'><strong>symbola3</strong></span> <span class='ocrx_word' id='word_1_693' title='bbox 926 5136 959 5192; x_wconf 90' lang='lat' dir='ltr'><strong>et</strong></span> <span class='ocrx_word' id='word_1_694' title='bbox 1000 5129 1138 5192; x_wconf 91' lang='lat' dir='ltr'><strong>oonitum</strong></span> <span class='ocrx_word' id='word_1_695' title='bbox 1153 5134 1305 5190; x_wconf 88' lang='lat' dir='ltr'><strong>estscrm.</strong></span> <span class='ocrx_word' id='word_1_696' title='bbox 1323 5125 1371 5187; x_wconf 85' lang='lat' dir='ltr'><strong>tt.</strong></span> <span class='ocrx_word' id='word_1_697' title='bbox 1389 5125 1428 5186; x_wconf 89' lang='lat' dir='ltr'><strong>de</strong></span> <span class='ocrx_word' id='word_1_698' title='bbox 1444 5136 1587 5200; x_wconf 90' lang='lat' dir='ltr'><strong>passione</strong></span> <span class='ocrx_word' id='word_1_699' title='bbox 1603 5115 1863 5194; x_wconf 79' lang='lat' dir='ltr'><strong>Dominiilpsiiin,</strong></span> 
     </span>
     <span class='ocr_line' id='line_1_59' title="bbox 88 5204 1867 5299; baseline -0.003 -36"><span class='ocrx_word' id='word_1_700' title='bbox 88 5207 192 5269; x_wconf 73' lang='lat' dir='ltr'><strong>rideri</strong></span> <span class='ocrx_word' id='word_1_701' title='bbox 210 5205 336 5284; x_wconf 80' lang='lat' dir='ltr'><strong>quidem</strong></span> <span class='ocrx_word' id='word_1_702' title='bbox 351 5227 388 5274; x_wconf 87' lang='lat' dir='ltr'><strong>ao</strong></span> <span class='ocrx_word' id='word_1_703' title='bbox 404 5210 484 5290; x_wconf 89' lang='lat' dir='ltr'><strong>tangi</strong></span> <span class='ocrx_word' id='word_1_704' title='bbox 500 5211 650 5290; x_wconf 91' lang='lat' dir='ltr'><strong>symbola,</strong></span> <span class='ocrx_word' id='word_1_705' title='bbox 668 5220 769 5275; x_wconf 90' lang='lat' dir='ltr'><strong>lernen</strong></span> <span class='ocrx_word' id='word_1_706' title='bbox 784 5213 914 5291; x_wconf 90' lang='lat' dir='ltr'><strong>intelligi</strong></span> <span class='ocrx_word' id='word_1_707' title='bbox 928 5218 960 5274; x_wconf 86' lang='lat' dir='ltr'><strong>et</strong></span> <span class='ocrx_word' id='word_1_708' title='bbox 1000 5211 1114 5288; x_wconf 80' lang='lat' dir='ltr'><strong>incdit,</strong></span> <span class='ocrx_word' id='word_1_709' title='bbox 1128 5210 1314 5288; x_wconf 83' lang='lat' dir='ltr'><strong>peremnia</strong></span> <span class='ocrx_word' id='word_1_710' title='bbox 1328 5207 1500 5286; x_wconf 78' lang='lat' dir='ltr'><strong>etspiiitii,</strong></span> <span class='ocrx_word' id='word_1_711' title='bbox 1518 5211 1550 5299; x_wconf 81' lang='lat' dir='ltr'><strong>ct</strong></span> <span class='ocrx_word' id='word_1_712' title='bbox 1562 5217 1664 5295; x_wconf 80' lang='lat' dir='ltr'><strong>corne</strong></span> <span class='ocrx_word' id='word_1_713' title='bbox 1688 5204 1867 5294; x_wconf 76' lang='lat' dir='ltr'><strong>pertenuis.</strong></span> 
     </span>
     <span class='ocr_line' id='line_1_60' title="bbox 89 5289 1867 5378; baseline -0.007 -28"><span class='ocrx_word' id='word_1_714' title='bbox 89 5289 180 5370; x_wconf 84' lang='lat' dir='ltr'><strong>credi</strong></span> <span class='ocrx_word' id='word_1_715' title='bbox 199 5303 313 5368; x_wconf 82' lang='lat' dir='ltr'><strong>eorpus</strong></span> <span class='ocrx_word' id='word_1_716' title='bbox 327 5291 461 5354; x_wconf 82' lang='lat' dir='ltr'><strong>Domini:</strong></span> <span class='ocrx_word' id='word_1_717' title='bbox 477 5308 556 5371; x_wconf 81' lang='lat' dir='ltr'><strong>abac</strong></span> <span class='ocrx_word' id='word_1_718' title='bbox 571 5310 632 5355; x_wconf 90' lang='lat' dir='ltr'><strong>noa</strong></span> <span class='ocrx_word' id='word_1_719' title='bbox 648 5295 824 5365; x_wconf 84' lang='lat' dir='ltr'><strong>cohaerent,</strong></span> <span class='ocrx_word' id='word_1_720' title='bbox 841 5297 900 5356; x_wconf 90' lang='lat' dir='ltr'><strong>nisi</strong></span> <span class='ocrx_word' id='word_1_721' title='bbox 913 5296 958 5356; x_wconf 88' lang='lat' dir='ltr'><strong>di·</strong></span> <span class='ocrx_word' id='word_1_722' title='bbox 1002 5293 1137 5354; x_wconf 85' lang='lat' dir='ltr'><strong>‘lertium</strong></span> <span class='ocrx_word' id='word_1_723' title='bbox 1153 5296 1200 5354; x_wconf 91' lang='lat' dir='ltr'><strong>est</strong></span> <span class='ocrx_word' id='word_1_724' title='bbox 1215 5307 1310 5354; x_wconf 88' lang='lat' dir='ltr'><strong>seira.</strong></span> <span class='ocrx_word' id='word_1_725' title='bbox 1326 5291 1357 5352; x_wconf 84' lang='lat' dir='ltr'><strong>d.</strong></span> <span class='ocrx_word' id='word_1_726' title='bbox 1374 5290 1414 5353; x_wconf 90' lang='lat' dir='ltr'><strong>de</strong></span> <span class='ocrx_word' id='word_1_727' title='bbox 1439 5289 1562 5370; x_wconf 78' lang='lat' dir='ltr'><strong>jeiunio</strong></span> <span class='ocrx_word' id='word_1_728' title='bbox 1587 5290 1715 5378; x_wconf 72' lang='lat' dir='ltr'><strong>septimi¹</strong></span> <span class='ocrx_word' id='word_1_729' title='bbox 1738 5297 1867 5376; x_wconf 77' lang='lat' dir='ltr'><strong>mensis:</strong></span> 
     </span>
     <span class='ocr_line' id='line_1_61' title="bbox 88 5365 1865 5466; baseline -0.005 -33"><span class='ocrx_word' id='word_1_730' title='bbox 88 5388 204 5434; x_wconf 88' lang='lat' dir='ltr'><strong>eamus</strong></span> <span class='ocrx_word' id='word_1_731' title='bbox 220 5375 343 5440; x_wconf 80' lang='lat' dir='ltr'><strong>mutari.</strong></span> <span class='ocrx_word' id='word_1_732' title='bbox 359 5377 459 5455; x_wconf 83' lang='lat' dir='ltr'><strong>quoad</strong></span> <span class='ocrx_word' id='word_1_733' title='bbox 475 5377 626 5450; x_wconf 78' lang='lat' dir='ltr'><strong>internam</strong></span> <span class='ocrx_word' id='word_1_734' title='bbox 641 5376 841 5439; x_wconf 87' lang='lat' dir='ltr'><strong>substantiam</strong></span> <span class='ocrx_word' id='word_1_735' title='bbox 858 5379 957 5456; x_wconf 89' lang='lat' dir='ltr'><strong>panis,</strong></span> <span class='ocrx_word' id='word_1_736' title='bbox 1004 5375 1059 5438; x_wconf 85' lang='lat' dir='ltr'><strong>Sic</strong></span> <span class='ocrx_word' id='word_1_737' title='bbox 1070 5390 1185 5440; x_wconf 81' lang='lat' dir='ltr'><strong>acerne</strong></span> <span class='ocrx_word' id='word_1_738' title='bbox 1198 5389 1330 5438; x_wconf 83' lang='lat' dir='ltr'><strong>menone</strong></span> <span class='ocrx_word' id='word_1_739' title='bbox 1345 5370 1587 5466; x_wconf 76' lang='lat' dir='ltr'><strong>communicem</strong></span> <span class='ocrx_word' id='word_1_740' title='bbox 1611 5365 1742 5463; x_wconf 78' lang='lat' dir='ltr'><strong>debetis,</strong></span> <span class='ocrx_word' id='word_1_741' title='bbox 1758 5368 1796 5426; x_wconf 84' lang='lat' dir='ltr'><strong>iit</strong></span> <span class='ocrx_word' id='word_1_742' title='bbox 1815 5379 1865 5426; x_wconf 86' lang='lat' dir='ltr'><strong>iii·</strong></span> 
     </span>
     <span class='ocr_line' id='line_1_62' title="bbox 90 5449 1866 5545; baseline -0.005 -29"><span class='ocrx_word' id='word_1_743' title='bbox 90 5472 156 5517; x_wconf 89' lang='lat' dir='ltr'><strong>non</strong></span> <span class='ocrx_word' id='word_1_744' title='bbox 174 5457 286 5516; x_wconf 88' lang='lat' dir='ltr'><strong>mutari</strong></span> <span class='ocrx_word' id='word_1_745' title='bbox 302 5459 402 5534; x_wconf 85' lang='lat' dir='ltr'><strong>quoad</strong></span> <span class='ocrx_word' id='word_1_746' title='bbox 418 5460 599 5536; x_wconf 77' lang='lat' dir='ltr'><strong>exteriorem</strong></span> <span class='ocrx_word' id='word_1_747' title='bbox 615 5465 754 5522; x_wconf 88' lang='lat' dir='ltr'><strong>naturam</strong></span> <span class='ocrx_word' id='word_1_748' title='bbox 779 5466 809 5522; x_wconf 92' lang='lat' dir='ltr'><strong>el</strong></span> <span class='ocrx_word' id='word_1_749' title='bbox 823 5460 961 5538; x_wconf 88' lang='lat' dir='ltr'><strong>proprie·</strong></span> <span class='ocrx_word' id='word_1_750' title='bbox 1005 5458 1053 5522; x_wconf 84' lang='lat' dir='ltr'><strong>liii</strong></span> <span class='ocrx_word' id='word_1_751' title='bbox 1064 5472 1197 5536; x_wconf 77' lang='lat' dir='ltr'><strong>prorsus</strong></span> <span class='ocrx_word' id='word_1_752' title='bbox 1212 5457 1252 5520; x_wconf 87' lang='lat' dir='ltr'><strong>dc</strong></span> <span class='ocrx_word' id='word_1_753' title='bbox 1266 5456 1399 5520; x_wconf 75' lang='lat' dir='ltr'><strong>audate</strong></span> <span class='ocrx_word' id='word_1_754' title='bbox 1414 5469 1557 5531; x_wconf 82' lang='lat' dir='ltr'><strong>corporis</strong></span> <span class='ocrx_word' id='word_1_755' title='bbox 1584 5449 1710 5545; x_wconf 75' lang='lat' dir='ltr'><strong>diritati,</strong></span> <span class='ocrx_word' id='word_1_756' title='bbox 1738 5454 1768 5510; x_wconf 91' lang='lat' dir='ltr'><strong>et</strong></span> <span class='ocrx_word' id='word_1_757' title='bbox 1790 5461 1866 5508; x_wconf 87' lang='lat' dir='ltr'><strong>son·</strong></span> 
     </span>
     <span class='ocr_line' id='line_1_63' title="bbox 91 5529 1867 5630; baseline -0.004 -32"><span class='ocrx_word' id='word_1_758' title='bbox 91 5546 174 5600; x_wconf 75' lang='lat' dir='ltr'><strong>iarios</strong></span> <span class='ocrx_word' id='word_1_759' title='bbox 193 5537 411 5602; x_wconf 85' lang='lat' dir='ltr'><strong>accidentiam.</strong></span> <span class='ocrx_word' id='word_1_760' title='bbox 428 5537 550 5615; x_wconf 80' lang='lat' dir='ltr'><strong>Quarto,</strong></span> <span class='ocrx_word' id='word_1_761' title='bbox 568 5542 639 5620; x_wconf 83' lang='lat' dir='ltr'><strong>qula</strong></span> <span class='ocrx_word' id='word_1_762' title='bbox 654 5557 715 5604; x_wconf 92' lang='lat' dir='ltr'><strong>non</strong></span> <span class='ocrx_word' id='word_1_763' title='bbox 731 5547 779 5604; x_wconf 88' lang='lat' dir='ltr'><strong>est</strong></span> <span class='ocrx_word' id='word_1_764' title='bbox 792 5542 856 5606; x_wconf 93' lang='lat' dir='ltr'><strong>ullo</strong></span> <span class='ocrx_word' id='word_1_765' title='bbox 870 5543 962 5610; x_wconf 91' lang='lat' dir='ltr'><strong>inodo</strong></span> <span class='ocrx_word' id='word_1_766' title='bbox 1005 5541 1115 5620; x_wconf 81' lang='lat' dir='ltr'><strong>guinis</strong></span> <span class='ocrx_word' id='word_1_767' title='bbox 1130 5537 1311 5618; x_wconf 79' lang='lat' dir='ltr'><strong>ambigatis.</strong></span> <span class='ocrx_word' id='word_1_768' title='bbox 1327 5539 1392 5600; x_wconf 90' lang='lat' dir='ltr'><strong>lloc</strong></span> <span class='ocrx_word' id='word_1_769' title='bbox 1407 5536 1494 5600; x_wconf 82' lang='lat' dir='ltr'><strong>cirini</strong></span> <span class='ocrx_word' id='word_1_770' title='bbox 1518 5550 1572 5630; x_wconf 83' lang='lat' dir='ltr'><strong>ore</strong></span> <span class='ocrx_word' id='word_1_771' title='bbox 1599 5537 1750 5606; x_wconf 84' lang='lat' dir='ltr'><strong>sumitur,</strong></span> <span class='ocrx_word' id='word_1_772' title='bbox 1777 5529 1867 5609; x_wconf 82' lang='lat' dir='ltr'><strong>guod</strong></span> 
     </span>
     <span class='ocr_line' id='line_1_64' title="bbox 93 5611 1870 5711; baseline 0.002 -33"><span class='ocrx_word' id='word_1_773' title='bbox 93 5620 265 5689; x_wconf 80' lang='lat' dir='ltr'><strong>credibile,</strong></span> <span class='ocrx_word' id='word_1_774' title='bbox 281 5621 506 5686; x_wconf 74' lang='lat' dir='ltr'><strong>theodoretum</strong></span> <span class='ocrx_word' id='word_1_775' title='bbox 522 5629 581 5685; x_wconf 88' lang='lat' dir='ltr'><strong>tam</strong></span> <span class='ocrx_word' id='word_1_776' title='bbox 596 5630 700 5701; x_wconf 79' lang='lat' dir='ltr'><strong>aperie</strong></span> <span class='ocrx_word' id='word_1_777' title='bbox 725 5640 899 5704; x_wconf 88' lang='lat' dir='ltr'><strong>repugnare</strong></span> <span class='ocrx_word' id='word_1_778' title='bbox 912 5642 964 5689; x_wconf 87' lang='lat' dir='ltr'><strong>ro·</strong></span> <span class='ocrx_word' id='word_1_779' title='bbox 1006 5623 1071 5702; x_wconf 74' lang='lat' dir='ltr'><strong>fide</strong></span> <span class='ocrx_word' id='word_1_780' title='bbox 1085 5623 1238 5695; x_wconf 86' lang='lat' dir='ltr'><strong>creditor,</strong></span> <span class='ocrx_word' id='word_1_781' title='bbox 1254 5628 1284 5684; x_wconf 91' lang='lat' dir='ltr'><strong>et</strong></span> <span class='ocrx_word' id='word_1_782' title='bbox 1295 5621 1418 5698; x_wconf 76' lang='lat' dir='ltr'><strong>fruitio</strong></span> <span class='ocrx_word' id='word_1_783' title='bbox 1432 5618 1473 5682; x_wconf 84' lang='lat' dir='ltr'><strong>cb</strong></span> <span class='ocrx_word' id='word_1_784' title='bbox 1487 5617 1565 5692; x_wconf 86' lang='lat' dir='ltr'><strong>iilis,</strong></span> <span class='ocrx_word' id='word_1_785' title='bbox 1580 5613 1683 5711; x_wconf 72' lang='lat' dir='ltr'><strong>Aniep</strong></span> <span class='ocrx_word' id='word_1_786' title='bbox 1695 5611 1870 5708; x_wconf 54' lang='lat' dir='ltr'><strong>responde·</strong></span> 
     </span>
     <span class='ocr_line' id='line_1_65' title="bbox 96 5697 1873 5788; baseline -0.003 -24"><span class='ocrx_word' id='word_1_787' title='bbox 96 5702 197 5768; x_wconf 86' lang='lat' dir='ltr'><strong>inisse</strong></span> <span class='ocrx_word' id='word_1_788' title='bbox 221 5701 459 5784; x_wconf 78' lang='lat' dir='ltr'><strong>chrysostomo,</strong></span> <span class='ocrx_word' id='word_1_789' title='bbox 481 5705 661 5786; x_wconf 89' lang='lat' dir='ltr'><strong>llmbrosio,</strong></span> <span class='ocrx_word' id='word_1_790' title='bbox 684 5706 796 5780; x_wconf 83' lang='lat' dir='ltr'><strong>cyrillo</strong></span> <span class='ocrx_word' id='word_1_791' title='bbox 823 5714 856 5772; x_wconf 91' lang='lat' dir='ltr'><strong>et</strong></span> <span class='ocrx_word' id='word_1_792' title='bbox 881 5708 962 5784; x_wconf 87' lang='lat' dir='ltr'><strong>aliis,</strong></span> <span class='ocrx_word' id='word_1_793' title='bbox 1011 5719 1077 5787; x_wconf 79' lang='lat' dir='ltr'><strong>tier,</strong></span> <span class='ocrx_word' id='word_1_794' title='bbox 1094 5703 1245 5788; x_wconf 78' lang='lat' dir='ltr'><strong>apamia</strong></span> <span class='ocrx_word' id='word_1_795' title='bbox 1260 5709 1374 5769; x_wconf 83' lang='lat' dir='ltr'><strong>contra</strong></span> <span class='ocrx_word' id='word_1_796' title='bbox 1388 5704 1434 5780; x_wconf 84' lang='lat' dir='ltr'><strong>iit,</strong></span> <span class='ocrx_word' id='word_1_797' title='bbox 1451 5701 1541 5784; x_wconf 82' lang='lat' dir='ltr'><strong>pand</strong></span> <span class='ocrx_word' id='word_1_798' title='bbox 1561 5704 1736 5778; x_wconf 80' lang='lat' dir='ltr'><strong>decipitur,</strong></span> <span class='ocrx_word' id='word_1_799' title='bbox 1763 5697 1873 5775; x_wconf 84' lang='lat' dir='ltr'><strong>dispit-</strong></span> 
     </span>
    </p>
   </div>
   <div class='ocr_carea' id='block_1_3' title="bbox 0 0 2071 6275">
    <p class='ocr_par' dir='ltr' id='par_1_3' title="bbox 0 0 2071 6275">
     <span class='ocr_line' id='line_1_66' title="bbox 0 0 2071 6275; baseline 0 0"><span class='ocrx_word' id='word_1_800' title='bbox 0 0 2071 6275; x_wconf 95' lang='lat' dir='ltr'><strong> </strong></span> 
     </span>
    </p>
   </div>
  </div>
 </body>
</html>
