4084 6275
275 383 329 442 138
824 380 868 437 bt:
885 374 1037 434 ui‘tttcrtt
1056 372 1347 433 sicltiitittttotittit

196 519 383 595 pnitandrnn
396 522 465 581 est.
483 516 792 595 Quampostremam
802 510 1053 575 controuersiam
1098 507 1232 571 tambac
1247 507 1373 569 tatinum
1389 511 1436 567 iet
1450 502 1563 565 dictum
1579 510 1627 566 est
1641 506 1679 568 ab
1708 504 1822 583 oppido
1847 502 1956 573 Caere.

198 602 365 679 disputare
378 602 584 673 instituimus,
600 605 669 660 tuni
682 598 762 676 quia
780 612 832 658 res
859 595 1053 673 dignummo
1097 599 1130 652 ut
1145 592 1249 653 iotunt
1262 589 1364 652 Livius
1379 589 1434 652 lib.
1446 585 1477 649 5.
1493 587 1676 651 attularius
1690 588 1837 649 Maximus
1852 586 1908 651 lib.
1920 593 1954 650 1.

197 685 503 763 animaduertitur.
520 688 590 745 tuni
603 682 702 745 atiani
713 679 870 743 utnullus
883 680 925 739 sit
943 692 1052 739 canon
1097 692 1164 751 cap.
1182 675 1211 735 t.
1228 674 1308 753 quod
1337 673 1368 733 in
1385 688 1421 734 eo
1436 668 1550 748 oppido
1572 686 1656 733 sacra
1685 680 1808 732 romana
1836 679 1956 735 serrata

195 767 330 829 concilii
366 765 538 829 tridentini
557 766 600 827 dc
623 764 834 826 sacramentis
859 762 899 823 in
920 776 1050 839 genere,
1096 761 1169 829 sirit,
1186 773 1245 836 quo
1262 760 1398 833 tempore
1420 753 1494 816 Galli
1525 751 1646 815 ltomam
1676 753 1879 832 diripiamus
1905 757 1957 817 ret

195 864 292 927 quem
305 846 809 926 nondeiendarimusrliaclcnns
830 845 918 906 enim
940 858 1051 904 onines
1097 842 1172 903 torte
1188 839 1302 901 rectius
1316 837 1429 899 dictum
1445 840 1522 896 csta
1539 836 1682 903 carendo.
1700 842 1732 897 ut
1746 836 1956 899 sitcneremo-

194 932 407 1008 itetcndimua
422 937 552 1009 praeter
563 930 726 996 ultimum,
739 929 797 1007 qni
811 928 893 990 dicit
916 926 1051 987 nnatbe·
1097 925 1156 991 nia,
1174 922 1259 1000 quasi
1276 920 1477 987 caeremonia,
1492 922 1524 979 ut
1538 919 1602 979 vult
1616 934 1643 981 s.
1661 919 1850 997 Augustinus
1862 920 1957 983 liba.

194 1030 251 1075 ina
269 1014 311 1075 ils
339 1014 397 1094 qai
421 1013 642 1077 coeremonias
669 1011 842 1084 Ecclesiae,
870 1008 922 1071 orl
945 1014 1052 1071 conic-
1096 1010 1246 1069 retractat.
1263 1018 1331 1081 cap.
1348 999 1695 1066 li.etGetliustib.l.
1712 1016 1780 1079 cap.
1797 1002 1958 1065 ttietita-

193 1102 321 1171 innunt,
343 1096 395 1158 ccl
413 1095 484 1159 aine
503 1102 634 1175 peccato
653 1093 863 1172 praetermitti
881 1107 973 1171 posse
986 1107 1048 1171 pu·
1095 1088 1218 1150 crebius
1234 1086 1288 1149 lib.
1305 1086 1336 1146 ⁸2.
1352 1083 1503 1146 Satumal.
1520 1099 1588 1159 cap.
1605 1083 1636 1147 i.
1654 1099 1691 1145 iio
1706 1086 1788 1161 quod
1803 1087 1956 1163 quaedam

196 1185 277 1240 tant.
1095 1171 1306 1233 caeremoniae
1334 1168 1365 1229 ia
1394 1166 1590 1239 abstinendo,
1619 1172 1650 1229 ct
1677 1167 1811 1229 carendo
1837 1170 1958 1247 positae

234 1261 338 1323 Erunt
352 1266 462 1323 autern
475 1257 738 1339 quotuorpurtcs
766 1257 863 1339 buius
890 1257 1050 1338 quaestio·
1096 1257 1178 1327 sunt,
1195 1251 1294 1333 quatis
1309 1257 1372 1312 erat
1387 1248 1468 1326 apud
1482 1247 1616 1311 ludaeos
1632 1264 1736 1311 carere
1762 1264 1820 1313 usu
1849 1252 1959 1313 carnis

192 1343 256 1404 nis.
273 1342 371 1404 Prima
393 1346 433 1407 de
454 1345 614 1413 nomine,
641 1341 827 1419 delinitione
851 1344 881 1402 cl
899 1341 1053 1417 portione
1095 1336 1215 1403 suillae.
1233 1340 1263 1397 et
1276 1332 1377 1396 amaia
1393 1334 1455 1394 lere
1480 1337 1544 1392 icto
1573 1332 1799 1403 baiaraeorum,
1825 1344 1856 1395 et
1879 1334 1956 1396 atio·

191 1428 484 1489 aiiercmoniarum.
511 1426 651 1488 Secunda
677 1428 717 1489 da
730 1430 818 1486 statu
845 1438 990 1495 caussae,
1020 1428 1051 1483 ct
1096 1436 1173 1491 rum,
1189 1419 1240 1495 qut
1257 1418 1330 1488 rint,
1347 1422 1377 1477 et
1391 1415 1515 1477 aliarum
1532 1414 1821 1477 multarumrerum
1843 1431 1900 1479 usu
1924 1423 1957 1480 at

191 1508 426 1572 baereticorum
447 1508 608 1571 moribus
636 1504 987 1571 acsimanensium
1008 1506 1051 1567 de
1093 1506 1162 1564 roto
1178 1500 1332 1562 carebant.

191 1593 410 1669 implicatione
438 1590 670 1669 adprobatione
692 1591 848 1655 cecitatis.
877 1589 986 1663 Quarta
1008 1589 1051 1659 de
1135 1583 1194 1645 Sati
1209 1583 1245 1644 ad
1262 1580 1452 1661 partitionem
1468 1577 1636 1641 veniamus.
1648 1578 1792 1659 Quinque
1804 1586 1875 1641 sunt
1886 1598 1959 1667 par·

194 1672 427 1754 obiectionibus
442 1674 726 1738 aduersariorum,
896 1687 900 1694 ⁴
1094 1666 1216 1729 titianas
1232 1666 1503 1728 caeremoniarum.
1520 1660 1617 1722 Prima
1641 1662 1763 1737 partitio
1788 1664 1920 1726 sumitur
1940 1682 1959 1726 a

703 1772 706 1777 ·
1025 1792 1026 1797 1
1093 1748 1156 1810 flac
1170 1764 1225 1811 seu
1242 1746 1364 1809 effectu.
1382 1745 1532 1817 Quaedam
1549 1744 1630 1805 enim
1647 1743 1845 1807 instituuntur
1858 1746 1895 1807 ail
1906 1747 1961 1827 ju·

911 1874 916 1881 ι
1094 1830 1300 1901 stisscandum,
1318 1834 1350 1889 ut
1364 1832 1565 1899 sacramenta,
1581 1832 1611 1888 et
1626 1826 1665 1887 de
1681 1827 1729 1887 bis
1745 1829 1836 1891 inodo
1852 1844 1913 1890 non
1927 1848 1960 1891 a·

497 1936 613 2003 gqpqp
632 1938 740 2002 xm·
1093 1914 1205 1992 gimus:
1224 1912 1373 1993 quaedam
1387 1910 1423 1971 ad
1438 1909 1514 1971 alios
1529 1909 1678 1987 quosdam
1691 1907 1819 1972 abactas
1831 1910 1961 1989 spiritu·

1093 1998 1169 2070 ates,
1187 2002 1219 2057 ut
1233 1995 1270 2056 ait
1287 1995 1453 2057 daemones
1467 1992 1667 2057 aoircendos.
1686 1999 1721 2053 ut
1732 1994 1909 2069 exorcismi,
1927 2012 1959 2055 a·

440 2147 446 2162 ⁸
1097 2096 1155 2154 qua
1173 2076 1333 2139 benedicta
1343 2080 1407 2151 eta.
1424 2076 1573 2154 quaedam
1589 2076 1625 2134 ad
1643 2075 1742 2136 solum
1772 2081 1912 2138 ornatum
1930 2083 1965 2138 et

299 2149 342 2207 bc
355 2162 501 2220 marine.
517 2149 706 2229 definitione
720 2157 749 2215 et
760 2153 937 2232 partitione
1094 2159 1360 2239 significationem.
1377 2165 1410 2219 ut
1424 2158 1516 2219 iestis
1531 2157 1600 2218 utba
1613 2159 1847 2237 neophitorum,
1869 2159 1963 2223 tumi-

467 2266 760 2329 fflmmongamm,
1095 2260 1132 2305 na
1144 2258 1305 2305 cereorum
1317 2246 1376 2303 otc.
1395 2247 1424 2301 et
1439 2241 1477 2299 ite
1494 2240 1543 2299 tiis
1561 2238 1691 2316 agiaias.

1037 2331 1041 2339 “
1135 2326 1274 2389 Secunda
1291 2326 1410 2404 partitio
1425 2323 1702 2383 sumituracaussa
1729 2320 1893 2398 afficiente,
1912 2324 1961 2385 id-

1095 2414 1153 2483 est,
1169 2410 1208 2470 ab
1224 2408 1406 2471 institutore.
1434 2405 1589 2481 Quaedam
1614 2406 1697 2467 enim
1726 2405 1861 2468 suntab
1891 2408 1961 2486 ipsa

230 2479 317 2557 Quod
333 2481 371 2543 ad
384 2482 516 2563 primuni
531 2484 650 2556 attinet,
666 2487 799 2549 notanda
813 2494 886 2549 suat
900 2488 1051 2566 quaedam
1095 2498 1200 2554 natura
1216 2488 1441 2569 quodammodo
1459 2488 1624 2557 institutae,
1640 2501 1718 2564 quaa
1741 2488 1898 2551 naturales
1912 2490 1962 2550 di-

189 2579 245 2657 pro
259 2569 338 2625 statu
354 2582 483 2628 caussae
505 2568 717 2648 intelligendo.
730 2569 873 2648 Primum,
891 2579 949 2642 est,
977 2573 1052 2651 quid
1095 2574 1121 2636 ci
1139 2580 1279 2654 possunt:
1297 2573 1387 2653 quate
1402 2575 1449 2633 est
1463 2572 1617 2649 respicere
1634 2569 1664 2632 in
1685 2568 1820 2643 coelum,
1847 2572 1960 2635 tottero

185 2649 227 2707 sit
239 2648 444 2741 caeremonia.
460 2649 514 2711 list
528 2658 629 2713 autem
645 2653 837 2717 caeremonia
853 2655 939 2715 a'otus
952 2663 1051 2717 eiter-
1094 2672 1216 2729 manus,
1232 2656 1357 2719 flectere
1371 2670 1483 2731 genua,
1500 2653 1629 2715 tundere
1644 2658 1836 2730 pectuscum
1857 2653 1959 2715 ileum

187 2744 245 2823 nus
267 2730 439 2823 religionis,
453 2734 506 2812 qui
522 2749 583 2796 non
598 2735 723 2798 aliunde
738 2737 831 2798 babet
851 2738 1051 2810 taudem-ni·
1096 2756 1230 2801 uramus:
1246 2738 1303 2800 ista
1318 2736 1399 2800 euim
1416 2742 1520 2797 natura
1531 2734 1600 2813 ipsa
1628 2736 1730 2803 docet,
1757 2737 1840 2797 unda
1862 2736 1959 2800 esiam

192 2827 218 2871 si
233 2828 302 2905 quia
319 2813 351 2907 tlt
365 2815 401 2876 ad
417 2814 472 2878 Dei
485 2817 647 2879 bonorem.
664 2819 783 2895 Religio
798 2818 892 2891 anim,
911 2826 1052 2897 quaeest
1095 2837 1275 2884 communes
1295 2827 1367 2883 aunt
1388 2820 1478 2881 etiam
1500 2817 1683 2888 Gentilibus,
1706 2823 1737 2880 et
1756 2818 1965 2897 quibuscum·

188 2894 380 2990 stabilissima
396 2900 555 2959 moratium
568 2899 723 2972 uirtutum,
741 2908 803 2963 tres
830 2902 924 2962 babot
950 2903 1049 2977 actus,
1095 2904 1278 2982 quassatis.
1295 2903 1449 2981 Quaedam
1464 2907 1536 2961 sunt
1550 2917 1566 2961 a
1582 2899 1645 2963 Deo
1660 2899 1863 2971 instituisset
1877 2904 1960 2963 mut-

184 2982 218 3069 ιιι
232 2992 359 3054 quueiis
373 2980 429 3041 atio
446 2981 551 3043 virtus.
568 2982 680 3052 Primo,
697 2989 797 3045 actum
812 2985 965 3046 internum
993 2986 1049 3048 eli·
1097 2994 1144 3049 tue
1160 2986 1190 3048 in
1205 2986 1398 3049 Testamenta
1415 2983 1520 3053 reteri,
1537 2990 1567 3044 et
1587 2989 1775 3045 sacramenta
1807 2984 1963 3063 quaedam

186 3062 359 3138 aitumnqui
376 3070 423 3124 est
438 3064 516 3125 aetla
534 3063 595 3125 baa
611 3065 748 3127 debitum
777 3068 924 3128 bonoram
940 3074 970 3129 et
985 3070 1051 3131 cut·
1095 3068 1127 3131 in
1145 3086 1234 3146 noi03
1250 3074 1342 3146 atque
1358 3068 1414 3129 bae
1429 3066 1549 3129 divinae
1565 3066 1776 3128 caeremoniae
1802 3066 1964 3146 appellan-

187 3149 250 3203 tuiii
265 3143 349 3205 dina.
366 3147 521 3219 Secundo,
538 3154 637 3210 actum
671 3158 830 3212 externum
854 3150 1051 3224 iiiteraore·
1097 3160 1154 3216 tur.
1173 3152 1327 3227 Quaedam
1344 3151 1479 3231 denique
1494 3149 1617 3212 suntab
1647 3149 1807 3227 apostolis,
1834 3149 1882 3212 ret
1909 3166 1967 3212 eo·

187 3225 402 3319 annectentem,
420 3232 471 3306 qut
487 3237 535 3292 est
549 3232 704 3310 quaelibet
719 3238 842 3294 citerna
862 3233 953 3308 actio,
970 3253 1050 3312 quaa
1096 3252 1161 3297 ram
1178 3234 1412 3297 successoribus
1433 3232 1598 3307 institutae,
1628 3248 1707 3309 quae
1732 3232 1875 3295 dicuntur
1901 3232 1966 3294 Ec-

190 3324 252 3368 noa
268 3308 452 3373 aliundcest
467 3312 545 3374 bona
576 3320 607 3374 et
635 3314 810 3390 laubabilis,
842 3314 900 3378 nisi
929 3320 998 3395 qaia
1015 3317 1051 3380 ni
1095 3317 1298 3380 atesiasticae.
1316 3317 1352 3378 ui
1366 3315 1477 3379 similis
1491 3320 1538 3376 est
1553 3313 1671 3392 partitio
1692 3314 1866 3392 verborum
1889 3321 1966 3378 sunt

187 3391 224 3483 aii
237 3389 337 3485 Δξὶιιιιιι
350 3394 525 3488 colendum,
542 3402 575 3458 ut
589 3398 774 3460 sacrificium
793 3445 801 3464 .
829 3399 1004 3474 genuflexio
1019 3407 1051 3462 et
1096 3401 1180 3462 enini
1195 3400 1406 3466 caeremoniae
1420 3397 1569 3476 quaedam
1586 3397 1677 3458 rerba
1706 3395 1852 3461 risibilia.
1870 3397 1962 3459 Vide·

186 3473 438 3568 similia-larua,
454 3483 554 3541 actum
569 3479 761 3556 imperatum,
778 3481 868 3548 idest.
882 3488 982 3544 actum
994 3501 1049 3544 cu·
1092 3499 1163 3545 mus
1178 3483 1259 3544 enim
1272 3482 1420 3562 quasdam
1433 3496 1524 3542 noces
1539 3495 1609 3544 csse
1639 3481 1805 3555 naturales,
1824 3486 1858 3542 ut
1888 3485 1966 3544 sunt

185 3571 284 3633 Jiisris
300 3562 428 3630 virtutis,
445 3563 496 3637 qui
511 3580 527 3621 a
543 3562 695 3640 religione
709 3565 868 3626 ordinetur
882 3566 919 3625 ait
930 3563 983 3626 bei
994 3568 1049 3627 tai-
1093 3581 1160 3640 oria,
1177 3565 1291 3644 quibus
1306 3565 1403 3626 iarios
1429 3561 1557 3626 effeetus
1582 3563 1794 3640 exprimimus,
1824 3579 1894 3625 nam
1924 3579 1960 3626 o·

187 3653 305 3700 inirem.
322 3639 385 3735 blac
400 3643 491 3704 mado
501 3643 630 3723 jejunia,
647 3646 874 3726 eleemosynae,
890 3652 922 3708 et
936 3649 992 3710 alia
1016 3650 1046 3710 id
1092 3663 1180 3710 mnes
1196 3648 1406 3720 eodemmodo
1421 3647 1552 3724 plorant,
1568 3644 1734 3725 suspirant,
1763 3643 1864 3708 rident
1892 3651 1961 3710 etc.

187 3735 288 3796 genus
302 3723 361 3784 dici
379 3731 509 3802 possunt
522 3735 608 3789 actus
623 3728 793 3808 religionis,
819 3731 943 3810 qnando
970 3732 1048 3792 ttunt
1092 3731 1198 3792 atissa
1213 3730 1456 3794 Deoinstitutas.
1473 3734 1505 3789 ut
1520 3726 1634 3790 Genus.
1662 3729 1692 3788 1.
1716 3741 1831 3791 noiuen
1860 3729 1959 3801 coeli,

187 3803 225 3896 ait
240 3804 405 3868 colendum
420 3808 529 3880 Deum,
546 3809 825 3890 licetalioquisint
848 3812 939 3874 etiam
961 3821 1048 3877 actus
1094 3820 1201 3882 tarrae,
1219 3813 1322 3888 maiis,
1340 3810 1456 3896 etatibj
1485 3809 1606 3872 nomina
1632 3810 1804 3887 aliquorum
1828 3826 1963 3890 magno·

186 3885 316 3955 aliarum
330 3889 486 3958 uirtutum.
502 3891 546 3954 tle
558 3893 617 3955 boc
632 3894 720 3956 tertia
734 3901 804 3956 actu
818 3895 893 3958 dixit
906 3911 934 3957 s.
959 3895 1047 3957 laca-
1092 3910 1158 3956 rum
1174 3899 1317 3971 virorum3
1334 3894 1469 3973 dantque
1483 3892 1558 3955 alias
1572 3892 1610 3955 ab
1629 3890 1806 3955 bominibus
1832 3893 1963 3956 institn-

187 3969 248 4062 bus
262 3986 330 4045 cap.
349 3970 378 4032 1.
395 3972 575 4052 religionem
596 3991 669 4037 esso
696 3977 819 4040 visitare
842 3978 993 4054 pupiltos,
1017 3985 1049 4040 et
1092 3985 1148 4045 tas.
1172 3984 1204 4040 ut
1225 3977 1337 4042 Ganos.
1360 3977 1392 4039 2.
1423 3975 1519 4041 toan
1551 3975 1697 4055 imposuit
1728 3977 1852 4040 nomina
1887 3977 1960 4039 aiii·

189 4052 417 4116 immaculatum
438 4071 472 4117 se
494 4059 652 4119 custodire
680 4057 718 4118 ab
747 4059 806 4121 boc
833 4060 985 4137 saeculo;
1015 4067 1046 4122 et
1093 4059 1258 4123 inentibus.

188 4150 215 4193 s.
232 4134 422 4210 augustinus
433 4140 464 4198 in
480 4138 638 4202 Encbiriit.
652 4157 721 4218 cap.
738 4141 768 4202 3.
785 4140 970 4211 atriaticum
986 4144 1048 4205 coti
1133 4141 1230 4205 Tertia
1247 4141 1367 4220 partitio
1382 4141 1511 4204 sumitur
1535 4156 1552 4200 a
1573 4155 1682 4202 caussa
1705 4140 1835 4204 tamaii.
1861 4140 1963 4214 Quae·

192 4213 265 4310 lide,
278 4223 309 4278 ct
323 4233 392 4296 spe,
422 4226 453 4282 et
474 4222 632 4283 charitate.
663 4223 707 4284 Ea
735 4223 785 4285 bis
807 4224 903 4286 tribus
918 4225 1049 4300 actibus,
1093 4223 1162 4285 dam
1177 4223 1260 4286 enirn
1273 4225 1482 4286 caeremoniae
1494 4229 1566 4284 suat
1581 4221 1754 4286 immediate
1776 4224 1877 4286 uultus
1894 4225 1965 4300 troi,

192 4314 312 4394 primus
333 4301 419 4362 nulio
441 4303 534 4365 modo
558 4309 606 4366 cst
619 4306 812 4368 caeremonia
830 4325 839 4385 3
857 4308 964 4370 tertius
986 4326 1049 4371 non
1093 4315 1125 4369 ut
1139 4305 1334 4375 sacrificium.
1358 4308 1463 4372 oratio.
1481 4305 1615 4366 adoratio
1628 4305 1843 4386 eta.quaedam
1855 4307 1964 4386 dispo·

187 4388 342 4478 caiatiam
357 4386 562 4457 caeremonia,
590 4387 648 4448 nisi
664 4396 815 4465 quatenus
843 4391 1010 4468 imperatur
1031 4409 1048 4453 a
1093 4395 1169 4451 nunt
1182 4391 1218 4451 ad
1232 4389 1395 4452 colendum
1409 4390 1515 4459 barum,
1532 4395 1566 4448 ut·
1575 4387 1710 4466 jejunia,
1723 4388 1904 4457 coelibatus,
1920 4389 1967 4450 ri·

188 4465 351 4560 religione,
366 4468 524 4530 secandus
538 4474 585 4531 ast
597 4472 730 4547 propria,
741 4477 771 4532 ct
785 4473 966 4552 simpliciter
979 4490 1047 4536 cac·
1094 4479 1141 4535 tao
1156 4473 1304 4550 asperitas
1319 4479 1379 4534 etc.
1396 4471 1545 4549 quaedam
1557 4477 1631 4532 sunt
1651 4469 1850 4534 instrumenta
1867 4471 1968 4534 divini

193 4550 443 4623 ramonariae
464 4565 502 4613 eo
518 4557 679 4614 tractamus
692 4554 751 4616 boa
763 4555 842 4616 loco.
1092 4555 1203 4628 cattus,
1221 4561 1253 4618 ut
1265 4555 1388 4632 templa,
1406 4569 1488 4622 arae,
1504 4552 1617 4614 calices
1638 4560 1698 4615 ιιι.
1985 4585 1988 4590 -

228 4628 316 4706 Quod
331 4639 432 4694 autem
448 4633 485 4694 ad
502 4649 614 4695 nomen
642 4635 759 4698 attinet:
786 4634 1002 4702 caeremoniae
1015 4657 1048 4701 a·
1133 4637 1241 4715 Quarta
1263 4638 1383 4715 partitio
1397 4655 1413 4698 a
1426 4649 1535 4698 caussa
1566 4636 1725 4707 materiali,
1748 4651 1804 4698 seu
1819 4635 1860 4698 ab
1875 4635 1968 4716 obje-

188 4712 250 4806 pud
272 4712 431 4808 Hebraeos
461 4716 716 4803 dicunturnipri
731 4721 813 4798 quod
841 4736 951 4782 nomen
978 4738 1048 4800 pro·
1092 4726 1140 4782 cto
1157 4719 1470 4797 initeriati.Quaeitam
1483 4716 1565 4780 anim
1581 4717 1974 4782 caeremoniaeiersantur-

142 4879 147 4889 .
187 4809 255 4872 pita
266 4795 419 4873 significat
432 4813 494 4860 noii
510 4805 569 4860 tam
586 4799 682 4876 ipsein
698 4808 854 4863 externam
882 4803 1047 4878 actionem,
1092 4803 1172 4864 ulica
1189 4818 1349 4880 personas3
1366 4807 1397 4864 ut
1409 4799 1582 4872 exorcismi,
1606 4797 1841 4875 insufflationis,
1857 4817 1964 4880 asper·

187 4893 280 4970 quain
296 4880 407 4956 legem,
423 4897 478 4943 seu
494 4887 651 4949 statutum.
667 4899 729 4959 quo
745 4886 825 4946 actio
849 4885 901 4945 illa
924 4888 1045 4962 praeci·
1092 4887 1139 4946 sio
1151 4885 1263 4947 aiiieris
1278 4892 1337 4947 etc.
1354 4886 1503 4963 quarelam
1526 4883 1606 4944 circa
1621 4883 1736 4958 iocum,
1754 4891 1786 4947 ut
1800 4891 1970 4947 eonsecra-

188 4965 279 5054 pitur.
296 4961 381 5055 bada
396 4965 486 5026 etiam
500 4963 531 5026 ia
549 4981 626 5026 noio
641 4963 835 5027 Testamenta
860 4970 1047 5030 caeremoni·
1093 4969 1135 5028 tio
1152 4967 1269 5046 tempti3
1282 4969 1430 5043 quaedam
1447 4965 1525 5027 aiiaa
1542 4971 1675 5046 tempus,
1692 4971 1726 5028 ut
1740 4967 1807 5030 dios
1822 4968 1903 5034 testi.
1923 4967 1970 5029 ii-

188 5057 223 5103 ae
237 5043 378 5120 judaicae
394 5047 517 5106 nomine
532 5047 611 5124 legis
626 5049 773 5124 appellari
789 5050 900 5120 solent,
927 5055 959 5112 ut
976 5052 1046 5113 blat-
1093 5051 1196 5123 gillae,
1221 5049 1464 5129 quadragesima,
1492 5055 1523 5108 et
1545 5047 1590 5109 sia
1615 5049 1704 5111 etiam
1731 5057 1803 5112 sunt
1828 5057 1968 5126 tempora

188 5126 231 5186 ili.
250 5127 299 5188 tt.
315 5127 383 5189 lem
395 5134 425 5190 ct
438 5130 613 5207 proplietae
626 5146 729 5209 riiqiic
743 5131 970 5194 odJoonncm.
987 5133 1043 5195 Ga·
1091 5133 1310 5194 itaterminanta
1340 5135 1598 5192 sacramentorum
1627 5131 1847 5195 celebrationi:
1872 5149 1967 5206 qaae·

187 5209 238 5268 tat.
256 5207 291 5304 5..
304 5211 466 5286 testificor
480 5214 571 5275 omni
586 5214 712 5275 bomini
739 5215 982 5278 circumcidenti
994 5233 1043 5289 sc,
1090 5218 1159 5277 itam
1182 5215 1260 5276 circa
1278 5215 1412 5276 niodum.
1431 5221 1463 5274 ut
1484 5215 1566 5290 quoii
1584 5214 1674 5279 latine
1700 5221 1889 5277 sacramenta
1906 5219 1965 5275 nii-

188 5305 347 5368 quoniam
361 5292 484 5356 debitor
498 5302 543 5358 est
556 5297 728 5358 uniuersae
754 5297 831 5376 icqis
859 5299 1043 5373 sociandae.
1092 5300 1269 5370 nistrentiir3
1293 5297 1426 5374 denique
1451 5297 1600 5374 quaedam
1626 5299 1706 5359 circa
1732 5313 1782 5358 ios
1808 5300 1903 5376 ipsas.
1934 5307 1969 5359 ut

185 5373 258 5466 biam
275 5377 485 5469 ioaenitlraeci
501 5379 632 5440 reddant
648 5379 762 5458 abique
775 5378 1045 5460 pariambum,
1093 5379 1327 5444 benedictiones
1351 5393 1459 5456 aquae,
1477 5378 1866 5458 otei,iestium,palmaium
1883 5388 1946 5442 ctc.

186 5457 278 5550 idest,
292 5459 539 5534 justificationes,
556 5462 627 5538 quia
643 5469 730 5524 arant
743 5464 820 5524 ritus
835 5465 872 5538 ad
889 5466 1049 5528 hominem
1143 5462 1251 5535 Quinto
1268 5461 1387 5539 partitio
1402 5460 1532 5524 sumitur
1545 5461 1584 5524 ab
1600 5461 1821 5532 accidentibus.
1838 5469 1871 5523 ul
1883 5465 1971 5534 ‘1¹¹0st

182 5537 425 5630 pistilluandum,
448 5551 477 5604 et
505 5545 697 5622 purgandum
724 5545 894 5608 institutae.
926 5549 1052 5610 latinus
1097 5546 1175 5606 ntiae
1192 5543 1255 5606 sini
1275 5543 1476 5616 introientes,
1494 5544 1571 5604 aliac
1587 5543 1797 5622 particulares,
1824 5551 1856 5606 ut
1883 5545 1969 5624 jeju·

186 5629 338 5700 interpres
352 5622 416 5686 lere
428 5640 553 5704 sempor
568 5629 655 5688 restit
668 5630 892 5690 caeremoniam
905 5631 936 5692 ia
946 5631 1051 5693 Testa·
1099 5629 1183 5688 iiiam
1206 5627 1345 5688 sabbattii
1363 5625 1553 5705 temporibus
1568 5643 1595 5690 s.
1613 5627 1771 5706 Augustini
1788 5629 1971 5691 serrabatur

183 5711 287 5768 manto
303 5709 394 5770 rotari
412 5725 516 5770 rocem
534 5710 695 5772 liobraaam
722 5718 832 5793 mapsa.
853 5713 967 5774 damen
998 5731 1049 5774 au·
1101 5710 1224 5786 ticinae,
1241 5727 1301 5774 non
1317 5709 1493 5786 bodleiana
1516 5718 1547 5772 et
1561 5717 1664 5774 contra
1680 5710 1756 5776 lotio
1771 5711 1884 5790 pedum
1898 5717 1973 5791 post
