4084 6275
314 392 366 448 tto
967 378 1012 435 tls
1032 373 1259 435 edbdtt'tidttt

281 520 341 586 Sed
365 518 463 586 tacitis
488 523 535 583 εει
557 514 732 595 responsio.
755 510 835 577 llodi
851 508 1003 591 siquidem
1025 511 1096 589 illi,
1468 520 1582 585 gpppp
1602 524 1684 588 χχι,

241 620 321 683 auos
334 618 372 669 eo
386 605 454 665 loco
469 601 555 682 pouit
574 598 737 678 Origenes,
763 612 824 659 ooo
849 602 921 657 sunt
944 609 1053 656 omues
1069 602 1099 659 et

243 687 356 767 singuli
371 701 427 764 per
439 700 475 747 sc
488 682 677 747 sulllclentes
692 679 729 743 ad
741 679 857 759 peccati
869 677 1097 751 remissionem,

240 770 298 833 sed
313 768 453 849 plerique
467 783 573 831 corum
588 760 960 835 includuatalius,saltem
972 759 1003 821 in
1015 766 1096 823 roto:

239 854 270 915 bi
285 850 454 915 suntcuim
477 850 570 918 modi,
596 863 675 927 quos
699 846 752 909 ille
778 849 947 907 enumerat:
972 842 1098 921 Baptis-
1377 902 1381 911 ,

238 950 323 1004 mas,
337 930 759 1013 martyriamclccmosgno,
769 926 971 1007 iniuriarum
981 927 1097 989 condo·
1182 921 1290 996 Quarta
1303 922 1447 989 llcmnitii
1461 926 1595 1009 objectio
1609 926 1738 989 babetur
1749 944 1819 1006 pag.
1836 924 1931 987 liiii.
1951 926 2006 991 ubi

238 1017 341 1085 natio,
357 1016 519 1077 comancio
533 1014 720 1088 peccatoris,
735 1010 877 1074 ebaritas
891 1007 1098 1072 ctPoeniten·
1123 1020 1196 1069 -εειι
1210 1024 1338 1071 caussae
1354 1019 1565 1082 numerantur,
1591 1009 1631 1073 ob
1646 1028 1722 1089 quas
1738 1010 1904 1073 Lutbcrani
1922 1011 2006 1089 reje-

238 1100 297 1171 tia,
311 1098 376 1161 sios
390 1097 555 1174 confessio.
572 1095 808 1160 declamantem
823 1099 882 1163 est,
898 1091 993 1153 solam
1014 1093 1095 1155 elce·
1140 1096 1249 1151 cerunt
1263 1092 1501 1167 confessionam,
1524 1094 1555 1154 in
1570 1110 1629 1172 qua
1659 1100 1880 1157 enumerantur
1895 1096 2003 1155 cronia

240 1195 409 1261 mosacum.
425 1186 476 1241 aut
490 1180 618 1259 injuriae
632 1178 901 1243 condonalionem.
923 1181 975 1237 aut
995 1181 1096 1237 caete·
1140 1179 1276 1249 peccata:
1293 1174 1377 1237 Haec
1392 1181 1447 1251 est,
1463 1176 1573 1253 innuit.
1601 1182 1690 1242 vetos
1714 1175 1774 1239 illo
1799 1173 2004 1251 camiicina

237 1279 283 1336 ra,
299 1278 379 1343 quae
393 1262 665 1325 ibienamcraotur
679 1260 746 1322 sine
760 1258 917 1335 Baptismo
938 1257 970 1317 in
991 1271 1025 1319 re
1047 1257 1094 1319 rel
1140 1256 1423 1330 conscientiarum,
1436 1274 1536 1338 qnam
1549 1257 1659 1338 pladio
1676 1259 1813 1336 spiritns
1835 1258 2005 1321 Ecclesiae

236 1344 269 1409 in
284 1351 364 1417 roto,
380 1362 440 1407 oon
455 1343 597 1407 sulficere
610 1345 648 1404 ad
660 1340 924 1423 justificationem,
942 1340 1015 1401 licet
1036 1356 1094 1402 suo
1137 1343 1268 1402 nostroe
1283 1348 1505 1413 scemenum,
1518 1348 1650 1421 propter
1660 1342 1779 1405 modos
1789 1342 2004 1419 pramssimae

239 1430 329 1491 modo
341 1428 459 1507 jurent:
475 1434 506 1489 ct
519 1426 776 1506 quemadmodum
791 1440 852 1486 non
867 1421 1027 1500 baptizatis
1042 1424 1092 1483 illa
1138 1435 1283 1484 corneos.
1305 1423 1435 1501 Primo,
1464 1426 1545 1503 puio
1570 1426 1752 1503 imponitur
1778 1425 2000 1495 corcacicatiis,

238 1527 299 1571 noo
314 1509 549 1573 sufficiuntsine
563 1509 728 1588 Baptismo,
753 1508 793 1568 ito
818 1506 909 1569 ctiam
934 1504 1092 1583 baptizatis
1138 1518 1285 1569 cnmnec
1300 1504 1438 1577 ebriati,
1466 1522 1527 1569 ncc
1551 1507 1782 1587 apostolurum.
1804 1506 2000 1585 oelpraecc·

235 1593 288 1655 illa
304 1607 364 1655 non
380 1591 535 1655 sufficiunt
548 1593 617 1655 siue
631 1589 839 1661 confessione,
866 1589 897 1648 in
923 1602 968 1658 re,
990 1588 1038 1649 rel
1062 1589 1091 1649 ia
1136 1589 1239 1663 pram,
1253 1589 1304 1651 oei
1317 1590 1502 1667 ememplom
1511 1588 1639 1653 babeat.
1655 1588 1953 1659 sccundonattam
1965 1592 2002 1651 in

233 1682 315 1739 rato.
331 1676 467 1755 lienique
481 1675 645 1737 obserrent
657 1670 916 1743 bulberaoi,inter
930 1675 973 1730 tot
984 1670 1092 1733 modos
1135 1668 1229 1731 cerdo
1245 1670 1302 1733 liei
1312 1674 1559 1751 promissionem
1572 1672 1677 1737 babet.
1707 1672 1807 1737 Tertio
1824 1718 1833 1735 .
1865 1687 2000 1750 conrupe-

234 1759 274 1822 ab
288 1757 422 1837 Origene
437 1765 625 1828 numeratos,
651 1758 769 1818 nullom
797 1755 896 1817 locum
922 1752 993 1814 ndat
1020 1768 1091 1815 esse
1137 1750 1616 1833 liamtransformatinlepem:
1636 1756 1749 1817 stalait
1771 1755 1864 1817 enirn
1887 1756 1997 1817 remn-

173 1842 180 1853 ‘
233 1840 390 1919 tributum,
407 1841 455 1902 coi
471 1842 528 1903 soll
545 1841 678 1902 tribuere
699 1837 880 1915 solentipsi
897 1834 1091 1914 justillcatio·
1134 1835 1258 1898 sionem
1271 1839 1413 1915 pendere
1427 1853 1471 1901 ecc
1481 1838 1736 1901 enumeratione.
1761 1836 1900 1912 Qasr-to.
1930 1853 1997 1913 pro·

233 1938 318 1987 nem:
333 1939 370 1986 er
384 1938 445 2001 quc
459 1924 619 1985 admittere
633 1923 681 1985 rel
695 1921 780 1984 inriti
795 1925 957 1999 coguntur,
971 1918 1091 1981 nullum
1136 1918 1236 1979 taitae
1247 1920 1480 1991 condonatione·
1489 1920 1652 1984 annotant
1661 1920 1814 1983 mamam
1825 1935 1997 1981 enumero·

234 2021 339 2067 eornm
355 2006 515 2069 modorum
530 2022 584 2084 per
599 2020 634 2068 se
649 2004 749 2067 solum
764 2001 919 2066 sufficere.
1030 2050 1033 2057 ,
1135 1999 1232 2069 lionis
1247 2002 1527 2081 etsalisfaclionis.
1548 2002 1784 2081 Confessionern
1794 2004 1996 2065 meritorium

274 2086 340 2150 Hac
355 2088 461 2150 relcrri
477 2094 607 2167 possunt
621 2087 683 2149 duo
698 2087 756 2151 ulia
772 2084 944 2147 testimonia
956 2083 1089 2159 Patrum,
1135 2098 1203 2145 esse
1224 2086 1268 2147 ad
1281 2086 1397 2163 crtlpuc
1409 2086 1643 2153 remissionem.
1664 2101 1791 2165 poenae
1806 2085 1994 2147 diminutio·

232 2184 312 2245 quac
324 2171 437 2233 omissa
453 2178 553 2233 sunta
570 2170 735 2242 llcmnitio,
757 2168 814 2231 sed
839 2168 928 2229 citata
954 2184 970 2228 a
995 2166 1090 2228 Bran·
1133 2180 1221 2237 nem,
1235 2170 1387 2246 paradisi
1399 2172 1611 2247 apertionem,
1626 2173 1657 2231 et
1669 2169 1785 2231 solatis
1805 2167 1993 2243 iidncr'am.

233 2253 275 2315 tio
297 2253 327 2313 ia
342 2253 538 2316 confessione
551 2251 815 2331 wirtembergensi
830 2267 898 2330 cap.
915 2249 954 2311 de
969 2248 1091 2311 contes-
1136 2246 1324 2315 Senotastici
1337 2266 1487 2329 concesse
1502 2253 1649 2315 tradnrrt.
1667 2250 1780 2327 Qainto
1799 2294 1806 2322 ,
1832 2252 1994 2313 corrscicn

233 2334 333 2397 sione.
1135 2330 1215 2394 tiam
1229 2334 1363 2397 adducit
1375 2336 1414 2397 in
1424 2332 1657 2398 dubitationem
1680 2340 1710 2396 et
1724 2334 1993 2410 impactionem,

273 2416 405 2479 Primum
420 2416 628 2480 testimonium
642 2421 690 2479 est
704 2415 865 2496 Augustini
879 2412 1000 2477 lib.'l0.
1014 2412 1088 2477 Con·
1133 2417 1328 2495 scrupolose
1339 2414 1400 2480 illa
1426 2418 1693 2479 enumeratione.-
1719 2416 1834 2483 cidens
1864 2418 1994 2479 enimse

230 2498 305 2561 less.
322 2515 390 2576 cap.
406 2498 436 2561 i.
453 2499 507 2562 ubi
522 2501 567 2562 sic
583 2501 726 2579 legimus:
752 2497 835 2576 Quid
853 2500 936 2563 mibi
957 2502 1003 2559 eat
1016 2513 1091 2559 cnm
1133 2512 1202 2559 nan
1214 2514 1306 2577 posse
1320 2498 1561 2563 omniadelicta
1572 2500 1729 2577 coltiperc,
1743 2514 1937 2576 numanam
1950 2517 1996 2559 oc·

228 2579 423 2658 bominibus,
437 2587 475 2644 nt
488 2584 629 2647 audiant
642 2582 854 2660 confessiones
870 2595 971 2653 meos,
994 2582 1091 2660 qnasi
1134 2581 1451 2658 quiescindnbitctio
1464 2598 1540 2645 uero
1554 2584 1719 2660 ccttnpntt
1740 2580 1852 2659 iidem.
1877 2580 1992 2653 Scato,

224 2665 291 2740 ipsi
302 2669 454 2728 sanatori
466 2666 532 2729 sint
544 2681 653 2728 omncs
667 2666 839 2745 tanpnores
863 2680 962 2726 meos.-
984 2664 1089 2725 cnrio·
1135 2664 1236 2742 accipit
1249 2664 1571 2745 remimpossibiiem,
1588 2670 1712 2729 comtos
1734 2665 1823 2727 enim
1851 2664 1995 2741 pinriaco

223 2762 298 2809 aram
309 2763 411 2825 petrns
426 2749 472 2809 od
485 2750 741 2826 capnoscendam
755 2748 899 2811 alienam
911 2748 1023 2820 ailam,
1037 2747 1090 2809 de·
1132 2753 1266 2823 peccata
1278 2763 1338 2809 nos
1347 2747 1538 2827 intellipere,
1560 2764 1621 2812 nec
1635 2748 1831 2820 meminisse,
1841 2747 1952 2827 juncta
1962 2749 1993 2810 it

223 2830 380 2892 sidiusnm
395 2831 440 2891 ad
453 2832 681 2909 corrigendam
694 2833 809 2892 snam?
1134 2828 1202 2900 ind,
1217 2831 1330 2893 Delicta
1345 2832 1415 2909 quis
1430 2829 1584 2910 intelligit.

268 2912 328 2972 Sed
345 2912 406 2973 boc
420 2912 497 2973 nilrit
513 2921 561 2974 est
576 2914 671 2982 aliud,
688 2913 748 2974 nisi
775 2910 971 2991 simplicibus
993 2910 1090 2989 impo-
1173 2912 1368 2991 Respondes:
1386 2913 1457 2975 Tam
1470 2930 1540 2975 esse
1551 2928 1639 2977 seras
1653 2914 1727 2975 istas
1741 2928 1883 2987 caussas,
1901 2928 1989 2987 auam

224 3008 312 3055 nere:
330 3008 422 3054 nemo
437 2996 519 3055 enim
532 2995 629 3057 libros
644 2995 714 3056 illos
729 2995 870 3073 taginoni
882 2995 1088 3058 nesciatcou-
1133 3002 1182 3057 cst
1196 2996 1323 3075 elegans
1338 2995 1389 3057 illa
1404 2996 1571 3070 sententia,
1594 3012 1653 3075 qua
1670 2996 1793 3072 dicitur;
1809 2996 1989 3057 carniilcinr

225 3075 406 3146 tassionem,
423 3076 463 3139 dc
478 3092 537 3157 qua
552 3078 686 3157 loquitur
707 3078 906 3158 Augustinus,
933 3092 995 3138 non
1017 3094 1088 3142 essa
1132 3080 1233 3158 gladio
1250 3079 1361 3142 excuti.
1377 3079 1417 3141 lc
1433 3080 1560 3159 primam
1576 3079 1699 3159 quidem
1715 3092 1859 3141 caussam
1889 3076 1993 3140 lalsam

226 3156 453 3221 contcssioaear
479 3162 752 3231 sacramentalem,
777 3162 833 3222 sed
859 3160 1087 3222 confessionem
1133 3177 1215 3234 essa,
1233 3163 1378 3242 cognosci
1395 3169 1546 3240 potestas
1561 3161 1611 3236 iis,
1629 3178 1707 3238 quae
1735 3177 1828 3240 supra
1858 3179 1873 3222 a
1904 3163 1994 3225 nobis

229 3248 423 3316 peccatorum
439 3244 685 3320 praeteritorum,
703 3262 738 3304 ac
753 3259 808 3322 per
833 3244 1018 3322 baptismum
1043 3245 1088 3306 di·
1132 3246 1284 3323 disputata
1300 3253 1383 3321 sunt,
1400 3245 1452 3308 ubi
1468 3261 1503 3306 cx
1519 3246 1701 3324 euangelio,
1724 3261 1761 3306 ex
1777 3245 1860 3307 dctis
1872 3252 1992 3322 aposto·

227 3323 404 3396 naissomm,
422 3328 458 3385 ad
474 3341 543 3386 eum
559 3324 652 3388 daem
664 3327 963 3400 institutam,utindc
975 3341 1087 3406 cogno·
1134 3328 1231 3390 lorum
1245 3338 1275 3391 et
1291 3347 1326 3390 ex
1341 3329 1482 3406 epistolis
1498 3327 1594 3394 Pauli.
1610 3326 1737 3391 loannis
1753 3335 1784 3388 ει
1796 3325 1992 3400 lacaniano-

229 3414 332 3466 scatur
346 3412 377 3467 ει
390 3408 530 3469 laudetur
545 3409 754 3471 misericordia
772 3410 838 3470 liei.
1132 3409 1296 3474 sessionem
1313 3411 1495 3474 deduximus
1509 3410 1646 3473 omnium
1662 3417 1870 3489 peccatorum.

270 3489 403 3550 illerum
418 3492 628 3552 testimouium
645 3499 693 3557 cst
713 3492 861 3553 Ambrosii
891 3492 944 3554 lib.
978 3490 1027 3553 tlt.
1055 3491 1084 3552 in
1172 3495 1344 3557 Secundam
1361 3509 1502 3556 caussam
1519 3493 1626 3556 lelsam
1642 3509 1738 3558 esse.
1764 3500 1916 3556 testantur
1939 3494 1986 3554 illa

227 3568 301 3631 Luc.
318 3587 386 3648 cap.
402 3571 454 3634 96.
471 3573 522 3633 ubi
539 3576 584 3636 sic
611 3575 756 3650 legimus:
786 3574 897 3637 Petrus
919 3575 1034 3644 doluit,
1057 3581 1086 3634 ct
1132 3578 1220 3640 rerba
1238 3577 1356 3640 Domini
1371 3575 1459 3639 ioan.
1476 3575 1528 3638 20.
1546 3576 1688 3654 Quorsum
1710 3577 1902 3640 remiseritis
1924 3594 1987 3655 pee-

224 3651 321 3730 ilcoit.
338 3654 418 3733 qnia
431 3661 468 3717 at
488 3655 582 3718 bomo
603 3660 733 3726 mouit,
754 3672 823 3718 non
845 3659 977 3720 invenio
1004 3660 1086 3737 qnid
1131 3669 1215 3728 cato.
1230 3663 1439 3723 remitteretur
1453 3661 1509 3728 eis,
1527 3668 1556 3721 et
1570 3675 1707 3738 gnaram
1720 3660 1936 3732 retinueritis,
1948 3677 1989 3722 re·

228 3735 360 3800 dicerit.
376 3738 507 3799 inuenio
523 3741 611 3817 qood
623 3739 721 3818 sicarii,
748 3740 932 3820 lachrymas
960 3741 1030 3819 ejas
1045 3741 1084 3803 lc*
1130 3749 1219 3806 tento
1233 3751 1320 3806 snat.
1337 3743 1441 3820 Neque
1458 3744 1539 3802 enirn
1557 3745 1708 3820 (utsupra
1725 3744 1906 3812 docuimus)
1917 3744 1988 3802 scire

224 3831 285 3892 po.
308 3819 555 3894 satisfactionem
579 3837 648 3884 non
676 3823 757 3900 lopo.
782 3821 817 3882 tir
846 3824 935 3883 inira:
965 3823 1086 3885 bavent
1131 3834 1261 3904 possunt
1276 3828 1548 3901 sacerdotesauae
1566 3825 1985 3903 peccataremitteremtguac

225 3899 413 3993 taclrrpmae
426 3903 603 3977 delictam,
633 3904 927 3984 pnoduocepndor
942 3913 987 3967 est
1011 3922 1085 3968 con·
1131 3911 1334 3972 relinerecos
1348 3913 1496 3988 oporteat,
1513 3908 1572 3969 nisi
1590 3916 1713 3985 peccala
1740 3909 1806 3988 ipsa
1836 3908 1929 3986 plene
1949 3915 1986 3964 at-

225 3981 325 4057 silffl'·
1130 4009 1190 4071 auc
1205 3994 1324 4071 integre
1341 3992 1491 4052 aorcrint.
1507 3989 1583 4051 ltern
1600 3989 1649 4051 illa
1666 3991 1696 4052 l.
1711 3989 1759 4053 lo.
1778 3991 1807 4052 l.
1835 3990 1871 4052 Si
1891 3991 1984 4064 conrii-

268 4063 452 4142 llespoudeo
467 4068 611 4145 primum:
628 4067 671 4128 Eo
686 4074 823 4147 tempore
837 4070 974 4131 noudum
1001 4071 1086 4133 insli-
1130 4081 1399 4153 teamnrpcocoto
1411 4077 1535 4143 nostra,
1550 4073 1659 4151 fidelis
1674 4075 1722 4136 esi
1732 4082 1761 4136 et
1767 4074 1929 4154 instaur
1938 4091 1984 4134 rc·

224 4152 318 4208 trrlam
334 4147 428 4209 luisse
443 4151 669 4212 contessionem
686 4153 949 4226 sacramentalem,
973 4171 1009 4214 ac
1030 4171 1086 4232 per
1128 4161 1236 4222 mittat
1249 4158 1342 4221 nobis
1355 4161 1624 4236 pcccatanostra.

225 4229 285 4288 troc
298 4229 373 4290 nibil
388 4245 459 4293 esse
476 4233 597 4306 mirum,
613 4235 639 4294 si
656 4233 732 4295 ectri
749 4234 905 4298 confessio
921 4251 981 4296 nou
1001 4236 1084 4316 lega·
1169 4242 1267 4303 Tertia
1284 4256 1392 4304 caussa
1409 4239 1590 4300 calumniam
1604 4236 1794 4300 manifestam
1817 4255 1855 4300 ac
1869 4239 1987 4299 menda·

225 4317 285 4372 tur.
302 4311 375 4372 dicu
389 4313 501 4374 deinde
515 4317 740 4378 sdrnbrosium
756 4317 838 4395 loqui
853 4318 892 4378 de
905 4319 1082 4399 lachrymis.
1128 4326 1207 4386 ciam
1225 4326 1372 4385 continet.
1390 4321 1494 4400 Neque
1511 4320 1593 4382 enirn
1609 4320 1647 4382 ita
1670 4320 1808 4398 pendere
1833 4323 1989 4384 remissio

225 4408 305 4487 garae
329 4397 557 4461 contessionem
584 4400 735 4477 quandam
760 4401 929 4472 continent,
954 4409 988 4462 ut
1012 4419 1082 4464 cam
1127 4397 1197 4468 aem
1213 4408 1251 4469 ab
1268 4404 1508 4470 enumeratione.
1532 4403 1672 4466 cellrolici
1697 4404 1834 4478 docent,
1864 4411 1899 4466 ut
1928 4405 1982 4464 nisi

226 4491 295 4550 aurs
310 4477 469 4540 convictus
483 4482 597 4541 erroris
611 4482 650 4542 ab
671 4483 744 4552 alio,
771 4499 832 4543 non
857 4498 944 4557 roca.
967 4484 1023 4546 sed
1040 4485 1081 4547 la·
1126 4489 1194 4568 quis
1210 4491 1311 4552 arania
1325 4494 1447 4565 peccata
1463 4501 1644 4548 enumerare
1670 4487 1819 4563 potuerit,
1846 4501 1982 4550 reconn-

224 4559 359 4652 clrurgmis
373 4558 482 4623 latetur
496 4577 643 4626 errorem.
660 4563 711 4626 Sic
725 4565 806 4625 enim
822 4581 850 4626 s.
877 4565 994 4650 Petrus,
1010 4583 1081 4628 cum
1126 4573 1191 4633 liari
1208 4579 1350 4650 nequeat:
1367 4571 1519 4646 siquidem
1534 4568 1623 4630 tacite
1638 4575 1739 4646 potest
1766 4569 1911 4632 accidere
1928 4617 1936 4634 .
1954 4577 1982 4630 ut

224 4649 317 4701 scrret
331 4640 451 4704 cbristo
467 4650 571 4706 nutum
587 4647 681 4708 laissa
696 4649 812 4708 crimea
827 4663 930 4722 soum,
954 4665 1016 4712 non
1032 4667 1082 4712 ro·
1125 4657 1171 4716 ret
1188 4661 1312 4733 prepter
1325 4655 1522 4726 obliuionem,
1538 4652 1585 4713 rel
1608 4657 1732 4729 propter
1753 4652 1957 4728 ignorantiam
1974 4698 1982 4718 .

224 4736 272 4783 ce.
289 4725 524 4818 sedtacbrgmis
538 4729 700 4791 confessus
721 4737 781 4790 est:
807 4730 836 4792 id
849 4733 931 4809 quod
956 4734 1081 4795 omnino
1124 4740 1172 4799 rix
1194 4738 1348 4798 minimam
1365 4743 1479 4816 partem
1495 4751 1619 4797 suorum
1634 4733 1797 4796 criminum
1826 4737 1900 4813 quis
1916 4753 1983 4812 apc-

223 4803 336 4896 solllcrt
350 4823 380 4868 m
396 4809 602 4882 confessione,
619 4827 699 4891 qrrac
712 4811 745 4872 llt
760 4811 891 4891 bennui
910 4816 1011 4876 omnia
1028 4833 1081 4878 no·
1125 4822 1192 4893 riat,
1207 4827 1237 4882 ct
1254 4827 1353 4881 tamcn
1370 4819 1548 4890 absolvitur,
1564 4824 1595 4880 et
1608 4833 1678 4882 rere
1701 4815 1862 4880 absolutus
1887 4821 1985 4878 credi·

223 4895 274 4947 ιιι.
291 4888 376 4964 Quod
392 4897 493 4952 aulem
508 4909 534 4954 s.
551 4892 730 4956 ambrosias
745 4895 776 4956 in
793 4897 957 4976 laclrrgmis
978 4897 1010 4958 b.
1029 4899 1080 4962 Ρε·
1126 4909 1175 4964 tur
1194 4903 1232 4964 ab
1248 4903 1392 4964 omnibus
1408 4902 1555 4977 peccatis.

222 4973 258 5028 tri
274 4970 502 5065 contessionem
517 4981 683 5052 agnouerit.
698 4979 894 5055 perspicuum
906 4987 1002 5042 ester
1018 4982 1081 5044 illis
1165 4985 1270 5064 Neque
1285 5001 1356 5047 raro
1371 4985 1562 5060 euangelium
1579 4982 1608 5044 in
1624 4981 1725 5061 legem
1741 4982 1904 5054 conuertit,
1922 4983 1985 5060 oui·

220 5053 333 5148 rcrbrs:
350 5054 462 5118 diolmit
475 5055 588 5122 Petras
599 5075 697 5122 annm
716 5076 873 5124 accmore
895 5069 1075 5138 peccatam,
1125 5083 1257 5146 eramque
1272 5067 1480 5128 conditionem
1496 5066 1627 5142 alicujus
1642 5065 1744 5144 operis
1766 5065 1862 5142 exigit
1888 5067 1927 5124 ad
1942 5067 1986 5143 ju-

218 5137 256 5196 ιιι
262 5134 496 5212 postiticaretar
516 5140 672 5216 fatendo,
698 5157 798 5220 paam
821 5152 1080 5222 praoarctnrnc·
1123 5149 1346 5226 stinatianam,
1363 5150 1422 5210 nisi
1439 5155 1533 5210 totum
1548 5150 1740 5226 euangelium
1770 5161 1887 5226 negare
1915 5149 1984 5208 rati·

216 5219 338 5294 pando.
353 5219 463 5282 Jastns
477 5225 564 5284 enim
591 5226 629 5286 in
651 5226 814 5302 principio
842 5234 1011 5291 accusator
1037 5236 1082 5294 cst
1125 5250 1204 5294 mus.
1222 5233 1298 5307 Quid
1314 5233 1395 5294 enim
1412 5237 1522 5293 sonant
1535 5231 1624 5293 rerba
1641 5229 1789 5310 illaglir'si
1802 5231 1876 5306 pois
1893 5247 1988 5291 reno·

215 5301 281 5362 sai:
296 5301 409 5398 etnideo
419 5302 594 5382 ileoitdlem
607 5325 644 5368 cx
657 5307 940 5372 illiszl'erecnnduc
954 5311 1081 5394 laelrrp-
1124 5321 1174 5377 tus
1188 5316 1286 5393 inerit
1300 5321 1357 5378 etc.
1373 5313 1461 5376 Joaa.
1489 5313 1519 5375 3.
1546 5321 1587 5378 ει.
1615 5312 1681 5374 llisi
1705 5313 1986 5375 manducocerttia

215 5397 290 5478 mae
303 5399 374 5446 sane
387 5385 518 5450 borrurc
533 5390 664 5468 culpam
678 5390 869 5470 loquantur:
893 5394 1079 5474 lachrymae
1124 5408 1258 5461 carnem
1270 5399 1336 5476 filii
1349 5397 1488 5460 hominis
1503 5401 1560 5459 etc.
1577 5396 1665 5458 ioan.
1682 5392 1712 5456 b.
1730 5403 1771 5457 ct.
1789 5395 1856 5458 disi
1872 5393 1987 5456 Poena·

215 5479 339 5528 eramen
366 5469 438 5530 sine
465 5468 642 5550 offensione
671 5475 886 5536 verecundiae
916 5475 1073 5551 fatentur.
1122 5485 1256 5545 tentiam
1270 5479 1606 5544 mastaurensium
1625 5477 1674 5540 ts.
1692 5483 1733 5548 ct,
1751 5477 1787 5540 Si
1807 5480 1857 5540 ais
1882 5479 1930 5541 od
1945 5481 1987 5540 ri·

213 5545 296 5618 Quae
317 5552 417 5610 omnia
430 5555 608 5632 accipienda
621 5561 693 5616 sunt
707 5557 746 5616 de
772 5557 969 5620 contessiona
994 5577 1074 5638 quae
1122 5570 1188 5625 tam
1199 5565 1341 5644 ingredi.
1356 5580 1449 5626 seruc
1463 5559 1833 5625 mandata.llattlr.lli.et
1845 5562 1905 5622 alia
1920 5580 1987 5641 per·

211 5627 245 5688 lit
259 5629 319 5722 lieo
337 5675 345 5702 ,
368 5640 420 5694 aut
433 5637 523 5697 etiam
540 5638 678 5711 borninl,
700 5637 753 5718 qui
774 5640 890 5702 crimea
913 5647 1000 5703 anteo
1018 5659 1074 5706 no·
1123 5650 1229 5714 molta.
1249 5649 1307 5708 nisi
1323 5645 1548 5709 conditionem?
1561 5643 1679 5706 lierndc
1694 5645 1720 5704 si
1735 5645 1934 5720 evangelium
1959 5646 1986 5704 in
2021 5673 2022 5680 ι

213 5716 311 5788 'illle
1121 5730 1221 5809 legam
1237 5727 1626 5808 conuerteret‚quicumque
1641 5727 1756 5792 diceret
1769 5729 1988 5792 remissionem

1305 730 1444 798 Solvitur
1457 734 1507 797 li.
1523 734 1655 816 objectio
1669 735 1834 799 llemnitii.
