<?xml version="1.0" encoding="UTF-8"?>
<!DOCTYPE html PUBLIC "-//W3C//DTD XHTML 1.0 Transitional//EN"
    "http://www.w3.org/TR/xhtml1/DTD/xhtml1-transitional.dtd">
<html xmlns="http://www.w3.org/1999/xhtml" xml:lang="en" lang="en">
 <head>
  <title>
</title>
<meta http-equiv="Content-Type" content="text/html;charset=utf-8" />
  <meta name='ocr-system' content='tesseract 3.04.00' />
  <meta name='ocr-capabilities' content='ocr_page ocr_carea ocr_par ocr_line ocrx_word'/>
</head>
<body>
  <div class='ocr_page' id='page_1' title='image "./operaomnia03unkngoog/operaomnia03unkngoog_0820.png"; bbox 0 0 4084 6275; ppageno 0'>
   <div class='ocr_carea' id='block_1_1' title="bbox 265 393 321 448">
    <p class='ocr_par' dir='ltr' id='par_1_1' title="bbox 265 393 321 448">
     <span class='ocr_line' id='line_1_1' title="bbox 265 393 321 448; baseline -0.071 1"><span class='ocrx_word' id='word_1_1' title='bbox 265 393 321 448; x_wconf 74' lang='lat' dir='ltr'><strong>duo</strong></span> 
     </span>
    </p>
   </div>
   <div class='ocr_carea' id='block_1_2' title="bbox 166 519 1067 3139">
    <p class='ocr_par' dir='ltr' id='par_1_2' title="bbox 187 519 1067 912">
     <span class='ocr_line' id='line_1_2' title="bbox 195 519 1067 594; baseline -0.002 -8"><span class='ocrx_word' id='word_1_2' title='bbox 195 524 327 586; x_wconf 89' lang='lat' dir='ltr'><strong>dimittat</strong></span> <span class='ocrx_word' id='word_1_3' title='bbox 342 537 467 586; x_wconf 86' lang='lat' dir='ltr'><strong>uxorem</strong></span> <span class='ocrx_word' id='word_1_4' title='bbox 484 520 643 584; x_wconf 88' lang='lat' dir='ltr'><strong>inddetem</strong></span> <span class='ocrx_word' id='word_1_5' title='bbox 663 568 670 594; x_wconf 90' lang='lat'><strong>,</strong></span> <span class='ocrx_word' id='word_1_6' title='bbox 687 519 715 582; x_wconf 92' lang='lat' dir='ltr'><strong>st</strong></span> <span class='ocrx_word' id='word_1_7' title='bbox 737 535 773 585; x_wconf 88' lang='lat' dir='ltr'><strong>eo</strong></span> <span class='ocrx_word' id='word_1_8' title='bbox 789 522 863 585; x_wconf 84' lang='lat' dir='ltr'><strong>reiit</strong></span> <span class='ocrx_word' id='word_1_9' title='bbox 886 523 1067 588; x_wconf 68' lang='lat' dir='ltr'>cohabitare</span> 
     </span>
     <span class='ocr_line' id='line_1_3' title="bbox 191 603 1062 685; baseline 0.002 -21"><span class='ocrx_word' id='word_1_10' title='bbox 191 608 261 668; x_wconf 86' lang='lat' dir='ltr'><strong>sine</strong></span> <span class='ocrx_word' id='word_1_11' title='bbox 277 607 388 685; x_wconf 82' lang='lat' dir='ltr'><strong>injuria</strong></span> <span class='ocrx_word' id='word_1_12' title='bbox 401 604 561 666; x_wconf 87' lang='lat' dir='ltr'><strong>creatoris.</strong></span> <span class='ocrx_word' id='word_1_13' title='bbox 578 604 640 666; x_wconf 86' lang='lat' dir='ltr'><strong>Sed</strong></span> <span class='ocrx_word' id='word_1_14' title='bbox 655 603 728 682; x_wconf 82' lang='lat' dir='ltr'><strong>quio</strong></span> <span class='ocrx_word' id='word_1_15' title='bbox 743 606 804 666; x_wconf 91' lang='lat' dir='ltr'><strong>hec</strong></span> <span class='ocrx_word' id='word_1_16' title='bbox 818 609 867 666; x_wconf 89' lang='lat' dir='ltr'><strong>est</strong></span> <span class='ocrx_word' id='word_1_17' title='bbox 881 607 1062 678; x_wconf 90' lang='lat' dir='ltr'><strong>consilium,</strong></span> 
     </span>
     <span class='ocr_line' id='line_1_4' title="bbox 190 685 1064 765; baseline -0.001 -17"><span class='ocrx_word' id='word_1_18' title='bbox 190 701 255 749; x_wconf 86' lang='lat' dir='ltr'><strong>noo</strong></span> <span class='ocrx_word' id='word_1_19' title='bbox 278 693 491 765; x_wconf 80' lang='lat' dir='ltr'><strong>praeceptum3</strong></span> <span class='ocrx_word' id='word_1_20' title='bbox 508 685 579 750; x_wconf 88' lang='lat' dir='ltr'><strong>idco</strong></span> <span class='ocrx_word' id='word_1_21' title='bbox 604 687 679 748; x_wconf 88' lang='lat' dir='ltr'><strong>iicet</strong></span> <span class='ocrx_word' id='word_1_22' title='bbox 704 686 795 748; x_wconf 88' lang='lat' dir='ltr'><strong>etium</strong></span> <span class='ocrx_word' id='word_1_23' title='bbox 821 687 976 750; x_wconf 72' lang='lat' dir='ltr'><strong>dimittere</strong></span> <span class='ocrx_word' id='word_1_24' title='bbox 992 703 1064 749; x_wconf 84' lang='lat' dir='ltr'><strong>uxo·</strong></span> 
     </span>
     <span class='ocr_line' id='line_1_5' title="bbox 190 768 1064 842; baseline 0.001 -13"><span class='ocrx_word' id='word_1_25' title='bbox 190 786 256 832; x_wconf 90' lang='lat' dir='ltr'><strong>rem</strong></span> <span class='ocrx_word' id='word_1_26' title='bbox 273 770 444 841; x_wconf 76' lang='lat' dir='ltr'><strong>inddetem</strong></span> <span class='ocrx_word' id='word_1_27' title='bbox 469 773 588 832; x_wconf 86' lang='lat' dir='ltr'><strong>ettuoo</strong></span> <span class='ocrx_word' id='word_1_28' title='bbox 604 768 748 842; x_wconf 79' lang='lat' dir='ltr'><strong>maxime,</strong></span> <span class='ocrx_word' id='word_1_29' title='bbox 778 770 805 830; x_wconf 91' lang='lat' dir='ltr'><strong>si</strong></span> <span class='ocrx_word' id='word_1_30' title='bbox 836 769 914 832; x_wconf 91' lang='lat' dir='ltr'><strong>notit</strong></span> <span class='ocrx_word' id='word_1_31' title='bbox 939 769 1064 832; x_wconf 90' lang='lat' dir='ltr'><strong>cohahi-</strong></span> 
     </span>
     <span class='ocr_line' id='line_1_6' title="bbox 187 858 266 912; baseline 0.013 -1"><span class='ocrx_word' id='word_1_32' title='bbox 187 858 266 912; x_wconf 84' lang='lat' dir='ltr'><strong>ture.</strong></span> 
     </span>
    </p>

    <p class='ocr_par' dir='ltr' id='par_1_3' title="bbox 173 929 1063 2551">
     <span class='ocr_line' id='line_1_7' title="bbox 230 929 1063 1012; baseline 0 -18"><span class='ocrx_word' id='word_1_33' title='bbox 230 935 274 994; x_wconf 79' lang='lat' dir='ltr'><strong>dd</strong></span> <span class='ocrx_word' id='word_1_34' title='bbox 291 932 425 994; x_wconf 82' lang='lat' dir='ltr'><strong>tertium</strong></span> <span class='ocrx_word' id='word_1_35' title='bbox 441 929 620 1006; x_wconf 88' lang='lat' dir='ltr'><strong>dicendum,</strong></span> <span class='ocrx_word' id='word_1_36' title='bbox 637 947 784 1012; x_wconf 77' lang='lat' dir='ltr'><strong>magnum</strong></span> <span class='ocrx_word' id='word_1_37' title='bbox 799 947 871 995; x_wconf 90' lang='lat' dir='ltr'><strong>esse</strong></span> <span class='ocrx_word' id='word_1_38' title='bbox 892 932 1063 998; x_wconf 74' lang='lat' dir='ltr'><strong>discrimen</strong></span> 
     </span>
     <span class='ocr_line' id='line_1_8' title="bbox 188 1013 1062 1094; baseline 0.005 -20"><span class='ocrx_word' id='word_1_39' title='bbox 188 1015 268 1077; x_wconf 88' lang='lat' dir='ltr'><strong>inter</strong></span> <span class='ocrx_word' id='word_1_40' title='bbox 283 1014 426 1091; x_wconf 72' lang='lat' dir='ltr'><strong>conjugia</strong></span> <span class='ocrx_word' id='word_1_41' title='bbox 443 1018 598 1075; x_wconf 88' lang='lat' dir='ltr'><strong>contracta</strong></span> <span class='ocrx_word' id='word_1_42' title='bbox 615 1013 645 1074; x_wconf 94' lang='lat' dir='ltr'><strong>in</strong></span> <span class='ocrx_word' id='word_1_43' title='bbox 659 1014 854 1086; x_wconf 89' lang='lat' dir='ltr'><strong>intidetitate,</strong></span> <span class='ocrx_word' id='word_1_44' title='bbox 871 1023 902 1077; x_wconf 92' lang='lat' dir='ltr'><strong>et</strong></span> <span class='ocrx_word' id='word_1_45' title='bbox 916 1015 1062 1094; x_wconf 81' lang='lat' dir='ltr'><strong>conjugia</strong></span> 
     </span>
     <span class='ocr_line' id='line_1_9' title="bbox 188 1095 1061 1174; baseline 0.002 -16"><span class='ocrx_word' id='word_1_46' title='bbox 188 1101 344 1159; x_wconf 89' lang='lat' dir='ltr'><strong>contractu</strong></span> <span class='ocrx_word' id='word_1_47' title='bbox 360 1101 432 1174; x_wconf 89' lang='lat' dir='ltr'><strong>pust</strong></span> <span class='ocrx_word' id='word_1_48' title='bbox 448 1096 649 1172; x_wconf 78' lang='lat' dir='ltr'><strong>BaptiSmum.</strong></span> <span class='ocrx_word' id='word_1_49' title='bbox 668 1095 770 1158; x_wconf 79' lang='lat' dir='ltr'><strong>Priora</strong></span> <span class='ocrx_word' id='word_1_50' title='bbox 787 1097 893 1171; x_wconf 81' lang='lat' dir='ltr'><strong>enim,</strong></span> <span class='ocrx_word' id='word_1_51' title='bbox 921 1101 980 1160; x_wconf 86' lang='lat' dir='ltr'><strong>etsi</strong></span> <span class='ocrx_word' id='word_1_52' title='bbox 997 1106 1061 1160; x_wconf 90' lang='lat' dir='ltr'><strong>rata</strong></span> 
     </span>
     <span class='ocr_line' id='line_1_10' title="bbox 186 1178 1061 1242; baseline 0.002 -2"><span class='ocrx_word' id='word_1_53' title='bbox 186 1180 249 1240; x_wconf 92' lang='lat' dir='ltr'><strong>sint</strong></span> <span class='ocrx_word' id='word_1_54' title='bbox 264 1184 295 1240; x_wconf 91' lang='lat' dir='ltr'><strong>et</strong></span> <span class='ocrx_word' id='word_1_55' title='bbox 311 1178 396 1238; x_wconf 91' lang='lat' dir='ltr'><strong>tirma</strong></span> <span class='ocrx_word' id='word_1_56' title='bbox 413 1193 450 1239; x_wconf 87' lang='lat' dir='ltr'><strong>ex</strong></span> <span class='ocrx_word' id='word_1_57' title='bbox 466 1184 571 1239; x_wconf 90' lang='lat' dir='ltr'><strong>natura</strong></span> <span class='ocrx_word' id='word_1_58' title='bbox 586 1194 654 1240; x_wconf 90' lang='lat' dir='ltr'><strong>sua:</strong></span> <span class='ocrx_word' id='word_1_59' title='bbox 672 1185 774 1240; x_wconf 91' lang='lat' dir='ltr'><strong>tamen</strong></span> <span class='ocrx_word' id='word_1_60' title='bbox 790 1185 982 1242; x_wconf 85' lang='lat' dir='ltr'><strong>sacramenta</strong></span> <span class='ocrx_word' id='word_1_61' title='bbox 998 1195 1061 1242; x_wconf 91' lang='lat' dir='ltr'><strong>nun</strong></span> 
     </span>
     <span class='ocr_line' id='line_1_11' title="bbox 185 1259 1058 1338; baseline 0.002 -18"><span class='ocrx_word' id='word_1_62' title='bbox 185 1264 270 1335; x_wconf 89' lang='lat' dir='ltr'><strong>sunt,</strong></span> <span class='ocrx_word' id='word_1_63' title='bbox 284 1265 315 1321; x_wconf 92' lang='lat' dir='ltr'><strong>et</strong></span> <span class='ocrx_word' id='word_1_64' title='bbox 330 1260 401 1321; x_wconf 91' lang='lat' dir='ltr'><strong>ideo</strong></span> <span class='ocrx_word' id='word_1_65' title='bbox 417 1259 507 1322; x_wconf 90' lang='lat' dir='ltr'><strong>deest</strong></span> <span class='ocrx_word' id='word_1_66' title='bbox 521 1260 584 1322; x_wconf 90' lang='lat' dir='ltr'><strong>iitis</strong></span> <span class='ocrx_word' id='word_1_67' title='bbox 599 1260 760 1338; x_wconf 88' lang='lat' dir='ltr'><strong>potissima</strong></span> <span class='ocrx_word' id='word_1_68' title='bbox 782 1261 859 1322; x_wconf 91' lang='lat' dir='ltr'><strong>ratio</strong></span> <span class='ocrx_word' id='word_1_69' title='bbox 884 1261 1058 1323; x_wconf 89' lang='lat' dir='ltr'><strong>insoiuhiii·</strong></span> 
     </span>
     <span class='ocr_line' id='line_1_12' title="bbox 186 1341 1058 1423; baseline 0.003 -22"><span class='ocrx_word' id='word_1_70' title='bbox 186 1344 267 1404; x_wconf 88' lang='lat' dir='ltr'><strong>tatis.</strong></span> <span class='ocrx_word' id='word_1_71' title='bbox 284 1342 321 1423; x_wconf 78' lang='lat' dir='ltr'><strong>ht</strong></span> <span class='ocrx_word' id='word_1_72' title='bbox 336 1341 520 1419; x_wconf 87' lang='lat' dir='ltr'><strong>posteriora,</strong></span> <span class='ocrx_word' id='word_1_73' title='bbox 545 1348 738 1405; x_wconf 88' lang='lat' dir='ltr'><strong>sacramenta</strong></span> <span class='ocrx_word' id='word_1_74' title='bbox 755 1349 846 1416; x_wconf 89' lang='lat' dir='ltr'><strong>sunt,</strong></span> <span class='ocrx_word' id='word_1_75' title='bbox 873 1349 906 1404; x_wconf 90' lang='lat' dir='ltr'><strong>et</strong></span> <span class='ocrx_word' id='word_1_76' title='bbox 927 1343 1058 1420; x_wconf 76' lang='lat' dir='ltr'><strong>proinde</strong></span> 
     </span>
     <span class='ocr_line' id='line_1_13' title="bbox 182 1423 1057 1502; baseline 0.003 -18"><span class='ocrx_word' id='word_1_77' title='bbox 182 1425 339 1502; x_wconf 78' lang='lat' dir='ltr'><strong>duplicem</strong></span> <span class='ocrx_word' id='word_1_78' title='bbox 355 1424 470 1486; x_wconf 87' lang='lat' dir='ltr'><strong>hahent</strong></span> <span class='ocrx_word' id='word_1_79' title='bbox 482 1423 634 1486; x_wconf 87' lang='lat' dir='ltr'><strong>rationem</strong></span> <span class='ocrx_word' id='word_1_80' title='bbox 651 1424 893 1487; x_wconf 80' lang='lat' dir='ltr'><strong>insolubilitatis.</strong></span> <span class='ocrx_word' id='word_1_81' title='bbox 904 1424 992 1498; x_wconf 84' lang='lat' dir='ltr'><strong>Quod</strong></span> <span class='ocrx_word' id='word_1_82' title='bbox 1009 1442 1057 1486; x_wconf 89' lang='lat' dir='ltr'><strong>er·</strong></span> 
     </span>
     <span class='ocr_line' id='line_1_14' title="bbox 181 1505 1057 1584; baseline 0.001 -17"><span class='ocrx_word' id='word_1_83' title='bbox 181 1523 222 1584; x_wconf 78' lang='lat' dir='ltr'><strong>go</strong></span> <span class='ocrx_word' id='word_1_84' title='bbox 238 1506 408 1584; x_wconf 83' lang='lat' dir='ltr'><strong>hpnstotus</strong></span> <span class='ocrx_word' id='word_1_85' title='bbox 420 1505 526 1568; x_wconf 92' lang='lat' dir='ltr'><strong>docuit</strong></span> <span class='ocrx_word' id='word_1_86' title='bbox 541 1509 582 1567; x_wconf 88' lang='lat' dir='ltr'><strong>de</strong></span> <span class='ocrx_word' id='word_1_87' title='bbox 596 1505 799 1567; x_wconf 88' lang='lat' dir='ltr'><strong>itetrtmoniis</strong></span> <span class='ocrx_word' id='word_1_88' title='bbox 827 1506 858 1566; x_wconf 92' lang='lat' dir='ltr'><strong>in</strong></span> <span class='ocrx_word' id='word_1_89' title='bbox 875 1506 1057 1568; x_wconf 87' lang='lat' dir='ltr'><strong>iniideiitete</strong></span> 
     </span>
     <span class='ocr_line' id='line_1_15' title="bbox 179 1587 1056 1661; baseline 0.001 -12"><span class='ocrx_word' id='word_1_90' title='bbox 179 1589 360 1661; x_wconf 87' lang='lat' dir='ltr'><strong>contractis,</strong></span> <span class='ocrx_word' id='word_1_91' title='bbox 373 1587 543 1650; x_wconf 91' lang='lat' dir='ltr'><strong>nondehct</strong></span> <span class='ocrx_word' id='word_1_92' title='bbox 557 1589 681 1649; x_wconf 88' lang='lat' dir='ltr'><strong>extendi</strong></span> <span class='ocrx_word' id='word_1_93' title='bbox 707 1588 745 1649; x_wconf 90' lang='lat' dir='ltr'><strong>ad</strong></span> <span class='ocrx_word' id='word_1_94' title='bbox 765 1587 955 1650; x_wconf 87' lang='lat' dir='ltr'><strong>idetrimonio</strong></span> <span class='ocrx_word' id='word_1_95' title='bbox 981 1605 1056 1651; x_wconf 89' lang='lat' dir='ltr'><strong>con·</strong></span> 
     </span>
     <span class='ocr_line' id='line_1_16' title="bbox 180 1668 1052 1750; baseline 0.002 -21"><span class='ocrx_word' id='word_1_96' title='bbox 180 1677 274 1731; x_wconf 87' lang='lat' dir='ltr'><strong>tractu</strong></span> <span class='ocrx_word' id='word_1_97' title='bbox 292 1676 361 1747; x_wconf 89' lang='lat' dir='ltr'><strong>post</strong></span> <span class='ocrx_word' id='word_1_98' title='bbox 375 1668 579 1748; x_wconf 87' lang='lat' dir='ltr'><strong>Baptismum:</strong></span> <span class='ocrx_word' id='word_1_99' title='bbox 610 1677 640 1730; x_wconf 89' lang='lat' dir='ltr'><strong>et</strong></span> <span class='ocrx_word' id='word_1_100' title='bbox 665 1668 783 1731; x_wconf 90' lang='lat' dir='ltr'><strong>idcirco</strong></span> <span class='ocrx_word' id='word_1_101' title='bbox 807 1669 834 1732; x_wconf 90' lang='lat' dir='ltr'><strong>si</strong></span> <span class='ocrx_word' id='word_1_102' title='bbox 851 1671 929 1732; x_wconf 87' lang='lat' dir='ltr'><strong>atter</strong></span> <span class='ocrx_word' id='word_1_103' title='bbox 942 1672 1052 1750; x_wconf 91' lang='lat' dir='ltr'><strong>cunju-</strong></span> 
     </span>
     <span class='ocr_line' id='line_1_17' title="bbox 179 1751 1053 1830; baseline -0.001 -16"><span class='ocrx_word' id='word_1_104' title='bbox 179 1767 253 1830; x_wconf 78' lang='lat' dir='ltr'><strong>gum</strong></span> <span class='ocrx_word' id='word_1_105' title='bbox 265 1758 461 1814; x_wconf 75' lang='lat' dir='ltr'><strong>convertatur</strong></span> <span class='ocrx_word' id='word_1_106' title='bbox 476 1753 514 1812; x_wconf 91' lang='lat' dir='ltr'><strong>ah</strong></span> <span class='ocrx_word' id='word_1_107' title='bbox 530 1751 664 1824; x_wconf 83' lang='lat' dir='ltr'><strong>haeresi,</strong></span> <span class='ocrx_word' id='word_1_108' title='bbox 683 1757 715 1812; x_wconf 86' lang='lat' dir='ltr'><strong>et</strong></span> <span class='ocrx_word' id='word_1_109' title='bbox 736 1751 813 1812; x_wconf 90' lang='lat' dir='ltr'><strong>aiter</strong></span> <span class='ocrx_word' id='word_1_110' title='bbox 828 1752 906 1814; x_wconf 88' lang='lat' dir='ltr'><strong>notit</strong></span> <span class='ocrx_word' id='word_1_111' title='bbox 927 1753 1053 1814; x_wconf 89' lang='lat' dir='ltr'><strong>cuirahi-</strong></span> 
     </span>
     <span class='ocr_line' id='line_1_18' title="bbox 178 1833 1048 1918; baseline 0.003 -26"><span class='ocrx_word' id='word_1_112' title='bbox 178 1840 243 1918; x_wconf 74' lang='lat' dir='ltr'><strong>turc</strong></span> <span class='ocrx_word' id='word_1_113' title='bbox 257 1836 327 1897; x_wconf 89' lang='lat' dir='ltr'><strong>sine</strong></span> <span class='ocrx_word' id='word_1_114' title='bbox 344 1834 455 1912; x_wconf 84' lang='lat' dir='ltr'><strong>injuria</strong></span> <span class='ocrx_word' id='word_1_115' title='bbox 467 1835 616 1896; x_wconf 89' lang='lat' dir='ltr'><strong>creatoris</strong></span> <span class='ocrx_word' id='word_1_116' title='bbox 633 1881 640 1905; x_wconf 92' lang='lat'><strong>,</strong></span> <span class='ocrx_word' id='word_1_117' title='bbox 673 1849 736 1895; x_wconf 90' lang='lat' dir='ltr'><strong>non</strong></span> <span class='ocrx_word' id='word_1_118' title='bbox 751 1833 881 1896; x_wconf 87' lang='lat' dir='ltr'><strong>sotdtur</strong></span> <span class='ocrx_word' id='word_1_119' title='bbox 895 1833 1048 1896; x_wconf 73' lang='lat' dir='ltr'><strong>Matrimo-</strong></span> 
     </span>
     <span class='ocr_line' id='line_1_19' title="bbox 179 1915 1052 1995; baseline 0.001 -20"><span class='ocrx_word' id='word_1_120' title='bbox 179 1915 264 1978; x_wconf 85' lang='lat' dir='ltr'><strong>nium</strong></span> <span class='ocrx_word' id='word_1_121' title='bbox 287 1919 387 1995; x_wconf 87' lang='lat' dir='ltr'><strong>quoad</strong></span> <span class='ocrx_word' id='word_1_122' title='bbox 404 1915 574 1992; x_wconf 80' lang='lat' dir='ltr'><strong>vincutum,</strong></span> <span class='ocrx_word' id='word_1_123' title='bbox 591 1932 652 1977; x_wconf 91' lang='lat' dir='ltr'><strong>non</strong></span> <span class='ocrx_word' id='word_1_124' title='bbox 669 1916 740 1994; x_wconf 83' lang='lat' dir='ltr'><strong>quie</strong></span> <span class='ocrx_word' id='word_1_125' title='bbox 763 1915 903 1977; x_wconf 89' lang='lat' dir='ltr'><strong>haeresis</strong></span> <span class='ocrx_word' id='word_1_126' title='bbox 933 1931 993 1977; x_wconf 93' lang='lat' dir='ltr'><strong>non</strong></span> <span class='ocrx_word' id='word_1_127' title='bbox 1011 1917 1052 1978; x_wconf 92' lang='lat' dir='ltr'><strong>sit</strong></span> 
     </span>
     <span class='ocr_line' id='line_1_20' title="bbox 177 1997 1050 2077; baseline 0.001 -19"><span class='ocrx_word' id='word_1_128' title='bbox 177 1999 303 2072; x_wconf 84' lang='lat' dir='ltr'><strong>species</strong></span> <span class='ocrx_word' id='word_1_129' title='bbox 317 1997 509 2060; x_wconf 89' lang='lat' dir='ltr'><strong>inddetitatis</strong></span> <span class='ocrx_word' id='word_1_130' title='bbox 526 2043 534 2068; x_wconf 89' lang='lat'><strong>‚</strong></span> <span class='ocrx_word' id='word_1_131' title='bbox 550 1999 608 2060; x_wconf 89' lang='lat' dir='ltr'><strong>sed</strong></span> <span class='ocrx_word' id='word_1_132' title='bbox 624 2000 696 2077; x_wconf 85' lang='lat' dir='ltr'><strong>quia</strong></span> <span class='ocrx_word' id='word_1_133' title='bbox 721 1997 947 2058; x_wconf 87' lang='lat' dir='ltr'><strong>htutrimunium</strong></span> <span class='ocrx_word' id='word_1_134' title='bbox 973 1997 1050 2059; x_wconf 92' lang='lat' dir='ltr'><strong>ittud</strong></span> 
     </span>
     <span class='ocr_line' id='line_1_21' title="bbox 178 2080 1049 2157; baseline 0.003 -18"><span class='ocrx_word' id='word_1_135' title='bbox 178 2087 249 2156; x_wconf 86' lang='lat' dir='ltr'><strong>post</strong></span> <span class='ocrx_word' id='word_1_136' title='bbox 264 2080 453 2157; x_wconf 83' lang='lat' dir='ltr'><strong>Baptismum</strong></span> <span class='ocrx_word' id='word_1_137' title='bbox 468 2083 660 2143; x_wconf 87' lang='lat' dir='ltr'><strong>contractum</strong></span> <span class='ocrx_word' id='word_1_138' title='bbox 672 2081 774 2142; x_wconf 86' lang='lat' dir='ltr'><strong>tuerat</strong></span> <span class='ocrx_word' id='word_1_139' title='bbox 787 2085 818 2140; x_wconf 88' lang='lat' dir='ltr'><strong>et</strong></span> <span class='ocrx_word' id='word_1_140' title='bbox 833 2095 868 2140; x_wconf 92' lang='lat' dir='ltr'><strong>ea</strong></span> <span class='ocrx_word' id='word_1_141' title='bbox 885 2081 925 2142; x_wconf 91' lang='lat' dir='ltr'><strong>de</strong></span> <span class='ocrx_word' id='word_1_142' title='bbox 939 2095 1049 2142; x_wconf 87' lang='lat' dir='ltr'><strong>caussa</strong></span> 
     </span>
     <span class='ocr_line' id='line_1_22' title="bbox 176 2161 1049 2242; baseline 0.002 -21"><span class='ocrx_word' id='word_1_143' title='bbox 176 2166 405 2223; x_wconf 86' lang='lat' dir='ltr'><strong>sacramentum</strong></span> <span class='ocrx_word' id='word_1_144' title='bbox 421 2168 497 2222; x_wconf 88' lang='lat' dir='ltr'><strong>erat:</strong></span> <span class='ocrx_word' id='word_1_145' title='bbox 515 2168 546 2223; x_wconf 88' lang='lat' dir='ltr'><strong>et</strong></span> <span class='ocrx_word' id='word_1_146' title='bbox 560 2163 705 2224; x_wconf 89' lang='lat' dir='ltr'><strong>simititcr</strong></span> <span class='ocrx_word' id='word_1_147' title='bbox 725 2163 751 2224; x_wconf 90' lang='lat' dir='ltr'><strong>si</strong></span> <span class='ocrx_word' id='word_1_148' title='bbox 773 2161 852 2224; x_wconf 92' lang='lat' dir='ltr'><strong>atter</strong></span> <span class='ocrx_word' id='word_1_149' title='bbox 879 2161 1049 2242; x_wconf 80' lang='lat' dir='ltr'><strong>conjugum</strong></span> 
     </span>
     <span class='ocr_line' id='line_1_23' title="bbox 176 2241 1048 2317; baseline 0.001 -14"><span class='ocrx_word' id='word_1_150' title='bbox 176 2241 431 2316; x_wconf 77' lang='lat' dir='ltr'><strong>Christianorum,</strong></span> <span class='ocrx_word' id='word_1_151' title='bbox 448 2241 499 2303; x_wconf 88' lang='lat' dir='ltr'><strong>dut</strong></span> <span class='ocrx_word' id='word_1_152' title='bbox 514 2257 576 2304; x_wconf 91' lang='lat' dir='ltr'><strong>non</strong></span> <span class='ocrx_word' id='word_1_153' title='bbox 593 2251 710 2305; x_wconf 87' lang='lat' dir='ltr'><strong>tantum</strong></span> <span class='ocrx_word' id='word_1_154' title='bbox 722 2243 912 2317; x_wconf 87' lang='lat' dir='ltr'><strong>haereticus,</strong></span> <span class='ocrx_word' id='word_1_155' title='bbox 929 2245 985 2306; x_wconf 90' lang='lat' dir='ltr'><strong>sed</strong></span> <span class='ocrx_word' id='word_1_156' title='bbox 1002 2250 1048 2307; x_wconf 88' lang='lat' dir='ltr'><strong>et·</strong></span> 
     </span>
     <span class='ocr_line' id='line_1_24' title="bbox 173 2325 1047 2405; baseline 0.002 -21"><span class='ocrx_word' id='word_1_157' title='bbox 173 2326 234 2384; x_wconf 86' lang='lat' dir='ltr'><strong>inm</strong></span> <span class='ocrx_word' id='word_1_158' title='bbox 249 2332 400 2402; x_wconf 83' lang='lat' dir='ltr'><strong>apostata,</strong></span> <span class='ocrx_word' id='word_1_159' title='bbox 418 2325 575 2395; x_wconf 89' lang='lat' dir='ltr'><strong>ethnicus,</strong></span> <span class='ocrx_word' id='word_1_160' title='bbox 591 2326 702 2387; x_wconf 88' lang='lat' dir='ltr'><strong>atheus</strong></span> <span class='ocrx_word' id='word_1_161' title='bbox 720 2371 728 2399; x_wconf 92' lang='lat'>‚</span> <span class='ocrx_word' id='word_1_162' title='bbox 759 2332 863 2387; x_wconf 90' lang='lat' dir='ltr'><strong>tamen</strong></span> <span class='ocrx_word' id='word_1_163' title='bbox 878 2341 1047 2405; x_wconf 82' lang='lat' dir='ltr'><strong>numquam</strong></span> 
     </span>
     <span class='ocr_line' id='line_1_25' title="bbox 173 2406 1048 2486; baseline 0.006 -21"><span class='ocrx_word' id='word_1_164' title='bbox 173 2407 302 2468; x_wconf 82' lang='lat' dir='ltr'><strong>solvitur</strong></span> <span class='ocrx_word' id='word_1_165' title='bbox 324 2406 481 2468; x_wconf 81' lang='lat' dir='ltr'><strong>vincutum</strong></span> <span class='ocrx_word' id='word_1_166' title='bbox 497 2406 682 2469; x_wconf 76' lang='lat' dir='ltr'><strong>Matrimonii</strong></span> <span class='ocrx_word' id='word_1_167' title='bbox 700 2453 709 2482; x_wconf 91' lang='lat'><strong>,</strong></span> <span class='ocrx_word' id='word_1_168' title='bbox 733 2406 805 2486; x_wconf 86' lang='lat' dir='ltr'><strong>quia</strong></span> <span class='ocrx_word' id='word_1_169' title='bbox 820 2413 1048 2470; x_wconf 87' lang='lat' dir='ltr'><strong>sacramentum</strong></span> 
     </span>
     <span class='ocr_line' id='line_1_26' title="bbox 174 2493 234 2551; baseline -0.067 0"><span class='ocrx_word' id='word_1_170' title='bbox 174 2493 234 2551; x_wconf 89' lang='lat' dir='ltr'><strong>cst.</strong></span> 
     </span>
    </p>

    <p class='ocr_par' dir='ltr' id='par_1_4' title="bbox 166 2569 1048 3139">
     <span class='ocr_line' id='line_1_27' title="bbox 213 2569 1048 2649; baseline 0.006 -19"><span class='ocrx_word' id='word_1_171' title='bbox 213 2569 250 2630; x_wconf 85' lang='lat' dir='ltr'><strong>et</strong></span> <span class='ocrx_word' id='word_1_172' title='bbox 263 2569 338 2631; x_wconf 92' lang='lat' dir='ltr'><strong>hinc</strong></span> <span class='ocrx_word' id='word_1_173' title='bbox 352 2569 482 2633; x_wconf 80' lang='lat' dir='ltr'><strong>anteitur</strong></span> <span class='ocrx_word' id='word_1_174' title='bbox 496 2569 588 2632; x_wconf 91' lang='lat' dir='ltr'><strong>etiam</strong></span> <span class='ocrx_word' id='word_1_175' title='bbox 603 2570 766 2646; x_wconf 87' lang='lat' dir='ltr'><strong>dubitatio,</strong></span> <span class='ocrx_word' id='word_1_176' title='bbox 782 2586 862 2649; x_wconf 82' lang='lat' dir='ltr'><strong>quae</strong></span> <span class='ocrx_word' id='word_1_177' title='bbox 874 2569 959 2634; x_wconf 88' lang='lat' dir='ltr'><strong>nasci</strong></span> <span class='ocrx_word' id='word_1_178' title='bbox 978 2587 1048 2649; x_wconf 90' lang='lat' dir='ltr'><strong>pos·</strong></span> 
     </span>
     <span class='ocr_line' id='line_1_28' title="bbox 173 2651 1048 2732; baseline 0.001 -19"><span class='ocrx_word' id='word_1_179' title='bbox 173 2660 234 2725; x_wconf 86' lang='lat' dir='ltr'><strong>set,</strong></span> <span class='ocrx_word' id='word_1_180' title='bbox 250 2668 307 2715; x_wconf 90' lang='lat' dir='ltr'><strong>cur</strong></span> <span class='ocrx_word' id='word_1_181' title='bbox 321 2652 467 2714; x_wconf 75' lang='lat' dir='ltr'><strong>videlicet</strong></span> <span class='ocrx_word' id='word_1_182' title='bbox 480 2653 506 2713; x_wconf 90' lang='lat' dir='ltr'><strong>si</strong></span> <span class='ocrx_word' id='word_1_183' title='bbox 523 2653 638 2732; x_wconf 84' lang='lat' dir='ltr'><strong>conjux</strong></span> <span class='ocrx_word' id='word_1_184' title='bbox 653 2652 756 2716; x_wconf 88' lang='lat' dir='ltr'><strong>ddetis</strong></span> <span class='ocrx_word' id='word_1_185' title='bbox 779 2654 856 2714; x_wconf 89' lang='lat' dir='ltr'><strong>coiit</strong></span> <span class='ocrx_word' id='word_1_186' title='bbox 869 2651 1048 2715; x_wconf 89' lang='lat' dir='ltr'><strong>cohabitare</strong></span> 
     </span>
     <span class='ocr_line' id='line_1_29' title="bbox 170 2733 1045 2814; baseline 0.001 -20"><span class='ocrx_word' id='word_1_187' title='bbox 170 2750 241 2795; x_wconf 91' lang='lat' dir='ltr'><strong>cum</strong></span> <span class='ocrx_word' id='word_1_188' title='bbox 258 2734 392 2813; x_wconf 74' lang='lat' dir='ltr'><strong>conjuge</strong></span> <span class='ocrx_word' id='word_1_189' title='bbox 405 2734 497 2795; x_wconf 88' lang='lat' dir='ltr'><strong>etiem</strong></span> <span class='ocrx_word' id='word_1_190' title='bbox 512 2733 609 2808; x_wconf 81' lang='lat' dir='ltr'><strong>doctr,</strong></span> <span class='ocrx_word' id='word_1_191' title='bbox 626 2735 686 2797; x_wconf 91' lang='lat' dir='ltr'><strong>nisi</strong></span> <span class='ocrx_word' id='word_1_192' title='bbox 702 2749 773 2797; x_wconf 88' lang='lat' dir='ltr'><strong>cum</strong></span> <span class='ocrx_word' id='word_1_193' title='bbox 788 2734 903 2814; x_wconf 83' lang='lat' dir='ltr'><strong>injurie</strong></span> <span class='ocrx_word' id='word_1_194' title='bbox 928 2739 1045 2796; x_wconf 91' lang='lat' dir='ltr'><strong>creatu·</strong></span> 
     </span>
     <span class='ocr_line' id='line_1_30' title="bbox 166 2815 1044 2894; baseline 0.005 -20"><span class='ocrx_word' id='word_1_195' title='bbox 166 2816 224 2888; x_wconf 89' lang='lat' dir='ltr'><strong>ris‚</strong></span> <span class='ocrx_word' id='word_1_196' title='bbox 241 2831 313 2878; x_wconf 88' lang='lat' dir='ltr'><strong>eum</strong></span> <span class='ocrx_word' id='word_1_197' title='bbox 328 2818 448 2878; x_wconf 87' lang='lat' dir='ltr'><strong>sedicet</strong></span> <span class='ocrx_word' id='word_1_198' title='bbox 478 2823 630 2894; x_wconf 90' lang='lat' dir='ltr'><strong>perpetuu</strong></span> <span class='ocrx_word' id='word_1_199' title='bbox 647 2817 683 2878; x_wconf 86' lang='lat' dir='ltr'><strong>ad</strong></span> <span class='ocrx_word' id='word_1_200' title='bbox 701 2817 816 2878; x_wconf 89' lang='lat' dir='ltr'><strong>rnatum</strong></span> <span class='ocrx_word' id='word_1_201' title='bbox 832 2815 1044 2887; x_wconf 82' lang='lat' dir='ltr'><strong>sollicitando,</strong></span> 
     </span>
     <span class='ocr_line' id='line_1_31' title="bbox 170 2898 1046 2976; baseline -0.001 -16"><span class='ocrx_word' id='word_1_202' title='bbox 170 2913 238 2969; x_wconf 87' lang='lat' dir='ltr'><strong>cur,</strong></span> <span class='ocrx_word' id='word_1_203' title='bbox 254 2899 379 2976; x_wconf 87' lang='lat' dir='ltr'><strong>inquom</strong></span> <span class='ocrx_word' id='word_1_204' title='bbox 397 2913 459 2958; x_wconf 89' lang='lat' dir='ltr'><strong>nen</strong></span> <span class='ocrx_word' id='word_1_205' title='bbox 475 2898 575 2976; x_wconf 86' lang='lat' dir='ltr'><strong>possit</strong></span> <span class='ocrx_word' id='word_1_206' title='bbox 590 2898 817 2961; x_wconf 68' lang='lat' dir='ltr'><strong>Matrimonium</strong></span> <span class='ocrx_word' id='word_1_207' title='bbox 829 2898 925 2958; x_wconf 81' lang='lat' dir='ltr'><strong>sutrii</strong></span> <span class='ocrx_word' id='word_1_208' title='bbox 936 2913 1046 2959; x_wconf 87' lang='lat' dir='ltr'><strong>caussa</strong></span> 
     </span>
     <span class='ocr_line' id='line_1_32' title="bbox 167 2978 1046 3061; baseline 0.003 -22"><span class='ocrx_word' id='word_1_209' title='bbox 167 2980 251 3040; x_wconf 90' lang='lat' dir='ltr'><strong>enim</strong></span> <span class='ocrx_word' id='word_1_210' title='bbox 263 2980 326 3061; x_wconf 88' lang='lat' dir='ltr'><strong>jam</strong></span> <span class='ocrx_word' id='word_1_211' title='bbox 345 2980 462 3041; x_wconf 90' lang='lat' dir='ltr'><strong>reddita</strong></span> <span class='ocrx_word' id='word_1_212' title='bbox 480 2982 629 3056; x_wconf 87' lang='lat' dir='ltr'><strong>est‚quod</strong></span> <span class='ocrx_word' id='word_1_213' title='bbox 644 2979 801 3058; x_wconf 74' lang='lat' dir='ltr'><strong>eiusmodi</strong></span> <span class='ocrx_word' id='word_1_214' title='bbox 816 2978 1046 3042; x_wconf 74' lang='lat' dir='ltr'><strong>Matrimonium</strong></span> 
     </span>
     <span class='ocr_line' id='line_1_33' title="bbox 166 3061 879 3139; baseline 0.004 -19"><span class='ocrx_word' id='word_1_215' title='bbox 166 3061 197 3121; x_wconf 90' lang='lat' dir='ltr'><strong>iu</strong></span> <span class='ocrx_word' id='word_1_216' title='bbox 214 3061 351 3126; x_wconf 78' lang='lat' dir='ltr'><strong>Ecclesia</strong></span> <span class='ocrx_word' id='word_1_217' title='bbox 367 3065 570 3139; x_wconf 85' lang='lat' dir='ltr'><strong>contractum,</strong></span> <span class='ocrx_word' id='word_1_218' title='bbox 584 3066 812 3123; x_wconf 88' lang='lat' dir='ltr'><strong>sacramentum</strong></span> <span class='ocrx_word' id='word_1_219' title='bbox 827 3061 879 3123; x_wconf 89' lang='lat' dir='ltr'><strong>sit.</strong></span> 
     </span>
    </p>
   </div>
   <div class='ocr_carea' id='block_1_3' title="bbox 497 3372 725 3437">
    <p class='ocr_par' dir='ltr' id='par_1_5' title="bbox 497 3372 725 3437">
     <span class='ocr_line' id='line_1_34' title="bbox 497 3372 725 3437; baseline 0.004 -1"><span class='ocrx_word' id='word_1_220' title='bbox 497 3372 620 3437; x_wconf 77' lang='lat' dir='ltr'><strong>dordr</strong></span> <span class='ocrx_word' id='word_1_221' title='bbox 641 3374 725 3437; x_wconf 80' lang='lat' dir='ltr'><strong>xttt.</strong></span> 
     </span>
    </p>
   </div>
   <div class='ocr_carea' id='block_1_4' title="bbox 171 3594 1055 3881">
    <p class='ocr_par' dir='ltr' id='par_1_6' title="bbox 171 3594 1055 3881">
     <span class='ocr_line' id='line_1_35' title="bbox 171 3594 1055 3678; baseline 0.011 -25"><span class='ocrx_word' id='word_1_222' title='bbox 171 3594 416 3663; x_wconf 81' lang='lat' dir='ltr'><strong>Detrimentum</strong></span> <span class='ocrx_word' id='word_1_223' title='bbox 430 3607 563 3675; x_wconf 77' lang='lat' dir='ltr'><strong>rutena,</strong></span> <span class='ocrx_word' id='word_1_224' title='bbox 579 3619 650 3667; x_wconf 88' lang='lat' dir='ltr'><strong>non</strong></span> <span class='ocrx_word' id='word_1_225' title='bbox 664 3608 927 3667; x_wconf 74' lang='lat' dir='ltr'><strong>monumemtum</strong></span> <span class='ocrx_word' id='word_1_226' title='bbox 940 3648 949 3678; x_wconf 91' lang='lat'><strong>,</strong></span> <span class='ocrx_word' id='word_1_227' title='bbox 963 3603 1055 3667; x_wconf 76' lang='lat' dir='ltr'><strong>solui,</strong></span> 
     </span>
     <span class='ocr_line' id='line_1_36' title="bbox 210 3699 1045 3791; baseline 0.016 -33"><span class='ocrx_word' id='word_1_228' title='bbox 210 3699 310 3760; x_wconf 80' lang='lat' dir='ltr'><strong>etiam</strong></span> <span class='ocrx_word' id='word_1_229' title='bbox 325 3703 437 3780; x_wconf 79' lang='lat' dir='ltr'><strong>qarood</strong></span> <span class='ocrx_word' id='word_1_230' title='bbox 450 3704 633 3782; x_wconf 73' lang='lat' dir='ltr'><strong>vincutum</strong></span> <span class='ocrx_word' id='word_1_231' title='bbox 647 3722 709 3785; x_wconf 85' lang='lat' dir='ltr'><strong>per</strong></span> <span class='ocrx_word' id='word_1_232' title='bbox 720 3706 904 3791; x_wconf 70' lang='lat' dir='ltr'><strong>inpensum</strong></span> <span class='ocrx_word' id='word_1_233' title='bbox 916 3704 955 3771; x_wconf 83' lang='lat' dir='ltr'><strong>in</strong></span> <span class='ocrx_word' id='word_1_234' title='bbox 970 3706 1045 3771; x_wconf 83' lang='lat' dir='ltr'><strong>reti·</strong></span> 
     </span>
     <span class='ocr_line' id='line_1_37' title="bbox 209 3804 355 3881; baseline 0.007 -18"><span class='ocrx_word' id='word_1_235' title='bbox 209 3804 355 3881; x_wconf 62' lang='lat' dir='ltr'><strong>monem.</strong></span> 
     </span>
    </p>
   </div>
   <div class='ocr_carea' id='block_1_5' title="bbox 170 3994 1049 4156">
    <p class='ocr_par' dir='ltr' id='par_1_7' title="bbox 170 3994 1049 4156">
     <span class='ocr_line' id='line_1_38' title="bbox 210 3994 1049 4081; baseline 0.015 -24"><span class='ocrx_word' id='word_1_236' title='bbox 210 3994 310 4063; x_wconf 73' lang='lat' dir='ltr'><strong>ittera</strong></span> <span class='ocrx_word' id='word_1_237' title='bbox 326 4004 481 4079; x_wconf 83' lang='lat' dir='ltr'><strong>quaestio,</strong></span> <span class='ocrx_word' id='word_1_238' title='bbox 512 4003 551 4066; x_wconf 91' lang='lat' dir='ltr'><strong>de</strong></span> <span class='ocrx_word' id='word_1_239' title='bbox 572 4004 765 4071; x_wconf 79' lang='lat' dir='ltr'><strong>detrimento</strong></span> <span class='ocrx_word' id='word_1_240' title='bbox 790 4006 928 4072; x_wconf 87' lang='lat' dir='ltr'><strong>Ddetium</strong></span> <span class='ocrx_word' id='word_1_241' title='bbox 957 4014 1049 4081; x_wconf 84' lang='lat' dir='ltr'><strong>rato,</strong></span> 
     </span>
     <span class='ocr_line' id='line_1_39' title="bbox 170 4087 1049 4156; baseline 0.02 -21"><span class='ocrx_word' id='word_1_242' title='bbox 170 4092 233 4139; x_wconf 92' lang='lat' dir='ltr'><strong>non</strong></span> <span class='ocrx_word' id='word_1_243' title='bbox 249 4087 351 4145; x_wconf 86' lang='lat' dir='ltr'><strong>autum</strong></span> <span class='ocrx_word' id='word_1_244' title='bbox 364 4094 589 4156; x_wconf 88' lang='lat' dir='ltr'><strong>consummato,</strong></span> <span class='ocrx_word' id='word_1_245' title='bbox 607 4095 732 4151; x_wconf 88' lang='lat' dir='ltr'><strong>tractata</strong></span> <span class='ocrx_word' id='word_1_246' title='bbox 748 4098 796 4153; x_wconf 91' lang='lat' dir='ltr'><strong>est</strong></span> <span class='ocrx_word' id='word_1_247' title='bbox 821 4109 837 4153; x_wconf 94' lang='lat' dir='ltr'><strong>a</strong></span> <span class='ocrx_word' id='word_1_248' title='bbox 864 4092 957 4154; x_wconf 91' lang='lat' dir='ltr'><strong>nobis</strong></span> <span class='ocrx_word' id='word_1_249' title='bbox 971 4091 1003 4153; x_wconf 89' lang='lat' dir='ltr'><strong>in</strong></span> <span class='ocrx_word' id='word_1_250' title='bbox 1016 4090 1049 4153; x_wconf 80' lang='lat'><strong>2.</strong></span> 
     </span>
    </p>
   </div>
   <div class='ocr_carea' id='block_1_6' title="bbox 170 4159 1050 4326">
    <p class='ocr_par' dir='ltr' id='par_1_8' title="bbox 170 4159 1050 4326">
     <span class='ocr_line' id='line_1_40' title="bbox 170 4159 1050 4255; baseline 0.022 -39"><span class='ocrx_word' id='word_1_251' title='bbox 170 4159 227 4220; x_wconf 86' lang='lat' dir='ltr'><strong>tib.</strong></span> <span class='ocrx_word' id='word_1_252' title='bbox 241 4165 283 4255; x_wconf 84' lang='lat' dir='ltr'><strong>de</strong></span> <span class='ocrx_word' id='word_1_253' title='bbox 300 4167 473 4239; x_wconf 84' lang='lat' dir='ltr'><strong>monachis,</strong></span> <span class='ocrx_word' id='word_1_254' title='bbox 490 4185 559 4246; x_wconf 87' lang='lat' dir='ltr'><strong>cap.</strong></span> <span class='ocrx_word' id='word_1_255' title='bbox 576 4168 746 4252; x_wconf 80' lang='lat' dir='ltr'><strong>38.ltaquc</strong></span> <span class='ocrx_word' id='word_1_256' title='bbox 758 4171 798 4235; x_wconf 92' lang='lat' dir='ltr'><strong>ad</strong></span> <span class='ocrx_word' id='word_1_257' title='bbox 817 4188 885 4237; x_wconf 89' lang='lat' dir='ltr'><strong>cam</strong></span> <span class='ocrx_word' id='word_1_258' title='bbox 900 4175 1050 4237; x_wconf 88' lang='lat' dir='ltr'><strong>tectorem</strong></span> 
     </span>
     <span class='ocr_line' id='line_1_41' title="bbox 172 4248 596 4326; baseline 0.031 -24"><span class='ocrx_word' id='word_1_259' title='bbox 172 4248 392 4309; x_wconf 79' lang='lat' dir='ltr'><strong>remittendum</strong></span> <span class='ocrx_word' id='word_1_260' title='bbox 408 4249 596 4326; x_wconf 85' lang='lat' dir='ltr'><strong>putarimus.</strong></span> 
     </span>
    </p>
   </div>
   <div class='ocr_carea' id='block_1_7' title="bbox 505 4456 730 4525">
    <p class='ocr_par' dir='ltr' id='par_1_9' title="bbox 505 4456 730 4525">
     <span class='ocr_line' id='line_1_42' title="bbox 505 4456 730 4525; baseline -0.009 0"><span class='ocrx_word' id='word_1_261' title='bbox 505 4456 627 4525; x_wconf 80' lang='lat' dir='ltr'><strong>cetur</strong></span> <span class='ocrx_word' id='word_1_262' title='bbox 650 4458 730 4523; x_wconf 83' lang='lat' dir='ltr'><strong>xtv.</strong></span> 
     </span>
    </p>
   </div>
   <div class='ocr_carea' id='block_1_8' title="bbox 221 4634 966 4823">
    <p class='ocr_par' dir='ltr' id='par_1_10' title="bbox 221 4634 966 4823">
     <span class='ocr_line' id='line_1_43' title="bbox 221 4634 966 4729; baseline 0.026 -33"><span class='ocrx_word' id='word_1_263' title='bbox 221 4710 225 4717; x_wconf 20' lang='grc' dir='ltr'>Ι</span> <span class='ocrx_word' id='word_1_264' title='bbox 247 4634 491 4703; x_wconf 70' lang='lat' dir='ltr'><strong>detrimontum</strong></span> <span class='ocrx_word' id='word_1_265' title='bbox 503 4652 765 4710; x_wconf 80' lang='lat' dir='ltr'><strong>consummatum</strong></span> <span class='ocrx_word' id='word_1_266' title='bbox 778 4649 860 4714; x_wconf 87' lang='lat' dir='ltr'><strong>actui</strong></span> <span class='ocrx_word' id='word_1_267' title='bbox 873 4666 966 4729; x_wconf 84' lang='lat' dir='ltr'><strong>pesae</strong></span> 
     </span>
     <span class='ocr_line' id='line_1_44' title="bbox 307 4744 904 4823; baseline 0.017 -18"><span class='ocrx_word' id='word_1_268' title='bbox 307 4745 419 4823; x_wconf 82' lang='lat' dir='ltr'><strong>quood</strong></span> <span class='ocrx_word' id='word_1_269' title='bbox 433 4744 562 4812; x_wconf 85' lang='lat' dir='ltr'><strong>thorum</strong></span> <span class='ocrx_word' id='word_1_270' title='bbox 577 4749 904 4816; x_wconf 82' lang='lat' dir='ltr'><strong>etechoditatiunem.</strong></span> 
     </span>
    </p>
   </div>
   <div class='ocr_carea' id='block_1_9' title="bbox 171 4918 1051 5099">
    <p class='ocr_par' dir='ltr' id='par_1_11' title="bbox 171 4918 1051 5099">
     <span class='ocr_line' id='line_1_45' title="bbox 212 4918 1050 5024; baseline 0.02 -37"><span class='ocrx_word' id='word_1_271' title='bbox 212 4918 314 5024; x_wconf 77' lang='lat' dir='ltr'><strong>&#39;icitia</strong></span> <span class='ocrx_word' id='word_1_272' title='bbox 328 4938 470 5011; x_wconf 83' lang='lat' dir='ltr'><strong>quaestio</strong></span> <span class='ocrx_word' id='word_1_273' title='bbox 484 4941 534 4998; x_wconf 87' lang='lat' dir='ltr'><strong>est</strong></span> <span class='ocrx_word' id='word_1_274' title='bbox 547 4936 586 5000; x_wconf 91' lang='lat' dir='ltr'><strong>de</strong></span> <span class='ocrx_word' id='word_1_275' title='bbox 601 4939 757 5001; x_wconf 87' lang='lat' dir='ltr'><strong>solutione</strong></span> <span class='ocrx_word' id='word_1_276' title='bbox 778 4940 961 5004; x_wconf 86' lang='lat' dir='ltr'><strong>ttatrimonii</strong></span> <span class='ocrx_word' id='word_1_277' title='bbox 975 4956 1050 5004; x_wconf 91' lang='lat' dir='ltr'><strong>con·</strong></span> 
     </span>
     <span class='ocr_line' id='line_1_46' title="bbox 171 5018 1051 5099; baseline 0.014 -26"><span class='ocrx_word' id='word_1_278' title='bbox 171 5018 314 5073; x_wconf 81' lang='lat' dir='ltr'><strong>summoti</strong></span> <span class='ocrx_word' id='word_1_279' title='bbox 331 5019 433 5093; x_wconf 85' lang='lat' dir='ltr'><strong>quoad</strong></span> <span class='ocrx_word' id='word_1_280' title='bbox 449 5018 571 5081; x_wconf 90' lang='lat' dir='ltr'><strong>thorum</strong></span> <span class='ocrx_word' id='word_1_281' title='bbox 589 5027 619 5081; x_wconf 89' lang='lat' dir='ltr'><strong>et</strong></span> <span class='ocrx_word' id='word_1_282' title='bbox 634 5022 906 5099; x_wconf 78' lang='lat' dir='ltr'><strong>cohabitationem,</strong></span> <span class='ocrx_word' id='word_1_283' title='bbox 924 5039 1051 5085; x_wconf 77' lang='lat' dir='ltr'><strong>monen-</strong></span> 
     </span>
    </p>
   </div>
   <div class='ocr_carea' id='block_1_10' title="bbox 829 389 1346 448">
    <p class='ocr_par' dir='ltr' id='par_1_12' title="bbox 829 389 1346 448">
     <span class='ocr_line' id='line_1_47' title="bbox 829 389 1346 448; baseline -0.004 0"><span class='ocrx_word' id='word_1_284' title='bbox 829 391 874 448; x_wconf 79' lang='lat' dir='ltr'><strong>od</strong></span> <span class='ocrx_word' id='word_1_285' title='bbox 894 389 1121 446; x_wconf 73' lang='lat' dir='ltr'><strong>SACRAMENI&#39;O</strong></span> <span class='ocrx_word' id='word_1_286' title='bbox 1139 389 1346 448; x_wconf 76' lang='lat' dir='ltr'><strong>haidincurt</strong></span> 
     </span>
    </p>
   </div>
   <div class='ocr_carea' id='block_1_11' title="bbox 1105 519 1987 1254">
    <p class='ocr_par' dir='ltr' id='par_1_13' title="bbox 1110 519 1987 848">
     <span class='ocr_line' id='line_1_48' title="bbox 1112 519 1987 598; baseline 0.002 -16"><span class='ocrx_word' id='word_1_287' title='bbox 1112 522 1192 585; x_wconf 87' lang='lat' dir='ltr'><strong>inter</strong></span> <span class='ocrx_word' id='word_1_288' title='bbox 1206 521 1381 594; x_wconf 83' lang='lat' dir='ltr'><strong>divortium,</strong></span> <span class='ocrx_word' id='word_1_289' title='bbox 1398 521 1430 585; x_wconf 87' lang='lat' dir='ltr'><strong>d.</strong></span> <span class='ocrx_word' id='word_1_290' title='bbox 1448 523 1487 586; x_wconf 92' lang='lat' dir='ltr'><strong>de</strong></span> <span class='ocrx_word' id='word_1_291' title='bbox 1501 521 1588 586; x_wconf 87' lang='lat' dir='ltr'><strong>rerh.</strong></span> <span class='ocrx_word' id='word_1_292' title='bbox 1611 521 1777 598; x_wconf 77' lang='lat' dir='ltr'><strong>sipntdmt.</strong></span> <span class='ocrx_word' id='word_1_293' title='bbox 1809 519 1900 584; x_wconf 87' lang='lat' dir='ltr'><strong>unde</strong></span> <span class='ocrx_word' id='word_1_294' title='bbox 1931 525 1987 584; x_wconf 86' lang='lat' dir='ltr'><strong>tau</strong></span> 
     </span>
     <span class='ocr_line' id='line_1_49' title="bbox 1112 604 1987 684; baseline -0.001 -19"><span class='ocrx_word' id='word_1_295' title='bbox 1112 605 1142 666; x_wconf 92' lang='lat' dir='ltr'><strong>in</strong></span> <span class='ocrx_word' id='word_1_296' title='bbox 1157 605 1228 684; x_wconf 85' lang='lat' dir='ltr'><strong>jure</strong></span> <span class='ocrx_word' id='word_1_297' title='bbox 1240 605 1404 676; x_wconf 88' lang='lat' dir='ltr'><strong>canonico,</strong></span> <span class='ocrx_word' id='word_1_298' title='bbox 1420 621 1512 682; x_wconf 86' lang='lat' dir='ltr'><strong>uuam</strong></span> <span class='ocrx_word' id='word_1_299' title='bbox 1524 605 1617 678; x_wconf 83' lang='lat' dir='ltr'><strong>cirili,</strong></span> <span class='ocrx_word' id='word_1_300' title='bbox 1631 608 1662 666; x_wconf 90' lang='lat' dir='ltr'><strong>in</strong></span> <span class='ocrx_word' id='word_1_301' title='bbox 1676 606 1763 666; x_wconf 88' lang='lat' dir='ltr'><strong>tituto</strong></span> <span class='ocrx_word' id='word_1_302' title='bbox 1774 605 1816 666; x_wconf 87' lang='lat' dir='ltr'><strong>de</strong></span> <span class='ocrx_word' id='word_1_303' title='bbox 1832 604 1987 674; x_wconf 81' lang='lat' dir='ltr'><strong>divortiis,</strong></span> 
     </span>
     <span class='ocr_line' id='line_1_50' title="bbox 1110 685 1987 765; baseline -0.003 -17"><span class='ocrx_word' id='word_1_304' title='bbox 1110 688 1210 765; x_wconf 75' lang='lat' dir='ltr'><strong>agitur</strong></span> <span class='ocrx_word' id='word_1_305' title='bbox 1224 688 1263 750; x_wconf 91' lang='lat' dir='ltr'><strong>de</strong></span> <span class='ocrx_word' id='word_1_306' title='bbox 1279 687 1434 748; x_wconf 84' lang='lat' dir='ltr'><strong>solutione</strong></span> <span class='ocrx_word' id='word_1_307' title='bbox 1450 687 1647 762; x_wconf 74' lang='lat' dir='ltr'><strong>Matrimonii,</strong></span> <span class='ocrx_word' id='word_1_308' title='bbox 1660 688 1724 748; x_wconf 84' lang='lat' dir='ltr'><strong>sive</strong></span> <span class='ocrx_word' id='word_1_309' title='bbox 1740 686 1847 764; x_wconf 84' lang='lat' dir='ltr'><strong>quoad</strong></span> <span class='ocrx_word' id='word_1_310' title='bbox 1865 685 1987 746; x_wconf 89' lang='lat' dir='ltr'><strong>thorum</strong></span> 
     </span>
     <span class='ocr_line' id='line_1_51' title="bbox 1111 769 1734 848; baseline -0.003 -16"><span class='ocrx_word' id='word_1_311' title='bbox 1111 776 1240 844; x_wconf 90' lang='lat' dir='ltr'><strong>tuntum,</strong></span> <span class='ocrx_word' id='word_1_312' title='bbox 1257 769 1324 830; x_wconf 88' lang='lat' dir='ltr'><strong>sire</strong></span> <span class='ocrx_word' id='word_1_313' title='bbox 1339 770 1431 832; x_wconf 90' lang='lat' dir='ltr'><strong>etiam</strong></span> <span class='ocrx_word' id='word_1_314' title='bbox 1443 770 1546 848; x_wconf 88' lang='lat' dir='ltr'><strong>quoad</strong></span> <span class='ocrx_word' id='word_1_315' title='bbox 1563 770 1734 832; x_wconf 89' lang='lat' dir='ltr'><strong>vincutum.</strong></span> 
     </span>
    </p>

    <p class='ocr_par' dir='ltr' id='par_1_14' title="bbox 1105 847 1987 1254">
     <span class='ocr_line' id='line_1_52' title="bbox 1151 847 1985 930; baseline -0.005 -16"><span class='ocrx_word' id='word_1_316' title='bbox 1151 851 1212 914; x_wconf 85' lang='lat' dir='ltr'><strong>sed</strong></span> <span class='ocrx_word' id='word_1_317' title='bbox 1224 850 1374 930; x_wconf 82' lang='lat' dir='ltr'><strong>quidquid</strong></span> <span class='ocrx_word' id='word_1_318' title='bbox 1388 851 1427 913; x_wconf 93' lang='lat' dir='ltr'><strong>sit</strong></span> <span class='ocrx_word' id='word_1_319' title='bbox 1443 852 1482 914; x_wconf 88' lang='lat' dir='ltr'><strong>de</strong></span> <span class='ocrx_word' id='word_1_320' title='bbox 1497 851 1638 926; x_wconf 82' lang='lat' dir='ltr'><strong>uocibus,</strong></span> <span class='ocrx_word' id='word_1_321' title='bbox 1656 850 1812 912; x_wconf 84' lang='lat' dir='ltr'><strong>Lutherus</strong></span> <span class='ocrx_word' id='word_1_322' title='bbox 1842 848 1878 910; x_wconf 93' lang='lat' dir='ltr'><strong>in</strong></span> <span class='ocrx_word' id='word_1_323' title='bbox 1909 847 1985 910; x_wconf 88' lang='lat' dir='ltr'><strong>tihre</strong></span> 
     </span>
     <span class='ocr_line' id='line_1_53' title="bbox 1109 929 1987 1013; baseline -0.006 -19"><span class='ocrx_word' id='word_1_324' title='bbox 1109 933 1148 995; x_wconf 94' lang='lat' dir='ltr'><strong>de</strong></span> <span class='ocrx_word' id='word_1_325' title='bbox 1164 935 1302 1012; x_wconf 84' lang='lat' dir='ltr'><strong>captivit.</strong></span> <span class='ocrx_word' id='word_1_326' title='bbox 1319 932 1466 1013; x_wconf 76' lang='lat' dir='ltr'><strong>hahyton.</strong></span> <span class='ocrx_word' id='word_1_327' title='bbox 1483 947 1552 1011; x_wconf 86' lang='lat' dir='ltr'><strong>cap.</strong></span> <span class='ocrx_word' id='word_1_328' title='bbox 1580 934 1621 995; x_wconf 91' lang='lat' dir='ltr'><strong>de</strong></span> <span class='ocrx_word' id='word_1_329' title='bbox 1645 931 1855 1004; x_wconf 78' lang='lat' dir='ltr'><strong>Matrimonia,</strong></span> <span class='ocrx_word' id='word_1_330' title='bbox 1875 929 1987 1006; x_wconf 81' lang='lat' dir='ltr'><strong>Phttip·</strong></span> 
     </span>
     <span class='ocr_line' id='line_1_54' title="bbox 1108 1011 1986 1094; baseline -0.006 -16"><span class='ocrx_word' id='word_1_331' title='bbox 1108 1017 1212 1093; x_wconf 84' lang='lat' dir='ltr'><strong>posin</strong></span> <span class='ocrx_word' id='word_1_332' title='bbox 1229 1016 1306 1076; x_wconf 90' lang='lat' dir='ltr'><strong>tucis</strong></span> <span class='ocrx_word' id='word_1_333' title='bbox 1320 1015 1508 1094; x_wconf 77' lang='lat' dir='ltr'><strong>theologicis</strong></span> <span class='ocrx_word' id='word_1_334' title='bbox 1536 1015 1584 1076; x_wconf 88' lang='lat' dir='ltr'><strong>tit.</strong></span> <span class='ocrx_word' id='word_1_335' title='bbox 1601 1012 1641 1077; x_wconf 90' lang='lat' dir='ltr'><strong>de</strong></span> <span class='ocrx_word' id='word_1_336' title='bbox 1668 1013 1830 1092; x_wconf 75' lang='lat' dir='ltr'><strong>coniugio,</strong></span> <span class='ocrx_word' id='word_1_337' title='bbox 1859 1011 1986 1074; x_wconf 83' lang='lat' dir='ltr'><strong>Komai·</strong></span> 
     </span>
     <span class='ocr_line' id='line_1_55' title="bbox 1105 1095 1986 1175; baseline -0.003 -16"><span class='ocrx_word' id='word_1_338' title='bbox 1105 1098 1168 1159; x_wconf 91' lang='lat' dir='ltr'><strong>tius</strong></span> <span class='ocrx_word' id='word_1_339' title='bbox 1183 1099 1215 1158; x_wconf 88' lang='lat' dir='ltr'><strong>in</strong></span> <span class='ocrx_word' id='word_1_340' title='bbox 1231 1097 1263 1157; x_wconf 74' lang='lat'><strong>2.</strong></span> <span class='ocrx_word' id='word_1_341' title='bbox 1280 1111 1346 1175; x_wconf 85' lang='lat' dir='ltr'><strong>par.</strong></span> <span class='ocrx_word' id='word_1_342' title='bbox 1363 1109 1463 1158; x_wconf 83' lang='lat' dir='ltr'><strong>exam.</strong></span> <span class='ocrx_word' id='word_1_343' title='bbox 1479 1097 1604 1160; x_wconf 89' lang='lat' dir='ltr'><strong>cuuaitii</strong></span> <span class='ocrx_word' id='word_1_344' title='bbox 1621 1097 1831 1166; x_wconf 87' lang='lat' dir='ltr'><strong>tridentini,et</strong></span> <span class='ocrx_word' id='word_1_345' title='bbox 1846 1095 1902 1157; x_wconf 85' lang='lat' dir='ltr'><strong>atii</strong></span> <span class='ocrx_word' id='word_1_346' title='bbox 1918 1111 1986 1171; x_wconf 83' lang='lat' dir='ltr'><strong>pas·</strong></span> 
     </span>
     <span class='ocr_line' id='line_1_56' title="bbox 1106 1175 1986 1254; baseline -0.002 -14"><span class='ocrx_word' id='word_1_347' title='bbox 1106 1180 1177 1249; x_wconf 85' lang='lat' dir='ltr'><strong>sim,</strong></span> <span class='ocrx_word' id='word_1_348' title='bbox 1196 1193 1258 1240; x_wconf 91' lang='lat' dir='ltr'><strong>nun</strong></span> <span class='ocrx_word' id='word_1_349' title='bbox 1287 1184 1461 1254; x_wconf 77' lang='lat' dir='ltr'><strong>agnoscunt</strong></span> <span class='ocrx_word' id='word_1_350' title='bbox 1488 1179 1651 1241; x_wconf 86' lang='lat' dir='ltr'><strong>divortium</strong></span> <span class='ocrx_word' id='word_1_351' title='bbox 1680 1184 1829 1240; x_wconf 87' lang='lat' dir='ltr'><strong>manento</strong></span> <span class='ocrx_word' id='word_1_352' title='bbox 1860 1175 1986 1238; x_wconf 80' lang='lat' dir='ltr'><strong>uiuente</strong></span> 
     </span>
    </p>
   </div>
   <div class='ocr_carea' id='block_1_12' title="bbox 1086 1259 1985 1340">
    <p class='ocr_par' dir='ltr' id='par_1_15' title="bbox 1086 1259 1985 1340">
     <span class='ocr_line' id='line_1_57' title="bbox 1086 1259 1985 1340; baseline -0.004 -18"><span class='ocrx_word' id='word_1_353' title='bbox 1086 1263 1088 1268; x_wconf 86' lang='lat'>&#39;</span> <span class='ocrx_word' id='word_1_354' title='bbox 1105 1259 1273 1340; x_wconf 79' lang='lat' dir='ltr'><strong>conjugati.</strong></span> <span class='ocrx_word' id='word_1_355' title='bbox 1289 1259 1465 1322; x_wconf 84' lang='lat' dir='ltr'><strong>ttemntdus</strong></span> <span class='ocrx_word' id='word_1_356' title='bbox 1479 1267 1581 1322; x_wconf 87' lang='lat' dir='ltr'><strong>eutem</strong></span> <span class='ocrx_word' id='word_1_357' title='bbox 1594 1275 1659 1322; x_wconf 91' lang='lat' dir='ltr'><strong>nou</strong></span> <span class='ocrx_word' id='word_1_358' title='bbox 1679 1260 1783 1322; x_wconf 88' lang='lat' dir='ltr'><strong>soture</strong></span> <span class='ocrx_word' id='word_1_359' title='bbox 1814 1265 1924 1338; x_wconf 74' lang='lat' dir='ltr'><strong>negat,</strong></span> <span class='ocrx_word' id='word_1_360' title='bbox 1941 1261 1985 1320; x_wconf 91' lang='lat' dir='ltr'><strong>ut·</strong></span> 
     </span>
    </p>
   </div>
   <div class='ocr_carea' id='block_1_13' title="bbox 1089 1340 2029 5105">
    <p class='ocr_par' dir='ltr' id='par_1_16' title="bbox 1102 1340 1984 1649">
     <span class='ocr_line' id='line_1_58' title="bbox 1103 1340 1984 1412; baseline 0 -10"><span class='ocrx_word' id='word_1_361' title='bbox 1103 1341 1167 1403; x_wconf 91' lang='lat' dir='ltr'><strong>ium</strong></span> <span class='ocrx_word' id='word_1_362' title='bbox 1184 1357 1256 1404; x_wconf 90' lang='lat' dir='ltr'><strong>esse</strong></span> <span class='ocrx_word' id='word_1_363' title='bbox 1271 1341 1389 1403; x_wconf 90' lang='lat' dir='ltr'><strong>licitum</strong></span> <span class='ocrx_word' id='word_1_364' title='bbox 1405 1341 1568 1404; x_wconf 81' lang='lat' dir='ltr'><strong>diuortium</strong></span> <span class='ocrx_word' id='word_1_365' title='bbox 1591 1341 1769 1412; x_wconf 84' lang='lat' dir='ltr'><strong>eiusmodi,</strong></span> <span class='ocrx_word' id='word_1_366' title='bbox 1799 1340 1861 1402; x_wconf 88' lang='lat' dir='ltr'><strong>sed</strong></span> <span class='ocrx_word' id='word_1_367' title='bbox 1891 1341 1984 1402; x_wconf 91' lang='lat' dir='ltr'><strong>etiam</strong></span> 
     </span>
     <span class='ocr_line' id='line_1_59' title="bbox 1103 1422 1983 1502; baseline 0 -18"><span class='ocrx_word' id='word_1_368' title='bbox 1103 1423 1274 1486; x_wconf 85' lang='lat' dir='ltr'><strong>Dcctesiom</strong></span> <span class='ocrx_word' id='word_1_369' title='bbox 1290 1423 1502 1502; x_wconf 85' lang='lat' dir='ltr'><strong>reprehendit,</strong></span> <span class='ocrx_word' id='word_1_370' title='bbox 1519 1425 1602 1502; x_wconf 87' lang='lat' dir='ltr'><strong>quod</strong></span> <span class='ocrx_word' id='word_1_371' title='bbox 1616 1425 1758 1502; x_wconf 85' lang='lat' dir='ltr'><strong>pturihus</strong></span> <span class='ocrx_word' id='word_1_372' title='bbox 1787 1422 1829 1484; x_wconf 90' lang='lat' dir='ltr'><strong>dc</strong></span> <span class='ocrx_word' id='word_1_373' title='bbox 1845 1426 1983 1492; x_wconf 77' lang='lat' dir='ltr'><strong>caussis.</strong></span> 
     </span>
     <span class='ocr_line' id='line_1_60' title="bbox 1102 1504 1983 1590; baseline 0.001 -25"><span class='ocrx_word' id='word_1_374' title='bbox 1102 1512 1133 1566; x_wconf 88' lang='lat' dir='ltr'><strong>et</strong></span> <span class='ocrx_word' id='word_1_375' title='bbox 1148 1520 1209 1567; x_wconf 91' lang='lat' dir='ltr'><strong>non</strong></span> <span class='ocrx_word' id='word_1_376' title='bbox 1225 1507 1291 1568; x_wconf 90' lang='lat' dir='ltr'><strong>sota</strong></span> <span class='ocrx_word' id='word_1_377' title='bbox 1307 1521 1418 1568; x_wconf 88' lang='lat' dir='ltr'><strong>caussa</strong></span> <span class='ocrx_word' id='word_1_378' title='bbox 1435 1505 1660 1590; x_wconf 76' lang='lat' dir='ltr'><strong>fornicatiouis,</strong></span> <span class='ocrx_word' id='word_1_379' title='bbox 1690 1504 1861 1570; x_wconf 82' lang='lat' dir='ltr'><strong>diuortium</strong></span> <span class='ocrx_word' id='word_1_380' title='bbox 1877 1507 1983 1582; x_wconf 81' lang='lat' dir='ltr'><strong>quoad</strong></span> 
     </span>
     <span class='ocr_line' id='line_1_61' title="bbox 1102 1587 1404 1649; baseline -0.003 0"><span class='ocrx_word' id='word_1_381' title='bbox 1102 1587 1225 1649; x_wconf 88' lang='lat' dir='ltr'><strong>thorum</strong></span> <span class='ocrx_word' id='word_1_382' title='bbox 1240 1587 1404 1649; x_wconf 89' lang='lat' dir='ltr'><strong>concedat.</strong></span> 
     </span>
    </p>

    <p class='ocr_par' dir='ltr' id='par_1_17' title="bbox 1098 1667 1983 1977">
     <span class='ocr_line' id='line_1_62' title="bbox 1142 1667 1983 1749; baseline -0.001 -18"><span class='ocrx_word' id='word_1_383' title='bbox 1142 1671 1178 1731; x_wconf 88' lang='grc' dir='ltr'><strong>ιιι</strong></span> <span class='ocrx_word' id='word_1_384' title='bbox 1193 1670 1397 1732; x_wconf 89' lang='lat' dir='ltr'><strong>nihilominus</strong></span> <span class='ocrx_word' id='word_1_385' title='bbox 1411 1671 1565 1732; x_wconf 86' lang='lat' dir='ltr'><strong>sententia</strong></span> <span class='ocrx_word' id='word_1_386' title='bbox 1578 1670 1808 1749; x_wconf 79' lang='lat' dir='ltr'><strong>theologorum,</strong></span> <span class='ocrx_word' id='word_1_387' title='bbox 1825 1673 1859 1730; x_wconf 91' lang='lat' dir='ltr'><strong>et</strong></span> <span class='ocrx_word' id='word_1_388' title='bbox 1875 1667 1983 1730; x_wconf 77' lang='lat' dir='ltr'><strong>Decie-</strong></span> 
     </span>
     <span class='ocr_line' id='line_1_63' title="bbox 1100 1751 1980 1828; baseline -0.002 -16"><span class='ocrx_word' id='word_1_389' title='bbox 1100 1752 1166 1812; x_wconf 89' lang='lat' dir='ltr'><strong>sine</strong></span> <span class='ocrx_word' id='word_1_390' title='bbox 1184 1753 1276 1813; x_wconf 89' lang='lat' dir='ltr'><strong>tutius</strong></span> <span class='ocrx_word' id='word_1_391' title='bbox 1291 1759 1351 1822; x_wconf 87' lang='lat' dir='ltr'><strong>est,</strong></span> <span class='ocrx_word' id='word_1_392' title='bbox 1368 1767 1462 1828; x_wconf 88' lang='lat' dir='ltr'><strong>posse</strong></span> <span class='ocrx_word' id='word_1_393' title='bbox 1485 1751 1712 1815; x_wconf 80' lang='lat' dir='ltr'><strong>Detrimentum</strong></span> <span class='ocrx_word' id='word_1_394' title='bbox 1726 1759 1980 1814; x_wconf 84' lang='lat' dir='ltr'><strong>consummatum</strong></span> 
     </span>
     <span class='ocr_line' id='line_1_64' title="bbox 1098 1832 1980 1911; baseline 0 -17"><span class='ocrx_word' id='word_1_395' title='bbox 1098 1832 1179 1894; x_wconf 91' lang='lat' dir='ltr'><strong>inter</strong></span> <span class='ocrx_word' id='word_1_396' title='bbox 1193 1832 1303 1895; x_wconf 91' lang='lat' dir='ltr'><strong>ildetes</strong></span> <span class='ocrx_word' id='word_1_397' title='bbox 1317 1833 1395 1894; x_wconf 86' lang='lat' dir='ltr'><strong>sotri</strong></span> <span class='ocrx_word' id='word_1_398' title='bbox 1410 1834 1511 1911; x_wconf 86' lang='lat' dir='ltr'><strong>quoad</strong></span> <span class='ocrx_word' id='word_1_399' title='bbox 1528 1835 1652 1896; x_wconf 89' lang='lat' dir='ltr'><strong>thurum</strong></span> <span class='ocrx_word' id='word_1_400' title='bbox 1667 1840 1697 1896; x_wconf 92' lang='lat' dir='ltr'><strong>et</strong></span> <span class='ocrx_word' id='word_1_401' title='bbox 1712 1833 1980 1896; x_wconf 80' lang='lat' dir='ltr'><strong>cohabitationem</strong></span> 
     </span>
     <span class='ocr_line' id='line_1_65' title="bbox 1098 1913 1419 1977; baseline -0.006 0"><span class='ocrx_word' id='word_1_402' title='bbox 1098 1914 1220 1977; x_wconf 89' lang='lat' dir='ltr'><strong>duabus</strong></span> <span class='ocrx_word' id='word_1_403' title='bbox 1232 1913 1271 1976; x_wconf 90' lang='lat' dir='ltr'><strong>de</strong></span> <span class='ocrx_word' id='word_1_404' title='bbox 1286 1915 1419 1976; x_wconf 84' lang='lat' dir='ltr'><strong>caussis.</strong></span> 
     </span>
    </p>

    <p class='ocr_par' dir='ltr' id='par_1_18' title="bbox 1092 1996 1979 2731">
     <span class='ocr_line' id='line_1_66' title="bbox 1140 1996 1979 2076; baseline -0.001 -19"><span class='ocrx_word' id='word_1_405' title='bbox 1140 1996 1241 2059; x_wconf 80' lang='lat' dir='ltr'><strong>Primo</strong></span> <span class='ocrx_word' id='word_1_406' title='bbox 1257 2013 1293 2059; x_wconf 84' lang='lat' dir='ltr'><strong>ex</strong></span> <span class='ocrx_word' id='word_1_407' title='bbox 1310 2012 1480 2072; x_wconf 86' lang='lat' dir='ltr'><strong>consensu,</strong></span> <span class='ocrx_word' id='word_1_408' title='bbox 1497 1997 1788 2076; x_wconf 85' lang='lat' dir='ltr'><strong>proptermajurem</strong></span> <span class='ocrx_word' id='word_1_409' title='bbox 1803 2043 1809 2060; x_wconf 86' lang='lat'>.</span> <span class='ocrx_word' id='word_1_410' title='bbox 1823 2003 1922 2072; x_wconf 80' lang='lat' dir='ltr'><strong>atquc</strong></span> <span class='ocrx_word' id='word_1_411' title='bbox 1937 1997 1979 2056; x_wconf 89' lang='lat' dir='ltr'><strong>at·</strong></span> 
     </span>
     <span class='ocr_line' id='line_1_67' title="bbox 1099 2076 1978 2157; baseline -0.002 -18"><span class='ocrx_word' id='word_1_412' title='bbox 1099 2077 1209 2142; x_wconf 89' lang='lat' dir='ltr'><strong>tiorem</strong></span> <span class='ocrx_word' id='word_1_413' title='bbox 1225 2084 1337 2142; x_wconf 89' lang='lat' dir='ltr'><strong>statum</strong></span> <span class='ocrx_word' id='word_1_414' title='bbox 1354 2078 1591 2155; x_wconf 79' lang='lat' dir='ltr'><strong>acquirendum,</strong></span> <span class='ocrx_word' id='word_1_415' title='bbox 1608 2087 1640 2140; x_wconf 95' lang='grc' dir='ltr'><strong>ιιι</strong></span> <span class='ocrx_word' id='word_1_416' title='bbox 1655 2081 1681 2142; x_wconf 88' lang='lat' dir='ltr'><strong>si</strong></span> <span class='ocrx_word' id='word_1_417' title='bbox 1708 2084 1844 2157; x_wconf 81' lang='lat' dir='ltr'><strong>uterque</strong></span> <span class='ocrx_word' id='word_1_418' title='bbox 1872 2076 1978 2156; x_wconf 83' lang='lat' dir='ltr'><strong>conju·</strong></span> 
     </span>
     <span class='ocr_line' id='line_1_68' title="bbox 1097 2159 1978 2240; baseline -0.002 -19"><span class='ocrx_word' id='word_1_419' title='bbox 1097 2177 1170 2240; x_wconf 75' lang='lat' dir='ltr'><strong>gum</strong></span> <span class='ocrx_word' id='word_1_420' title='bbox 1189 2160 1411 2223; x_wconf 88' lang='lat' dir='ltr'><strong>continentiam</strong></span> <span class='ocrx_word' id='word_1_421' title='bbox 1428 2167 1610 2239; x_wconf 88' lang='lat' dir='ltr'><strong>perpetuam</strong></span> <span class='ocrx_word' id='word_1_422' title='bbox 1627 2166 1745 2230; x_wconf 82' lang='lat' dir='ltr'><strong>rorent,</strong></span> <span class='ocrx_word' id='word_1_423' title='bbox 1776 2167 1809 2221; x_wconf 90' lang='lat' dir='ltr'><strong>et</strong></span> <span class='ocrx_word' id='word_1_424' title='bbox 1838 2159 1879 2220; x_wconf 91' lang='lat' dir='ltr'><strong>ad</strong></span> <span class='ocrx_word' id='word_1_425' title='bbox 1909 2161 1978 2221; x_wconf 90' lang='lat' dir='ltr'><strong>reti·</strong></span> 
     </span>
     <span class='ocr_line' id='line_1_69' title="bbox 1095 2242 1975 2324; baseline 0 -22"><span class='ocrx_word' id='word_1_426' title='bbox 1095 2244 1221 2323; x_wconf 80' lang='lat' dir='ltr'><strong>giuoem</strong></span> <span class='ocrx_word' id='word_1_427' title='bbox 1239 2250 1387 2318; x_wconf 83' lang='lat' dir='ltr'><strong>transeat3</strong></span> <span class='ocrx_word' id='word_1_428' title='bbox 1404 2249 1495 2324; x_wconf 84' lang='lat' dir='ltr'><strong>cujus</strong></span> <span class='ocrx_word' id='word_1_429' title='bbox 1509 2243 1554 2303; x_wconf 89' lang='lat' dir='ltr'><strong>ret</strong></span> <span class='ocrx_word' id='word_1_430' title='bbox 1570 2242 1702 2320; x_wconf 88' lang='lat' dir='ltr'><strong>piurima</strong></span> <span class='ocrx_word' id='word_1_431' title='bbox 1731 2243 1883 2319; x_wconf 87' lang='lat' dir='ltr'><strong>exempta</strong></span> <span class='ocrx_word' id='word_1_432' title='bbox 1908 2256 1975 2302; x_wconf 88' lang='lat' dir='ltr'><strong>sau·</strong></span> 
     </span>
     <span class='ocr_line' id='line_1_70' title="bbox 1095 2323 1976 2402; baseline -0.005 -16"><span class='ocrx_word' id='word_1_433' title='bbox 1095 2332 1214 2386; x_wconf 88' lang='lat' dir='ltr'><strong>ctorem</strong></span> <span class='ocrx_word' id='word_1_434' title='bbox 1231 2329 1363 2395; x_wconf 81' lang='lat' dir='ltr'><strong>exutam,</strong></span> <span class='ocrx_word' id='word_1_435' title='bbox 1377 2331 1410 2384; x_wconf 90' lang='grc' dir='ltr'><strong>ιιι</strong></span> <span class='ocrx_word' id='word_1_436' title='bbox 1425 2325 1456 2386; x_wconf 91' lang='lat' dir='ltr'><strong>in</strong></span> <span class='ocrx_word' id='word_1_437' title='bbox 1472 2323 1681 2402; x_wconf 88' lang='lat' dir='ltr'><strong>disputatione</strong></span> <span class='ocrx_word' id='word_1_438' title='bbox 1706 2324 1747 2384; x_wconf 86' lang='lat' dir='ltr'><strong>de</strong></span> <span class='ocrx_word' id='word_1_439' title='bbox 1763 2324 1847 2384; x_wconf 82' lang='lat' dir='ltr'><strong>votis</strong></span> <span class='ocrx_word' id='word_1_440' title='bbox 1873 2327 1976 2384; x_wconf 84' lang='lat' dir='ltr'><strong>osten·</strong></span> 
     </span>
     <span class='ocr_line' id='line_1_71' title="bbox 1095 2404 1972 2481; baseline -0.003 -14"><span class='ocrx_word' id='word_1_441' title='bbox 1095 2406 1210 2481; x_wconf 92' lang='lat' dir='ltr'><strong>dimus,</strong></span> <span class='ocrx_word' id='word_1_442' title='bbox 1224 2413 1255 2468; x_wconf 88' lang='lat' dir='ltr'><strong>ct</strong></span> <span class='ocrx_word' id='word_1_443' title='bbox 1271 2406 1424 2468; x_wconf 90' lang='lat' dir='ltr'><strong>hahemus</strong></span> <span class='ocrx_word' id='word_1_444' title='bbox 1440 2407 1650 2468; x_wconf 88' lang='lat' dir='ltr'><strong>testimonium</strong></span> <span class='ocrx_word' id='word_1_445' title='bbox 1666 2405 1781 2468; x_wconf 80' lang='lat' dir='ltr'><strong>Christi</strong></span> <span class='ocrx_word' id='word_1_446' title='bbox 1793 2404 1906 2466; x_wconf 84' lang='lat' dir='ltr'><strong>ttartn.</strong></span> <span class='ocrx_word' id='word_1_447' title='bbox 1924 2405 1972 2464; x_wconf 87' lang='lat' dir='ltr'><strong>ra.</strong></span> 
     </span>
     <span class='ocr_line' id='line_1_72' title="bbox 1097 2486 1976 2568; baseline -0.003 -17"><span class='ocrx_word' id='word_1_448' title='bbox 1097 2487 1206 2551; x_wconf 84' lang='lat' dir='ltr'><strong>Omnia</strong></span> <span class='ocrx_word' id='word_1_449' title='bbox 1222 2489 1281 2567; x_wconf 85' lang='lat' dir='ltr'><strong>qni</strong></span> <span class='ocrx_word' id='word_1_450' title='bbox 1290 2487 1461 2568; x_wconf 81' lang='lat' dir='ltr'><strong>reliquerit</strong></span> <span class='ocrx_word' id='word_1_451' title='bbox 1471 2488 1617 2559; x_wconf 80' lang='lat' dir='ltr'><strong>¹eternum,</strong></span> <span class='ocrx_word' id='word_1_452' title='bbox 1629 2489 1680 2550; x_wconf 88' lang='lat' dir='ltr'><strong>act</strong></span> <span class='ocrx_word' id='word_1_453' title='bbox 1691 2486 1976 2565; x_wconf 71' lang='lat' dir='ltr'><strong>oprumneluna</strong></span> 
     </span>
     <span class='ocr_line' id='line_1_73' title="bbox 1092 2568 1976 2648; baseline -0.009 -13"><span class='ocrx_word' id='word_1_454' title='bbox 1092 2585 1162 2636; x_wconf 86' lang='lat' dir='ltr'><strong>rem</strong></span> <span class='ocrx_word' id='word_1_455' title='bbox 1177 2577 1235 2632; x_wconf 89' lang='lat' dir='ltr'><strong>etc.</strong></span> <span class='ocrx_word' id='word_1_456' title='bbox 1249 2568 1303 2631; x_wconf 91' lang='lat' dir='ltr'><strong>uhi</strong></span> <span class='ocrx_word' id='word_1_457' title='bbox 1318 2571 1455 2648; x_wconf 86' lang='lat' dir='ltr'><strong>loquitur</strong></span> <span class='ocrx_word' id='word_1_458' title='bbox 1469 2571 1509 2632; x_wconf 90' lang='lat' dir='ltr'><strong>de</strong></span> <span class='ocrx_word' id='word_1_459' title='bbox 1524 2570 1709 2632; x_wconf 88' lang='lat' dir='ltr'><strong>dimissione</strong></span> <span class='ocrx_word' id='word_1_460' title='bbox 1725 2571 1888 2640; x_wconf 76' lang='lat' dir='ltr'><strong>uxorismt</strong></span> <span class='ocrx_word' id='word_1_461' title='bbox 1900 2569 1976 2645; x_wconf 65' lang='grc' dir='ltr'>,ιρι</span> 
     </span>
     <span class='ocr_line' id='line_1_74' title="bbox 1093 2650 1927 2731; baseline -0.008 -14"><span class='ocrx_word' id='word_1_462' title='bbox 1093 2653 1164 2717; x_wconf 91' lang='lat' dir='ltr'><strong>stoti</strong></span> <span class='ocrx_word' id='word_1_463' title='bbox 1181 2651 1328 2726; x_wconf 85' lang='lat' dir='ltr'><strong>tenerent,</strong></span> <span class='ocrx_word' id='word_1_464' title='bbox 1346 2654 1492 2713; x_wconf 91' lang='lat' dir='ltr'><strong>nimirum</strong></span> <span class='ocrx_word' id='word_1_465' title='bbox 1508 2667 1618 2714; x_wconf 89' lang='lat' dir='ltr'><strong>caussa</strong></span> <span class='ocrx_word' id='word_1_466' title='bbox 1633 2651 1789 2731; x_wconf 80' lang='lat' dir='ltr'><strong>sequendi</strong></span> <span class='ocrx_word' id='word_1_467' title='bbox 1806 2650 1927 2728; x_wconf 86' lang='lat' dir='ltr'><strong>ipsum.</strong></span> 
     </span>
    </p>

    <p class='ocr_par' dir='ltr' id='par_1_19' title="bbox 1089 2733 1981 4286">
     <span class='ocr_line' id='line_1_75' title="bbox 1131 2733 1976 2810; baseline -0.005 -14"><span class='ocrx_word' id='word_1_468' title='bbox 1131 2734 1546 2806; x_wconf 84' lang='lat' dir='ltr'><strong>Secundesinecoasensu,</strong></span> <span class='ocrx_word' id='word_1_469' title='bbox 1577 2733 1763 2808; x_wconf 78' lang='lat' dir='ltr'><strong>chutinae,</strong></span> <span class='ocrx_word' id='word_1_470' title='bbox 1796 2733 1898 2810; x_wconf 82' lang='lat' dir='ltr'><strong>toque</strong></span> <span class='ocrx_word' id='word_1_471' title='bbox 1928 2733 1976 2793; x_wconf 89' lang='lat' dir='ltr'><strong>tri·</strong></span> 
     </span>
     <span class='ocr_line' id='line_1_76' title="bbox 1093 2812 1975 2892; baseline 0 -18"><span class='ocrx_word' id='word_1_472' title='bbox 1093 2814 1176 2892; x_wconf 80' lang='lat' dir='ltr'><strong>pter.</strong></span> <span class='ocrx_word' id='word_1_473' title='bbox 1193 2815 1327 2877; x_wconf 80' lang='lat' dir='ltr'><strong>Primum</strong></span> <span class='ocrx_word' id='word_1_474' title='bbox 1343 2821 1401 2882; x_wconf 83' lang='lat' dir='ltr'><strong>est.</strong></span> <span class='ocrx_word' id='word_1_475' title='bbox 1426 2816 1611 2878; x_wconf 82' lang='lat' dir='ltr'><strong>adulterium</strong></span> <span class='ocrx_word' id='word_1_476' title='bbox 1640 2815 1770 2878; x_wconf 88' lang='lat' dir='ltr'><strong>atterius</strong></span> <span class='ocrx_word' id='word_1_477' title='bbox 1802 2812 1975 2890; x_wconf 74' lang='lat' dir='ltr'><strong>conjugis,</strong></span> 
     </span>
     <span class='ocr_line' id='line_1_77' title="bbox 1092 2895 1976 2976; baseline -0.001 -19"><span class='ocrx_word' id='word_1_478' title='bbox 1092 2895 1132 2959; x_wconf 91' lang='lat' dir='ltr'><strong>de</strong></span> <span class='ocrx_word' id='word_1_479' title='bbox 1148 2911 1210 2976; x_wconf 86' lang='lat' dir='ltr'><strong>qno</strong></span> <span class='ocrx_word' id='word_1_480' title='bbox 1225 2896 1332 2960; x_wconf 79' lang='lat' dir='ltr'><strong>hatth.</strong></span> <span class='ocrx_word' id='word_1_481' title='bbox 1348 2897 1379 2960; x_wconf 84' lang='lat'><strong>5.</strong></span> <span class='ocrx_word' id='word_1_482' title='bbox 1395 2897 1517 2960; x_wconf 86' lang='lat' dir='ltr'><strong>Deinde</strong></span> <span class='ocrx_word' id='word_1_483' title='bbox 1542 2898 1568 2960; x_wconf 89' lang='lat' dir='ltr'><strong>si</strong></span> <span class='ocrx_word' id='word_1_484' title='bbox 1585 2899 1664 2960; x_wconf 91' lang='lat' dir='ltr'><strong>atter</strong></span> <span class='ocrx_word' id='word_1_485' title='bbox 1678 2897 1866 2975; x_wconf 73' lang='lat' dir='ltr'><strong>conjugum</strong></span> <span class='ocrx_word' id='word_1_486' title='bbox 1883 2913 1901 2956; x_wconf 92' lang='lat' dir='ltr'><strong>a</strong></span> <span class='ocrx_word' id='word_1_487' title='bbox 1917 2895 1976 2956; x_wconf 85' lang='lat' dir='ltr'><strong>tide</strong></span> 
     </span>
     <span class='ocr_line' id='line_1_78' title="bbox 1092 2979 1977 3057; baseline -0.002 -17"><span class='ocrx_word' id='word_1_488' title='bbox 1092 2981 1242 3041; x_wconf 78' lang='lat' dir='ltr'><strong>catholiea</strong></span> <span class='ocrx_word' id='word_1_489' title='bbox 1259 2980 1394 3049; x_wconf 82' lang='lat' dir='ltr'><strong>recedat,</strong></span> <span class='ocrx_word' id='word_1_490' title='bbox 1412 2984 1444 3042; x_wconf 87' lang='lat' dir='ltr'><strong>et</strong></span> <span class='ocrx_word' id='word_1_491' title='bbox 1458 2981 1496 3040; x_wconf 93' lang='lat' dir='ltr'><strong>de</strong></span> <span class='ocrx_word' id='word_1_492' title='bbox 1513 2980 1572 3042; x_wconf 88' lang='lat' dir='ltr'><strong>hoc</strong></span> <span class='ocrx_word' id='word_1_493' title='bbox 1588 2979 1748 3041; x_wconf 89' lang='lat' dir='ltr'><strong>habemus</strong></span> <span class='ocrx_word' id='word_1_494' title='bbox 1763 2979 1977 3057; x_wconf 84' lang='lat' dir='ltr'><strong>apostolicum</strong></span> 
     </span>
     <span class='ocr_line' id='line_1_79' title="bbox 1093 3060 1981 3140; baseline 0.001 -17"><span class='ocrx_word' id='word_1_495' title='bbox 1093 3067 1305 3140; x_wconf 86' lang='lat' dir='ltr'><strong>praeceptum,</strong></span> <span class='ocrx_word' id='word_1_496' title='bbox 1322 3061 1359 3124; x_wconf 90' lang='lat' dir='ltr'><strong>ad</strong></span> <span class='ocrx_word' id='word_1_497' title='bbox 1375 3061 1434 3123; x_wconf 77' lang='lat' dir='ltr'><strong>&#39;tit</strong></span> <span class='ocrx_word' id='word_1_498' title='bbox 1450 3061 1482 3124; x_wconf 84' lang='lat'><strong>3.</strong></span> <span class='ocrx_word' id='word_1_499' title='bbox 1498 3061 1710 3124; x_wconf 79' lang='lat' dir='ltr'><strong>Haereticam</strong></span> <span class='ocrx_word' id='word_1_500' title='bbox 1718 3060 1896 3126; x_wconf 83' lang='lat' dir='ltr'><strong>hominem</strong></span> <span class='ocrx_word' id='word_1_501' title='bbox 1908 3067 1981 3139; x_wconf 83' lang='lat' dir='ltr'><strong>pest</strong></span> 
     </span>
     <span class='ocr_line' id='line_1_80' title="bbox 1091 3142 1977 3221; baseline -0.002 -14"><span class='ocrx_word' id='word_1_502' title='bbox 1091 3160 1207 3221; x_wconf 82' lang='lat' dir='ltr'><strong>aruum,</strong></span> <span class='ocrx_word' id='word_1_503' title='bbox 1222 3150 1251 3205; x_wconf 91' lang='lat' dir='ltr'><strong>et</strong></span> <span class='ocrx_word' id='word_1_504' title='bbox 1261 3146 1443 3207; x_wconf 79' lang='lat' dir='ltr'><strong>secundum</strong></span> <span class='ocrx_word' id='word_1_505' title='bbox 1454 3146 1685 3208; x_wconf 83' lang='lat' dir='ltr'><strong>correctionem</strong></span> <span class='ocrx_word' id='word_1_506' title='bbox 1696 3142 1883 3214; x_wconf 84' lang='lat' dir='ltr'><strong>deuito.uhi</strong></span> <span class='ocrx_word' id='word_1_507' title='bbox 1899 3146 1977 3221; x_wconf 77' lang='lat' dir='ltr'><strong>Apo</strong></span> 
     </span>
     <span class='ocr_line' id='line_1_81' title="bbox 1092 3226 1978 3306; baseline -0.001 -19"><span class='ocrx_word' id='word_1_508' title='bbox 1092 3226 1192 3288; x_wconf 87' lang='lat' dir='ltr'><strong>stolus</strong></span> <span class='ocrx_word' id='word_1_509' title='bbox 1208 3226 1247 3289; x_wconf 93' lang='lat' dir='ltr'><strong>de</strong></span> <span class='ocrx_word' id='word_1_510' title='bbox 1263 3226 1410 3289; x_wconf 88' lang='lat' dir='ltr'><strong>omnihus</strong></span> <span class='ocrx_word' id='word_1_511' title='bbox 1425 3228 1597 3306; x_wconf 78' lang='lat' dir='ltr'><strong>generatim</strong></span> <span class='ocrx_word' id='word_1_512' title='bbox 1612 3227 1759 3304; x_wconf 81' lang='lat' dir='ltr'><strong>tenuitur,</strong></span> <span class='ocrx_word' id='word_1_513' title='bbox 1779 3240 1892 3303; x_wconf 82' lang='lat' dir='ltr'><strong>neque</strong></span> <span class='ocrx_word' id='word_1_514' title='bbox 1907 3240 1978 3287; x_wconf 86' lang='lat' dir='ltr'><strong>con·</strong></span> 
     </span>
     <span class='ocr_line' id='line_1_82' title="bbox 1090 3306 1979 3388; baseline -0.001 -19"><span class='ocrx_word' id='word_1_515' title='bbox 1090 3310 1197 3388; x_wconf 78' lang='lat' dir='ltr'><strong>juges,</strong></span> <span class='ocrx_word' id='word_1_516' title='bbox 1215 3315 1267 3370; x_wconf 93' lang='lat' dir='ltr'><strong>aut</strong></span> <span class='ocrx_word' id='word_1_517' title='bbox 1283 3316 1430 3387; x_wconf 87' lang='lat' dir='ltr'><strong>parentes</strong></span> <span class='ocrx_word' id='word_1_518' title='bbox 1446 3308 1572 3388; x_wconf 85' lang='lat' dir='ltr'><strong>excipit.</strong></span> <span class='ocrx_word' id='word_1_519' title='bbox 1603 3308 1638 3369; x_wconf 80' lang='lat' dir='ltr'><strong>th</strong></span> <span class='ocrx_word' id='word_1_520' title='bbox 1653 3308 1758 3370; x_wconf 92' lang='lat' dir='ltr'><strong>dehis</strong></span> <span class='ocrx_word' id='word_1_521' title='bbox 1775 3308 1876 3369; x_wconf 89' lang='lat' dir='ltr'><strong>etiam</strong></span> <span class='ocrx_word' id='word_1_522' title='bbox 1892 3306 1979 3369; x_wconf 84' lang='lat' dir='ltr'><strong>intet-</strong></span> 
     </span>
     <span class='ocr_line' id='line_1_83' title="bbox 1094 3386 1978 3469; baseline -0.002 -18"><span class='ocrx_word' id='word_1_523' title='bbox 1094 3390 1232 3469; x_wconf 78' lang='lat' dir='ltr'><strong>tiguntur</strong></span> <span class='ocrx_word' id='word_1_524' title='bbox 1248 3390 1341 3452; x_wconf 83' lang='lat' dir='ltr'><strong>aerha</strong></span> <span class='ocrx_word' id='word_1_525' title='bbox 1357 3390 1478 3451; x_wconf 86' lang='lat' dir='ltr'><strong>Domini</strong></span> <span class='ocrx_word' id='word_1_526' title='bbox 1494 3390 1569 3453; x_wconf 89' lang='lat' dir='ltr'><strong>Luc.</strong></span> <span class='ocrx_word' id='word_1_527' title='bbox 1588 3390 1638 3452; x_wconf 84' lang='lat' dir='ltr'><strong>rt.</strong></span> <span class='ocrx_word' id='word_1_528' title='bbox 1662 3389 1699 3452; x_wconf 85' lang='lat' dir='ltr'><strong>Si</strong></span> <span class='ocrx_word' id='word_1_529' title='bbox 1722 3390 1801 3469; x_wconf 81' lang='lat' dir='ltr'><strong>quis</strong></span> <span class='ocrx_word' id='word_1_530' title='bbox 1825 3386 1978 3451; x_wconf 86' lang='lat' dir='ltr'><strong>uenited</strong></span> 
     </span>
     <span class='ocr_line' id='line_1_84' title="bbox 1090 3473 1977 3550; baseline -0.003 -16"><span class='ocrx_word' id='word_1_531' title='bbox 1090 3488 1153 3546; x_wconf 82' lang='lat' dir='ltr'><strong>nae,</strong></span> <span class='ocrx_word' id='word_1_532' title='bbox 1167 3476 1197 3533; x_wconf 87' lang='lat' dir='ltr'><strong>et</strong></span> <span class='ocrx_word' id='word_1_533' title='bbox 1208 3488 1278 3535; x_wconf 85' lang='lat' dir='ltr'><strong>non</strong></span> <span class='ocrx_word' id='word_1_534' title='bbox 1292 3473 1361 3535; x_wconf 87' lang='lat' dir='ltr'><strong>odit</strong></span> <span class='ocrx_word' id='word_1_535' title='bbox 1372 3478 1502 3550; x_wconf 87' lang='lat' dir='ltr'><strong>putrem</strong></span> <span class='ocrx_word' id='word_1_536' title='bbox 1525 3478 1831 3543; x_wconf 85' lang='lat' dir='ltr'><strong>auumetmutrem,</strong></span> <span class='ocrx_word' id='word_1_537' title='bbox 1851 3477 1885 3532; x_wconf 85' lang='lat' dir='ltr'><strong>et</strong></span> <span class='ocrx_word' id='word_1_538' title='bbox 1896 3486 1977 3532; x_wconf 81' lang='lat' dir='ltr'><strong>nso-</strong></span> 
     </span>
     <span class='ocr_line' id='line_1_85' title="bbox 1089 3552 1974 3635; baseline -0.007 -18"><span class='ocrx_word' id='word_1_539' title='bbox 1089 3570 1157 3617; x_wconf 88' lang='lat' dir='ltr'><strong>rem</strong></span> <span class='ocrx_word' id='word_1_540' title='bbox 1171 3560 1230 3617; x_wconf 87' lang='lat' dir='ltr'><strong>ote.</strong></span> <span class='ocrx_word' id='word_1_541' title='bbox 1245 3554 1363 3615; x_wconf 91' lang='lat' dir='ltr'><strong>Deinde</strong></span> <span class='ocrx_word' id='word_1_542' title='bbox 1378 3555 1404 3616; x_wconf 95' lang='lat' dir='ltr'><strong>si</strong></span> <span class='ocrx_word' id='word_1_543' title='bbox 1420 3554 1676 3635; x_wconf 75' lang='lat' dir='ltr'><strong>atterconjupom</strong></span> <span class='ocrx_word' id='word_1_544' title='bbox 1689 3552 1834 3631; x_wconf 87' lang='lat' dir='ltr'><strong>impettat</strong></span> <span class='ocrx_word' id='word_1_545' title='bbox 1845 3554 1974 3614; x_wconf 88' lang='lat' dir='ltr'><strong>attemm</strong></span> 
     </span>
     <span class='ocr_line' id='line_1_86' title="bbox 1091 3636 1975 3715; baseline -0.003 -17"><span class='ocrx_word' id='word_1_546' title='bbox 1091 3637 1129 3698; x_wconf 92' lang='lat' dir='ltr'><strong>ad</strong></span> <span class='ocrx_word' id='word_1_547' title='bbox 1145 3645 1321 3715; x_wconf 87' lang='lat' dir='ltr'><strong>peecatum,</strong></span> <span class='ocrx_word' id='word_1_548' title='bbox 1335 3636 1374 3695; x_wconf 92' lang='lat' dir='ltr'><strong>ite</strong></span> <span class='ocrx_word' id='word_1_549' title='bbox 1395 3644 1428 3697; x_wconf 91' lang='lat' dir='ltr'><strong>ut</strong></span> <span class='ocrx_word' id='word_1_550' title='bbox 1443 3651 1504 3697; x_wconf 90' lang='lat' dir='ltr'><strong>non</strong></span> <span class='ocrx_word' id='word_1_551' title='bbox 1522 3636 1621 3714; x_wconf 90' lang='lat' dir='ltr'><strong>possit</strong></span> <span class='ocrx_word' id='word_1_552' title='bbox 1636 3636 1714 3699; x_wconf 88' lang='lat' dir='ltr'><strong>atter</strong></span> <span class='ocrx_word' id='word_1_553' title='bbox 1735 3650 1811 3705; x_wconf 85' lang='lat' dir='ltr'><strong>pum</strong></span> <span class='ocrx_word' id='word_1_554' title='bbox 1828 3650 1872 3697; x_wconf 85' lang='lat' dir='ltr'><strong>eo</strong></span> <span class='ocrx_word' id='word_1_555' title='bbox 1888 3636 1975 3697; x_wconf 89' lang='lat' dir='ltr'><strong>coha-</strong></span> 
     </span>
     <span class='ocr_line' id='line_1_87' title="bbox 1091 3716 1974 3796; baseline -0.002 -18"><span class='ocrx_word' id='word_1_556' title='bbox 1091 3718 1189 3780; x_wconf 88' lang='lat' dir='ltr'><strong>bitare</strong></span> <span class='ocrx_word' id='word_1_557' title='bbox 1205 3718 1274 3780; x_wconf 89' lang='lat' dir='ltr'><strong>sine</strong></span> <span class='ocrx_word' id='word_1_558' title='bbox 1290 3717 1430 3796; x_wconf 84' lang='lat' dir='ltr'><strong>pericula</strong></span> <span class='ocrx_word' id='word_1_559' title='bbox 1447 3717 1549 3780; x_wconf 91' lang='lat' dir='ltr'><strong>Deum</strong></span> <span class='ocrx_word' id='word_1_560' title='bbox 1570 3716 1766 3791; x_wconf 76' lang='lat' dir='ltr'><strong>offendendi3</strong></span> <span class='ocrx_word' id='word_1_561' title='bbox 1799 3722 1833 3779; x_wconf 87' lang='lat' dir='ltr'><strong>et</strong></span> <span class='ocrx_word' id='word_1_562' title='bbox 1864 3717 1974 3777; x_wconf 85' lang='lat' dir='ltr'><strong>dehoc</strong></span> 
     </span>
     <span class='ocr_line' id='line_1_88' title="bbox 1091 3798 1971 3878; baseline 0 -17"><span class='ocrx_word' id='word_1_563' title='bbox 1091 3800 1228 3878; x_wconf 86' lang='lat' dir='ltr'><strong>quuitur</strong></span> <span class='ocrx_word' id='word_1_564' title='bbox 1243 3801 1392 3861; x_wconf 92' lang='lat' dir='ltr'><strong>Dominus</strong></span> <span class='ocrx_word' id='word_1_565' title='bbox 1408 3816 1477 3861; x_wconf 90' lang='lat' dir='ltr'><strong>cum</strong></span> <span class='ocrx_word' id='word_1_566' title='bbox 1494 3800 1548 3860; x_wconf 89' lang='lat' dir='ltr'><strong>ait:</strong></span> <span class='ocrx_word' id='word_1_567' title='bbox 1566 3798 1728 3862; x_wconf 82' lang='lat' dir='ltr'><strong>Siuottius</strong></span> <span class='ocrx_word' id='word_1_568' title='bbox 1740 3804 1822 3861; x_wconf 82' lang='lat' dir='ltr'><strong>tuus</strong></span> <span class='ocrx_word' id='word_1_569' title='bbox 1833 3800 1971 3861; x_wconf 80' lang='lat' dir='ltr'><strong>senodu-</strong></span> 
     </span>
     <span class='ocr_line' id='line_1_89' title="bbox 1094 3880 1971 3957; baseline -0.002 -14"><span class='ocrx_word' id='word_1_570' title='bbox 1094 3880 1174 3944; x_wconf 82' lang='lat' dir='ltr'><strong>tizut</strong></span> <span class='ocrx_word' id='word_1_571' title='bbox 1190 3888 1229 3953; x_wconf 87' lang='lat' dir='ltr'><strong>te,</strong></span> <span class='ocrx_word' id='word_1_572' title='bbox 1242 3897 1320 3945; x_wconf 86' lang='lat' dir='ltr'><strong>erue</strong></span> <span class='ocrx_word' id='word_1_573' title='bbox 1331 3896 1416 3956; x_wconf 78' lang='lat' dir='ltr'><strong>eruin,</strong></span> <span class='ocrx_word' id='word_1_574' title='bbox 1430 3881 1535 3944; x_wconf 86' lang='lat' dir='ltr'><strong>tiatth.</strong></span> <span class='ocrx_word' id='word_1_575' title='bbox 1553 3881 1604 3943; x_wconf 82' lang='grc'><strong>18.</strong></span> <span class='ocrx_word' id='word_1_576' title='bbox 1620 3880 1651 3943; x_wconf 92' lang='lat' dir='ltr'><strong>in</strong></span> <span class='ocrx_word' id='word_1_577' title='bbox 1663 3896 1757 3957; x_wconf 80' lang='lat' dir='ltr'><strong>quem</strong></span> <span class='ocrx_word' id='word_1_578' title='bbox 1775 3880 1883 3943; x_wconf 87' lang='lat' dir='ltr'><strong>tecum</strong></span> <span class='ocrx_word' id='word_1_579' title='bbox 1897 3882 1971 3941; x_wconf 85' lang='lat' dir='ltr'><strong>seri·</strong></span> 
     </span>
     <span class='ocr_line' id='line_1_90' title="bbox 1095 3962 1969 4043; baseline -0.005 -18"><span class='ocrx_word' id='word_1_580' title='bbox 1095 3964 1174 4026; x_wconf 89' lang='lat' dir='ltr'><strong>bens</strong></span> <span class='ocrx_word' id='word_1_581' title='bbox 1191 3963 1409 4043; x_wconf 78' lang='lat' dir='ltr'><strong>Hieronymus,</strong></span> <span class='ocrx_word' id='word_1_582' title='bbox 1426 3964 1518 4025; x_wconf 87' lang='lat' dir='ltr'><strong>docet</strong></span> <span class='ocrx_word' id='word_1_583' title='bbox 1533 3962 1718 4027; x_wconf 88' lang='lat' dir='ltr'><strong>sententiam</strong></span> <span class='ocrx_word' id='word_1_584' title='bbox 1735 3962 1863 4023; x_wconf 86' lang='lat' dir='ltr'><strong>Domini</strong></span> <span class='ocrx_word' id='word_1_585' title='bbox 1884 3976 1969 4030; x_wconf 81' lang='lat' dir='ltr'><strong>esse,</strong></span> 
     </span>
     <span class='ocr_line' id='line_1_91' title="bbox 1096 4044 1971 4124; baseline -0.002 -17"><span class='ocrx_word' id='word_1_586' title='bbox 1096 4051 1128 4107; x_wconf 90' lang='lat' dir='ltr'><strong>ut</strong></span> <span class='ocrx_word' id='word_1_587' title='bbox 1143 4046 1169 4107; x_wconf 90' lang='lat' dir='ltr'><strong>si</strong></span> <span class='ocrx_word' id='word_1_588' title='bbox 1186 4046 1218 4119; x_wconf 89' lang='lat' dir='ltr'><strong>ii,</strong></span> <span class='ocrx_word' id='word_1_589' title='bbox 1237 4046 1289 4123; x_wconf 81' lang='lat' dir='ltr'><strong>qui</strong></span> <span class='ocrx_word' id='word_1_590' title='bbox 1306 4045 1398 4106; x_wconf 90' lang='lat' dir='ltr'><strong>uobis</strong></span> <span class='ocrx_word' id='word_1_591' title='bbox 1414 4045 1573 4124; x_wconf 76' lang='lat' dir='ltr'><strong>coniuncti</strong></span> <span class='ocrx_word' id='word_1_592' title='bbox 1590 4052 1662 4108; x_wconf 90' lang='lat' dir='ltr'><strong>suut</strong></span> <span class='ocrx_word' id='word_1_593' title='bbox 1681 4090 1689 4119; x_wconf 91' lang='lat'><strong>,</strong></span> <span class='ocrx_word' id='word_1_594' title='bbox 1720 4048 1752 4106; x_wconf 89' lang='lat' dir='ltr'><strong>et</strong></span> <span class='ocrx_word' id='word_1_595' title='bbox 1768 4044 1857 4105; x_wconf 89' lang='lat' dir='ltr'><strong>chari</strong></span> <span class='ocrx_word' id='word_1_596' title='bbox 1869 4044 1971 4105; x_wconf 85' lang='lat' dir='ltr'><strong>instar</strong></span> 
     </span>
     <span class='ocr_line' id='line_1_92' title="bbox 1095 4125 1972 4207; baseline -0.002 -18"><span class='ocrx_word' id='word_1_597' title='bbox 1095 4128 1269 4205; x_wconf 86' lang='lat' dir='ltr'><strong>uentorum,</strong></span> <span class='ocrx_word' id='word_1_598' title='bbox 1287 4132 1319 4189; x_wconf 92' lang='lat' dir='ltr'><strong>ut</strong></span> <span class='ocrx_word' id='word_1_599' title='bbox 1332 4133 1490 4207; x_wconf 90' lang='lat' dir='ltr'><strong>parentes,</strong></span> <span class='ocrx_word' id='word_1_600' title='bbox 1506 4125 1575 4205; x_wconf 89' lang='lat' dir='ltr'><strong>iiiii,</strong></span> <span class='ocrx_word' id='word_1_601' title='bbox 1587 4142 1676 4201; x_wconf 88' lang='lat' dir='ltr'><strong>uxor,</strong></span> <span class='ocrx_word' id='word_1_602' title='bbox 1693 4141 1809 4189; x_wconf 89' lang='lat' dir='ltr'><strong>caussa</strong></span> <span class='ocrx_word' id='word_1_603' title='bbox 1824 4126 1883 4187; x_wconf 87' lang='lat' dir='ltr'><strong>sint</strong></span> <span class='ocrx_word' id='word_1_604' title='bbox 1902 4130 1972 4187; x_wconf 89' lang='lat' dir='ltr'><strong>rui·</strong></span> 
     </span>
     <span class='ocr_line' id='line_1_93' title="bbox 1095 4208 1537 4286; baseline 0.009 -15"><span class='ocrx_word' id='word_1_605' title='bbox 1095 4225 1215 4286; x_wconf 84' lang='lat' dir='ltr'><strong>nurum3</strong></span> <span class='ocrx_word' id='word_1_606' title='bbox 1231 4209 1269 4271; x_wconf 90' lang='lat' dir='ltr'><strong>oh</strong></span> <span class='ocrx_word' id='word_1_607' title='bbox 1285 4208 1324 4271; x_wconf 92' lang='lat' dir='ltr'><strong>iis</strong></span> <span class='ocrx_word' id='word_1_608' title='bbox 1339 4208 1537 4275; x_wconf 88' lang='lat' dir='ltr'><strong>recedamus.</strong></span> 
     </span>
    </p>

    <p class='ocr_par' dir='ltr' id='par_1_20' title="bbox 1093 4288 1988 4945">
     <span class='ocr_line' id='line_1_94' title="bbox 1135 4288 1976 4369; baseline -0.001 -17"><span class='ocrx_word' id='word_1_609' title='bbox 1135 4290 1235 4369; x_wconf 84' lang='lat' dir='ltr'><strong>htque</strong></span> <span class='ocrx_word' id='word_1_610' title='bbox 1251 4290 1446 4353; x_wconf 86' lang='lat' dir='ltr'><strong>haecomnia</strong></span> <span class='ocrx_word' id='word_1_611' title='bbox 1463 4291 1616 4355; x_wconf 88' lang='lat' dir='ltr'><strong>hahentur</strong></span> <span class='ocrx_word' id='word_1_612' title='bbox 1631 4292 1662 4354; x_wconf 94' lang='lat' dir='ltr'><strong>in</strong></span> <span class='ocrx_word' id='word_1_613' title='bbox 1692 4289 1836 4353; x_wconf 89' lang='lat' dir='ltr'><strong>decretis</strong></span> <span class='ocrx_word' id='word_1_614' title='bbox 1861 4288 1976 4351; x_wconf 61' lang='lat' dir='ltr'><strong>&amp;cte-</strong></span> 
     </span>
     <span class='ocr_line' id='line_1_95' title="bbox 1093 4372 1980 4451; baseline -0.001 -18"><span class='ocrx_word' id='word_1_615' title='bbox 1093 4373 1159 4434; x_wconf 89' lang='lat' dir='ltr'><strong>siae</strong></span> <span class='ocrx_word' id='word_1_616' title='bbox 1175 4374 1206 4433; x_wconf 89' lang='grc' dir='ltr'><strong>ιιι</strong></span> <span class='ocrx_word' id='word_1_617' title='bbox 1223 4372 1310 4435; x_wconf 90' lang='lat' dir='ltr'><strong>tituto</strong></span> <span class='ocrx_word' id='word_1_618' title='bbox 1326 4373 1365 4435; x_wconf 91' lang='lat' dir='ltr'><strong>de</strong></span> <span class='ocrx_word' id='word_1_619' title='bbox 1382 4375 1532 4449; x_wconf 83' lang='lat' dir='ltr'><strong>divortiis,</strong></span> <span class='ocrx_word' id='word_1_620' title='bbox 1549 4380 1580 4436; x_wconf 92' lang='lat' dir='ltr'><strong>et</strong></span> <span class='ocrx_word' id='word_1_621' title='bbox 1601 4389 1703 4451; x_wconf 89' lang='lat' dir='ltr'><strong>nuper</strong></span> <span class='ocrx_word' id='word_1_622' title='bbox 1732 4372 1909 4435; x_wconf 80' lang='lat' dir='ltr'><strong>concilium</strong></span> <span class='ocrx_word' id='word_1_623' title='bbox 1927 4374 1980 4432; x_wconf 92' lang='lat' dir='ltr'><strong>tri-</strong></span> 
     </span>
     <span class='ocr_line' id='line_1_96' title="bbox 1093 4453 1982 4535; baseline -0.002 -20"><span class='ocrx_word' id='word_1_624' title='bbox 1093 4454 1255 4517; x_wconf 90' lang='lat' dir='ltr'><strong>dentinum</strong></span> <span class='ocrx_word' id='word_1_625' title='bbox 1270 4461 1375 4523; x_wconf 87' lang='lat' dir='ltr'><strong>contra</strong></span> <span class='ocrx_word' id='word_1_626' title='bbox 1390 4456 1584 4521; x_wconf 83' lang='lat' dir='ltr'><strong>Lutheronos</strong></span> <span class='ocrx_word' id='word_1_627' title='bbox 1605 4456 1636 4517; x_wconf 93' lang='lat' dir='ltr'><strong>id</strong></span> <span class='ocrx_word' id='word_1_628' title='bbox 1652 4456 1754 4535; x_wconf 85' lang='lat' dir='ltr'><strong>ipsum</strong></span> <span class='ocrx_word' id='word_1_629' title='bbox 1787 4453 1842 4515; x_wconf 91' lang='lat' dir='ltr'><strong>his</strong></span> <span class='ocrx_word' id='word_1_630' title='bbox 1872 4455 1982 4516; x_wconf 85' lang='lat' dir='ltr'><strong>rerhis</strong></span> 
     </span>
     <span class='ocr_line' id='line_1_97' title="bbox 1094 4536 1982 4617; baseline -0.001 -20"><span class='ocrx_word' id='word_1_631' title='bbox 1094 4536 1297 4609; x_wconf 84' lang='lat' dir='ltr'><strong>eundrmavit,</strong></span> <span class='ocrx_word' id='word_1_632' title='bbox 1314 4554 1395 4600; x_wconf 88' lang='lat' dir='ltr'><strong>sess.</strong></span> <span class='ocrx_word' id='word_1_633' title='bbox 1413 4537 1465 4600; x_wconf 84' lang='lat' dir='ltr'><strong>et.</strong></span> <span class='ocrx_word' id='word_1_634' title='bbox 1480 4554 1549 4600; x_wconf 89' lang='lat' dir='ltr'><strong>cao.</strong></span> <span class='ocrx_word' id='word_1_635' title='bbox 1567 4537 1598 4599; x_wconf 87' lang='grc'><strong>8.</strong></span> <span class='ocrx_word' id='word_1_636' title='bbox 1616 4536 1652 4599; x_wconf 85' lang='lat' dir='ltr'><strong>Si</strong></span> <span class='ocrx_word' id='word_1_637' title='bbox 1666 4537 1739 4617; x_wconf 82' lang='lat' dir='ltr'><strong>qnia</strong></span> <span class='ocrx_word' id='word_1_638' title='bbox 1754 4536 1903 4605; x_wconf 66' lang='lat' dir='ltr'><strong>dicerit.</strong></span> <span class='ocrx_word' id='word_1_639' title='bbox 1923 4537 1982 4597; x_wconf 83' lang='lat' dir='ltr'><strong>Ec·</strong></span> 
     </span>
     <span class='ocr_line' id='line_1_98' title="bbox 1093 4618 1986 4695; baseline 0 -16"><span class='ocrx_word' id='word_1_640' title='bbox 1093 4618 1227 4681; x_wconf 82' lang='lat' dir='ltr'><strong>ciceiam</strong></span> <span class='ocrx_word' id='word_1_641' title='bbox 1242 4634 1365 4691; x_wconf 84' lang='lat' dir='ltr'><strong>errore,</strong></span> <span class='ocrx_word' id='word_1_642' title='bbox 1382 4636 1458 4682; x_wconf 88' lang='lat' dir='ltr'><strong>cum</strong></span> <span class='ocrx_word' id='word_1_643' title='bbox 1473 4620 1511 4682; x_wconf 82' lang='lat' dir='ltr'><strong>oh</strong></span> <span class='ocrx_word' id='word_1_644' title='bbox 1527 4618 1650 4682; x_wconf 78' lang='lat' dir='ltr'><strong>mattea</strong></span> <span class='ocrx_word' id='word_1_645' title='bbox 1678 4632 1814 4681; x_wconf 84' lang='lat' dir='ltr'><strong>caussas</strong></span> <span class='ocrx_word' id='word_1_646' title='bbox 1838 4634 1986 4695; x_wconf 81' lang='lat' dir='ltr'><strong>aepore-</strong></span> 
     </span>
     <span class='ocr_line' id='line_1_99' title="bbox 1094 4700 1986 4781; baseline 0.002 -20"><span class='ocrx_word' id='word_1_647' title='bbox 1094 4702 1217 4763; x_wconf 86' lang='lat' dir='ltr'><strong>tionem</strong></span> <span class='ocrx_word' id='word_1_648' title='bbox 1226 4702 1313 4763; x_wconf 87' lang='lat' dir='ltr'><strong>inter</strong></span> <span class='ocrx_word' id='word_1_649' title='bbox 1335 4701 1489 4779; x_wconf 77' lang='lat' dir='ltr'><strong>conjupec</strong></span> <span class='ocrx_word' id='word_1_650' title='bbox 1504 4702 1617 4781; x_wconf 83' lang='lat' dir='ltr'><strong>quoad</strong></span> <span class='ocrx_word' id='word_1_651' title='bbox 1630 4700 1773 4775; x_wconf 84' lang='lat' dir='ltr'><strong>thorum,</strong></span> <span class='ocrx_word' id='word_1_652' title='bbox 1797 4700 1830 4761; x_wconf 79' lang='lat' dir='ltr'><strong>sa·</strong></span> <span class='ocrx_word' id='word_1_653' title='bbox 1862 4704 1986 4778; x_wconf 82' lang='lat' dir='ltr'><strong>quood</strong></span> 
     </span>
     <span class='ocr_line' id='line_1_100' title="bbox 1094 4782 1988 4863; baseline 0.002 -21"><span class='ocrx_word' id='word_1_654' title='bbox 1094 4782 1369 4845; x_wconf 80' lang='lat' dir='ltr'><strong>cohabitationem</strong></span> <span class='ocrx_word' id='word_1_655' title='bbox 1396 4784 1443 4845; x_wconf 87' lang='lat' dir='ltr'><strong>od</strong></span> <span class='ocrx_word' id='word_1_656' title='bbox 1464 4790 1598 4859; x_wconf 86' lang='lat' dir='ltr'><strong>certum,</strong></span> <span class='ocrx_word' id='word_1_657' title='bbox 1614 4782 1818 4845; x_wconf 72' lang='lat' dir='ltr'><strong>incertumve</strong></span> <span class='ocrx_word' id='word_1_658' title='bbox 1848 4786 1988 4863; x_wconf 77' lang='lat' dir='ltr'><strong>ternpus</strong></span> 
     </span>
     <span class='ocr_line' id='line_1_101' title="bbox 1094 4860 1703 4945; baseline -0.002 -19"><span class='ocrx_word' id='word_1_659' title='bbox 1094 4860 1168 4945; x_wconf 75' lang='lat' dir='ltr'><strong>fieri</strong></span> <span class='ocrx_word' id='word_1_660' title='bbox 1180 4879 1274 4943; x_wconf 86' lang='lat' dir='ltr'><strong>posse</strong></span> <span class='ocrx_word' id='word_1_661' title='bbox 1285 4866 1442 4939; x_wconf 80' lang='lat' dir='ltr'><strong>decentii,</strong></span> <span class='ocrx_word' id='word_1_662' title='bbox 1459 4865 1638 4928; x_wconf 82' lang='lat' dir='ltr'><strong>anathemo</strong></span> <span class='ocrx_word' id='word_1_663' title='bbox 1649 4866 1703 4926; x_wconf 82' lang='lat' dir='ltr'><strong>cit.</strong></span> 
     </span>
    </p>

    <p class='ocr_par' dir='ltr' id='par_1_21' title="bbox 1095 4946 2029 5105">
     <span class='ocr_line' id='line_1_102' title="bbox 1137 4946 2029 5025; baseline -0.001 -17"><span class='ocrx_word' id='word_1_664' title='bbox 1137 4946 1214 5008; x_wconf 89' lang='lat' dir='ltr'><strong>Sunt</strong></span> <span class='ocrx_word' id='word_1_665' title='bbox 1228 4951 1330 5008; x_wconf 89' lang='lat' dir='ltr'><strong>autern</strong></span> <span class='ocrx_word' id='word_1_666' title='bbox 1346 4953 1512 5025; x_wconf 88' lang='lat' dir='ltr'><strong>antequam</strong></span> <span class='ocrx_word' id='word_1_667' title='bbox 1527 4947 1566 5009; x_wconf 90' lang='lat' dir='ltr'><strong>od</strong></span> <span class='ocrx_word' id='word_1_668' title='bbox 1582 4947 1776 5019; x_wconf 82' lang='lat' dir='ltr'><strong>objectiones</strong></span> <span class='ocrx_word' id='word_1_669' title='bbox 1798 4946 1990 5009; x_wconf 78' lang='lat' dir='ltr'><strong>adversarii</strong></span> <span class='ocrx_word' id='word_1_670' title='bbox 2028 5012 2029 5019; x_wconf 39' lang='lat'><strong>,</strong></span> 
     </span>
     <span class='ocr_line' id='line_1_103' title="bbox 1095 5026 1992 5105; baseline 0.004 -18"><span class='ocrx_word' id='word_1_671' title='bbox 1095 5028 1353 5105; x_wconf 88' lang='lat' dir='ltr'><strong>respondeamus,</strong></span> <span class='ocrx_word' id='word_1_672' title='bbox 1371 5026 1570 5091; x_wconf 79' lang='lat' dir='ltr'><strong>Obseruando</strong></span> <span class='ocrx_word' id='word_1_673' title='bbox 1593 5030 1660 5089; x_wconf 91' lang='lat' dir='ltr'><strong>tria.</strong></span> <span class='ocrx_word' id='word_1_674' title='bbox 1692 5027 1833 5089; x_wconf 83' lang='lat' dir='ltr'><strong>Primum</strong></span> <span class='ocrx_word' id='word_1_675' title='bbox 1868 5036 1942 5103; x_wconf 88' lang='lat' dir='ltr'><strong>est,</strong></span> <span class='ocrx_word' id='word_1_676' title='bbox 1960 5030 1992 5091; x_wconf 88' lang='lat' dir='ltr'><strong>ti·</strong></span> 
     </span>
    </p>
   </div>
   <div class='ocr_carea' id='block_1_14' title="bbox 173 5094 1992 5187">
    <p class='ocr_par' dir='ltr' id='par_1_22' title="bbox 173 5094 1992 5187">
     <span class='ocr_line' id='line_1_104' title="bbox 173 5094 1992 5187; baseline 0.009 -30"><span class='ocrx_word' id='word_1_677' title='bbox 173 5100 203 5157; x_wconf 87' lang='lat' dir='ltr'><strong>te</strong></span> <span class='ocrx_word' id='word_1_678' title='bbox 219 5094 343 5158; x_wconf 88' lang='lat' dir='ltr'><strong>rinouio</strong></span> <span class='ocrx_word' id='word_1_679' title='bbox 358 5100 529 5179; x_wconf 66' lang='lat' dir='ltr'><strong>conjugath</strong></span> <span class='ocrx_word' id='word_1_680' title='bbox 544 5119 625 5178; x_wconf 82' lang='lat' dir='ltr'><strong>quae</strong></span> <span class='ocrx_word' id='word_1_681' title='bbox 651 5104 765 5165; x_wconf 86' lang='lat' dir='ltr'><strong>solutio</strong></span> <span class='ocrx_word' id='word_1_682' title='bbox 791 5105 917 5183; x_wconf 87' lang='lat' dir='ltr'><strong>proprie</strong></span> <span class='ocrx_word' id='word_1_683' title='bbox 938 5106 1052 5167; x_wconf 91' lang='lat' dir='ltr'><strong>dicitur</strong></span> <span class='ocrx_word' id='word_1_684' title='bbox 1096 5108 1245 5171; x_wconf 88' lang='lat' dir='ltr'><strong>hertutem</strong></span> <span class='ocrx_word' id='word_1_685' title='bbox 1262 5108 1426 5173; x_wconf 83' lang='lat' dir='ltr'><strong>divortium</strong></span> <span class='ocrx_word' id='word_1_686' title='bbox 1442 5108 1574 5173; x_wconf 90' lang='lat' dir='ltr'><strong>taciendi</strong></span> <span class='ocrx_word' id='word_1_687' title='bbox 1591 5111 1631 5172; x_wconf 91' lang='lat' dir='ltr'><strong>oh</strong></span> <span class='ocrx_word' id='word_1_688' title='bbox 1647 5110 1778 5177; x_wconf 85' lang='lat' dir='ltr'><strong>crimen.</strong></span> <span class='ocrx_word' id='word_1_689' title='bbox 1797 5124 1927 5187; x_wconf 82' lang='lat' dir='ltr'><strong>parem</strong></span> <span class='ocrx_word' id='word_1_690' title='bbox 1946 5126 1992 5172; x_wconf 81' lang='lat' dir='ltr'><strong>es·</strong></span> 
     </span>
    </p>
   </div>
   <div class='ocr_carea' id='block_1_15' title="bbox 173 5174 1048 5265">
    <p class='ocr_par' dir='ltr' id='par_1_23' title="bbox 173 5174 1048 5265">
     <span class='ocr_line' id='line_1_105' title="bbox 173 5174 1048 5265; baseline 0.017 -30"><span class='ocrx_word' id='word_1_691' title='bbox 173 5174 339 5239; x_wconf 83' lang='lat' dir='ltr'><strong>divortium</strong></span> <span class='ocrx_word' id='word_1_692' title='bbox 355 5196 372 5240; x_wconf 92' lang='lat' dir='ltr'><strong>u</strong></span> <span class='ocrx_word' id='word_1_693' title='bbox 388 5182 555 5260; x_wconf 76' lang='lat' dir='ltr'><strong>theologis:</strong></span> <span class='ocrx_word' id='word_1_694' title='bbox 572 5191 603 5246; x_wconf 92' lang='lat' dir='ltr'><strong>et</strong></span> <span class='ocrx_word' id='word_1_695' title='bbox 617 5185 817 5264; x_wconf 81' lang='lat' dir='ltr'><strong>distinguitur</strong></span> <span class='ocrx_word' id='word_1_696' title='bbox 845 5203 862 5247; x_wconf 91' lang='lat' dir='ltr'><strong>a</strong></span> <span class='ocrx_word' id='word_1_697' title='bbox 892 5188 1024 5265; x_wconf 86' lang='lat' dir='ltr'><strong>repudio</strong></span> <span class='ocrx_word' id='word_1_698' title='bbox 1041 5234 1048 5258; x_wconf 86' lang='grc'><em>,</em></span> 
     </span>
    </p>
   </div>
   <div class='ocr_carea' id='block_1_16' title="bbox 1096 5190 1992 5257">
    <p class='ocr_par' dir='ltr' id='par_1_24' title="bbox 1096 5190 1992 5257">
     <span class='ocr_line' id='line_1_106' title="bbox 1096 5190 1992 5257; baseline 0.001 -5"><span class='ocrx_word' id='word_1_699' title='bbox 1096 5206 1132 5253; x_wconf 87' lang='lat' dir='ltr'><strong>se</strong></span> <span class='ocrx_word' id='word_1_700' title='bbox 1147 5190 1212 5255; x_wconf 81' lang='lat' dir='ltr'><strong>uiro</strong></span> <span class='ocrx_word' id='word_1_701' title='bbox 1242 5196 1272 5254; x_wconf 91' lang='lat' dir='ltr'><strong>et</strong></span> <span class='ocrx_word' id='word_1_702' title='bbox 1284 5192 1383 5254; x_wconf 82' lang='lat' dir='ltr'><strong>uxori:</strong></span> <span class='ocrx_word' id='word_1_703' title='bbox 1400 5191 1474 5253; x_wconf 91' lang='lat' dir='ltr'><strong>iicet</strong></span> <span class='ocrx_word' id='word_1_704' title='bbox 1488 5192 1572 5254; x_wconf 89' lang='lat' dir='ltr'><strong>enim</strong></span> <span class='ocrx_word' id='word_1_705' title='bbox 1586 5193 1735 5254; x_wconf 90' lang='lat' dir='ltr'><strong>Dominus</strong></span> <span class='ocrx_word' id='word_1_706' title='bbox 1749 5190 1872 5255; x_wconf 77' lang='lat' dir='ltr'><strong>Detth.</strong></span> <span class='ocrx_word' id='word_1_707' title='bbox 1896 5194 1992 5257; x_wconf 61' lang='lat' dir='ltr'><strong>tide</strong></span> 
     </span>
    </p>
   </div>
   <div class='ocr_carea' id='block_1_17' title="bbox 173 5258 2028 5365">
    <p class='ocr_par' dir='ltr' id='par_1_25' title="bbox 173 5258 2028 5365">
     <span class='ocr_line' id='line_1_107' title="bbox 173 5258 2028 5365; baseline 0.012 -49"><span class='ocrx_word' id='word_1_708' title='bbox 173 5258 677 5344; x_wconf 84' lang='lat' dir='ltr'><strong>quodcstsututicetiamquoad</strong></span> <span class='ocrx_word' id='word_1_709' title='bbox 707 5268 879 5330; x_wconf 85' lang='lat' dir='ltr'><strong>vincutum.</strong></span> <span class='ocrx_word' id='word_1_710' title='bbox 904 5270 1051 5343; x_wconf 82' lang='lat' dir='ltr'><strong>Quamvis</strong></span> <span class='ocrx_word' id='word_1_711' title='bbox 1097 5272 1553 5353; x_wconf 83' lang='lat' dir='ltr'><strong>rirotantumloquatur,quia</strong></span> <span class='ocrx_word' id='word_1_712' title='bbox 1582 5274 1739 5337; x_wconf 89' lang='lat' dir='ltr'><strong>ordinarie</strong></span> <span class='ocrx_word' id='word_1_713' title='bbox 1769 5274 1829 5335; x_wconf 83' lang='lat' dir='ltr'><strong>riri</strong></span> <span class='ocrx_word' id='word_1_714' title='bbox 1868 5292 1991 5339; x_wconf 80' lang='lat' dir='ltr'><strong>uxores</strong></span> <span class='ocrx_word' id='word_1_715' title='bbox 2027 5294 2028 5365; x_wconf 64' lang='grc' dir='ltr'>ι</span> 
     </span>
    </p>
   </div>
   <div class='ocr_carea' id='block_1_18' title="bbox 172 5338 1049 5760">
    <p class='ocr_par' dir='ltr' id='par_1_26' title="bbox 172 5338 1049 5760">
     <span class='ocr_line' id='line_1_108' title="bbox 172 5338 1049 5433; baseline 0.019 -35"><span class='ocrx_word' id='word_1_716' title='bbox 172 5338 384 5433; x_wconf 74' lang='lat' dir='ltr'><strong>iureconsutti</strong></span> <span class='ocrx_word' id='word_1_717' title='bbox 401 5348 493 5423; x_wconf 89' lang='lat' dir='ltr'><strong>pauto</strong></span> <span class='ocrx_word' id='word_1_718' title='bbox 508 5349 599 5411; x_wconf 87' lang='lat' dir='ltr'><strong>utiter</strong></span> <span class='ocrx_word' id='word_1_719' title='bbox 613 5348 768 5427; x_wconf 85' lang='lat' dir='ltr'><strong>accipiunt</strong></span> <span class='ocrx_word' id='word_1_720' title='bbox 779 5350 854 5412; x_wconf 89' lang='lat' dir='ltr'><strong>istas</strong></span> <span class='ocrx_word' id='word_1_721' title='bbox 870 5367 1049 5415; x_wconf 78' lang='lat' dir='ltr'><strong>roccsznam</strong></span> 
     </span>
     <span class='ocr_line' id='line_1_109' title="bbox 172 5423 1048 5513; baseline 0.018 -34"><span class='ocrx_word' id='word_1_722' title='bbox 172 5423 339 5513; x_wconf 82' lang='lat' dir='ltr'><strong>repudium</strong></span> <span class='ocrx_word' id='word_1_723' title='bbox 360 5432 470 5489; x_wconf 84' lang='lat' dir='ltr'><strong>record</strong></span> <span class='ocrx_word' id='word_1_724' title='bbox 484 5428 700 5493; x_wconf 87' lang='lat' dir='ltr'><strong>dimissionem</strong></span> <span class='ocrx_word' id='word_1_725' title='bbox 716 5436 779 5493; x_wconf 90' lang='lat' dir='ltr'><strong>tum</strong></span> <span class='ocrx_word' id='word_1_726' title='bbox 807 5446 955 5511; x_wconf 87' lang='lat' dir='ltr'><strong>sponsae,</strong></span> <span class='ocrx_word' id='word_1_727' title='bbox 984 5440 1048 5495; x_wconf 91' lang='lat' dir='ltr'><strong>tum</strong></span> 
     </span>
     <span class='ocr_line' id='line_1_110' title="bbox 175 5505 1048 5595; baseline 0.021 -36"><span class='ocrx_word' id='word_1_728' title='bbox 175 5505 266 5595; x_wconf 80' lang='lat' dir='ltr'><strong>ettam</strong></span> <span class='ocrx_word' id='word_1_729' title='bbox 282 5506 399 5581; x_wconf 81' lang='lat' dir='ltr'><strong>uxuris;</strong></span> <span class='ocrx_word' id='word_1_730' title='bbox 416 5510 580 5575; x_wconf 79' lang='lat' dir='ltr'><strong>divortium</strong></span> <span class='ocrx_word' id='word_1_731' title='bbox 592 5519 708 5587; x_wconf 88' lang='lat' dir='ltr'><strong>autem,</strong></span> <span class='ocrx_word' id='word_1_732' title='bbox 720 5512 934 5577; x_wconf 90' lang='lat' dir='ltr'><strong>dimissionem</strong></span> <span class='ocrx_word' id='word_1_733' title='bbox 949 5515 1048 5577; x_wconf 90' lang='lat' dir='ltr'><strong>soiius</strong></span> 
     </span>
     <span class='ocr_line' id='line_1_111' title="bbox 177 5589 1047 5679; baseline 0.022 -39"><span class='ocrx_word' id='word_1_734' title='bbox 177 5596 280 5645; x_wconf 79' lang='lat' dir='ltr'><strong>uxoris</strong></span> <span class='ocrx_word' id='word_1_735' title='bbox 295 5594 366 5679; x_wconf 82' lang='lat' dir='ltr'><strong>pust</strong></span> <span class='ocrx_word' id='word_1_736' title='bbox 380 5589 617 5668; x_wconf 73' lang='lat' dir='ltr'><strong>Matrimonium,</strong></span> <span class='ocrx_word' id='word_1_737' title='bbox 630 5595 696 5656; x_wconf 86' lang='lat' dir='ltr'><strong>sire</strong></span> <span class='ocrx_word' id='word_1_738' title='bbox 711 5596 812 5672; x_wconf 84' lang='lat' dir='ltr'><strong>quoad</strong></span> <span class='ocrx_word' id='word_1_739' title='bbox 830 5596 964 5672; x_wconf 89' lang='lat' dir='ltr'><strong>thorum,</strong></span> <span class='ocrx_word' id='word_1_740' title='bbox 978 5597 1047 5659; x_wconf 85' lang='lat' dir='ltr'><strong>sire</strong></span> 
     </span>
     <span class='ocr_line' id='line_1_112' title="bbox 175 5664 1044 5760; baseline 0.025 -39"><span class='ocrx_word' id='word_1_741' title='bbox 175 5664 277 5738; x_wconf 85' lang='lat' dir='ltr'><strong>quoad</strong></span> <span class='ocrx_word' id='word_1_742' title='bbox 292 5670 460 5748; x_wconf 89' lang='lat' dir='ltr'><strong>rroeutum,</strong></span> <span class='ocrx_word' id='word_1_743' title='bbox 478 5679 510 5735; x_wconf 93' lang='lat' dir='ltr'><strong>ut</strong></span> <span class='ocrx_word' id='word_1_744' title='bbox 524 5681 608 5753; x_wconf 83' lang='lat' dir='ltr'><strong>patet</strong></span> <span class='ocrx_word' id='word_1_745' title='bbox 619 5690 658 5739; x_wconf 84' lang='lat' dir='ltr'><strong>ex</strong></span> <span class='ocrx_word' id='word_1_746' title='bbox 673 5676 695 5739; x_wconf 90' lang='grc' dir='ltr'>ι.</span> <span class='ocrx_word' id='word_1_747' title='bbox 710 5676 792 5740; x_wconf 89' lang='lat' dir='ltr'><strong>inter</strong></span> <span class='ocrx_word' id='word_1_748' title='bbox 805 5681 960 5760; x_wconf 86' lang='lat' dir='ltr'><strong>stuprum,</strong></span> <span class='ocrx_word' id='word_1_749' title='bbox 976 5684 1008 5742; x_wconf 90' lang='lat' dir='ltr'><strong>et</strong></span> <span class='ocrx_word' id='word_1_750' title='bbox 1020 5679 1044 5743; x_wconf 91' lang='lat' dir='ltr'><strong>t.</strong></span> 
     </span>
    </p>
   </div>
   <div class='ocr_carea' id='block_1_19' title="bbox 0 0 2046 6275">
    <p class='ocr_par' dir='ltr' id='par_1_27' title="bbox 0 0 2046 6275">
     <span class='ocr_line' id='line_1_113' title="bbox 0 0 2046 6275; baseline 0 6"><span class='ocrx_word' id='word_1_751' title='bbox 0 0 2046 6275; x_wconf 95' lang='lat' dir='ltr'><strong> </strong></span> 
     </span>
    </p>
   </div>
   <div class='ocr_carea' id='block_1_20' title="bbox 1096 5354 2027 5767">
    <p class='ocr_par' dir='ltr' id='par_1_28' title="bbox 1096 5354 2027 5767">
     <span class='ocr_line' id='line_1_114' title="bbox 1096 5354 1992 5428; baseline 0.002 -13"><span class='ocrx_word' id='word_1_752' title='bbox 1096 5354 1454 5428; x_wconf 68' lang='lat' dir='ltr'><strong>omnipropemodum</strong></span> <span class='ocrx_word' id='word_1_753' title='bbox 1472 5356 1509 5417; x_wconf 88' lang='lat' dir='ltr'><strong>oh</strong></span> <span class='ocrx_word' id='word_1_754' title='bbox 1526 5356 1674 5419; x_wconf 76' lang='lat' dir='ltr'><strong>uxoribus</strong></span> <span class='ocrx_word' id='word_1_755' title='bbox 1689 5356 1908 5419; x_wconf 86' lang='lat' dir='ltr'><strong>dimittuntur</strong></span> <span class='ocrx_word' id='word_1_756' title='bbox 1926 5360 1992 5418; x_wconf 82' lang='lat' dir='ltr'><strong>riri:</strong></span> 
     </span>
     <span class='ocr_line' id='line_1_115' title="bbox 1097 5436 2027 5516; baseline 0.005 -19"><span class='ocrx_word' id='word_1_757' title='bbox 1097 5440 1198 5499; x_wconf 77' lang='lat' dir='ltr'><strong>minen</strong></span> <span class='ocrx_word' id='word_1_758' title='bbox 1214 5436 1297 5516; x_wconf 86' lang='lat' dir='ltr'><strong>quod</strong></span> <span class='ocrx_word' id='word_1_759' title='bbox 1310 5436 1460 5500; x_wconf 91' lang='lat' dir='ltr'><strong>Dominus</strong></span> <span class='ocrx_word' id='word_1_760' title='bbox 1474 5437 1514 5500; x_wconf 90' lang='lat' dir='ltr'><strong>de</strong></span> <span class='ocrx_word' id='word_1_761' title='bbox 1527 5437 1599 5501; x_wconf 83' lang='lat' dir='ltr'><strong>viris</strong></span> <span class='ocrx_word' id='word_1_762' title='bbox 1614 5437 1797 5507; x_wconf 64' lang='lat' dir='ltr'><strong>distichum</strong></span> <span class='ocrx_word' id='word_1_763' title='bbox 1809 5439 1859 5498; x_wconf 85' lang='lat' dir='ltr'><strong>ad</strong></span> <span class='ocrx_word' id='word_1_764' title='bbox 1880 5438 1994 5501; x_wconf 86' lang='lat' dir='ltr'><strong>toemi·</strong></span> <span class='ocrx_word' id='word_1_765' title='bbox 2026 5444 2027 5447; x_wconf 76' lang='grc'>’</span> 
     </span>
     <span class='ocr_line' id='line_1_116' title="bbox 1096 5518 1994 5600; baseline 0.002 -22"><span class='ocrx_word' id='word_1_766' title='bbox 1096 5532 1151 5579; x_wconf 90' lang='lat' dir='ltr'><strong>nas</strong></span> <span class='ocrx_word' id='word_1_767' title='bbox 1167 5519 1309 5597; x_wconf 88' lang='lat' dir='ltr'><strong>pertinet.</strong></span> <span class='ocrx_word' id='word_1_768' title='bbox 1327 5519 1398 5581; x_wconf 85' lang='lat' dir='ltr'><strong>iiam</strong></span> <span class='ocrx_word' id='word_1_769' title='bbox 1415 5520 1582 5598; x_wconf 79' lang='lat' dir='ltr'><strong>Apostolus</strong></span> <span class='ocrx_word' id='word_1_770' title='bbox 1595 5521 1623 5583; x_wconf 90' lang='grc' dir='ltr'>ι.</span> <span class='ocrx_word' id='word_1_771' title='bbox 1646 5518 1717 5581; x_wconf 81' lang='lat' dir='ltr'><strong>Gor.</strong></span> <span class='ocrx_word' id='word_1_772' title='bbox 1745 5518 1776 5579; x_wconf 81' lang='lat' dir='ltr'><strong>i.</strong></span> <span class='ocrx_word' id='word_1_773' title='bbox 1803 5526 1994 5600; x_wconf 82' lang='lat' dir='ltr'><strong>utrumque</strong></span> 
     </span>
     <span class='ocr_line' id='line_1_117' title="bbox 1096 5599 1995 5681; baseline 0.009 -21"><span class='ocrx_word' id='word_1_774' title='bbox 1096 5599 1183 5661; x_wconf 82' lang='lat' dir='ltr'><strong>dixit:</strong></span> <span class='ocrx_word' id='word_1_775' title='bbox 1201 5600 1371 5678; x_wconf 76' lang='grc' dir='ltr'>Ριαιοιριο</span> <span class='ocrx_word' id='word_1_776' title='bbox 1386 5616 1536 5681; x_wconf 78' lang='lat' dir='ltr'><strong>nonepe,</strong></span> <span class='ocrx_word' id='word_1_777' title='bbox 1550 5602 1609 5665; x_wconf 84' lang='lat' dir='ltr'><strong>aed</strong></span> <span class='ocrx_word' id='word_1_778' title='bbox 1630 5601 1814 5676; x_wconf 81' lang='lat' dir='ltr'><strong>Dominus,</strong></span> <span class='ocrx_word' id='word_1_779' title='bbox 1834 5616 1995 5667; x_wconf 68' lang='lat' dir='ltr'><strong>umorem</strong></span> 
     </span>
     <span class='ocr_line' id='line_1_118' title="bbox 1096 5683 1994 5767; baseline 0.004 -22"><span class='ocrx_word' id='word_1_780' title='bbox 1096 5683 1285 5747; x_wconf 77' lang='lat' dir='ltr'><strong>emronon</strong></span> <span class='ocrx_word' id='word_1_781' title='bbox 1299 5683 1477 5767; x_wconf 67' lang='lat' dir='ltr'><strong>decedere,</strong></span> <span class='ocrx_word' id='word_1_782' title='bbox 1493 5685 1740 5749; x_wconf 81' lang='lat' dir='ltr'><strong>etuirrracorem</strong></span> <span class='ocrx_word' id='word_1_783' title='bbox 1767 5698 1851 5749; x_wconf 83' lang='lat' dir='ltr'><strong>non</strong></span> <span class='ocrx_word' id='word_1_784' title='bbox 1877 5688 1994 5749; x_wconf 76' lang='lat' dir='ltr'><strong>dimit</strong></span> 
     </span>
    </p>
   </div>
  </div>
 </body>
</html>
