4084 6275
813 370 907 429 ltuutt
927 372 1047 433 uetitus
1679 370 1716 425 ee

71 510 205 573 itteram
220 505 494 578 instrumentalem,
511 504 566 568 sed
595 504 788 571 instrumenti
812 522 885 568 oon·
928 512 1029 591 potest
1042 504 1092 567 bis
1105 501 1285 569 rationibus.
1301 504 1458 580 Primein
1473 504 1639 586 seripturis
1659 504 1791 587 upostoti

35 594 146 666 iuneti,
158 593 190 655 in
206 608 264 666 qna
280 591 388 653 dicunt
401 604 471 650 esse
485 592 662 668 potestatem
672 588 882 651 excellentiae.
929 608 990 655 non
1006 593 1148 653 vocantur
1162 590 1220 652 nisi
1236 590 1478 667 dispensatores,
1491 597 1522 654 et
1534 588 1663 652 ministri
1675 596 1790 667 mpstc·

32 676 166 739 l'ertiam
191 673 478 743 instrumentalem,
506 671 561 742 sed
582 670 773 733 instrumenti
799 686 886 750 sepa·
928 676 1042 738 riorum
1057 670 1160 745 Ilei,ut
1175 672 1203 733 l.
1220 670 1389 735 Corinthi.
1407 674 1459 736 Sic
1480 689 1540 737 nos
1562 672 1722 735 existimet
1736 670 1791 734 bo·

33 761 114 837 rati3
146 760 178 821 in
202 774 262 838 que
276 756 383 819 dicunt
405 770 475 817 esse
503 757 681 834 potestatem
706 753 887 817 ministeria·
930 772 994 828 mo,
1008 760 1046 818 ιιι
1058 754 1222 816 ministros
1237 749 1360 827 christi,
1378 762 1408 818 el
1428 758 1664 837 dispensatores
1676 760 1791 836 myste-

34 844 109 903 lcm.
930 841 1056 903 riorum
1070 835 1211 899 licium
1227 836 1318 914 igitur
1330 837 1526 901 instituerunt
1537 839 1609 916 ipsi.
1623 838 1677 899 sed
1693 838 1794 899 solnm

71 924 175 987 Prima
188 938 297 985 ceusu
311 920 445 983 omnium
460 932 613 982 consensu
637 922 685 981 est
699 917 790 994 bene,
819 917 888 997 ipse
932 921 1170 1000 promulgarunt,
1188 926 1218 982 et
1238 918 1448 983 ministrarunt
1468 926 1656 984 sacramenta
1678 918 1796 1004 uchri·

32 1010 116 1068 enim
134 1008 222 1069 sotus
237 1020 273 1067 er
287 1004 462 1067 auctoritate
477 1002 603 1082 gretiam
630 1000 703 1063 dore
731 1006 841 1079 potest,
858 1006 889 1062 et
933 1012 979 1069 ste
994 1003 1142 1065 instituta.

30 1090 166 1167 1404440
180 1092 367 1150 §iuramenti
384 1086 554 1153 4484440044,
571 1097 649 1161 uuae
674 1083 799 1161 gratiam
825 1082 888 1145 eul-
974 1084 1137 1167 Secundo:
1155 1083 1348 1146 Sacramenta
1364 1084 1442 1163 lepis
1458 1084 1596 1148 retorisa
1613 1085 1678 1146 lieo
1691 1084 1798 1146 imme·

30 1176 131 1241 cinni,
148 1172 304 1233 autetiam
319 1166 518 1230 infallibiliter
531 1163 715 1243 signillcant.
745 1165 884 1227 Secunda
934 1169 1013 1230 diate
1025 1174 1097 1230 sunt
1110 1167 1257 1230 institute.
1274 1184 1288 1227 a
1305 1167 1407 1243 llopse
1422 1175 1522 1230 antem
1542 1170 1644 1230 solum
1660 1169 1792 1242 promot-

31 1270 146 1315 raussa
162 1260 211 1315 est
225 1252 362 1315 cbristus
376 1256 409 1311 ut
422 1246 638 1327 bom03tltrrlsti
653 1248 734 1307 enim
752 1246 888 1309 buerant·
934 1259 1011 1331 pate,
1028 1256 1061 1312 ut
1075 1256 1157 1329 patet
1172 1266 1209 1310 er
1230 1248 1317 1309 tibris
1332 1248 1425 1311 Exodi
1441 1257 1471 1310 et
1485 1250 1620 1316 Lerittci.
1639 1251 1691 1312 ubi
1713 1266 1796 1312 sem·

31 1347 76 1398 ras
91 1344 141 1399 est
157 1337 394 1399 instrumentum
408 1331 604 1411 eonjunctum
618 1329 765 1391 divinitati
793 1331 888 1410 lappo-
935 1350 990 1413 per
1005 1350 1073 1395 oum
1089 1332 1202 1411 aliquid
1218 1334 1286 1392 nori
1300 1332 1624 1413 instituiturieginrus:
1640 1332 1799 1413 Loquutns

31 1420 155 1486 statice.
171 1416 419 1481 etidcounristo
432 1421 466 1477 ut
485 1413 599 1475 bomini
622 1412 768 1473 tribuitur
796 1428 887 1492 queo·
936 1423 983 1479 est
1002 1416 1149 1477 bominns
1170 1415 1207 1476 ad
1229 1414 1375 1493 lloyseme
1396 1416 1492 1477 mollo
1514 1416 1604 1504 igitur
1627 1414 1722 1494 magis
1744 1432 1799 1494 por

32 1504 105 1563 dam
119 1506 258 1582 potestas
273 1497 481 1561 ministerialis
496 1496 631 1573 quidem,
658 1494 726 1573 quin
757 1494 888 1556 desirate
935 1504 1046 1565 eratut
1056 1502 1244 1561 sacramenta
1256 1513 1351 1559 norae
1363 1498 1441 1577 legis
1452 1498 1667 1577 praestantiora
1678 1497 1718 1560 eb
1730 1499 1800 1577 ipso

34 1592 82 1646 ost
96 1602 112 1645 a
128 1583 297 1653 diripitete,
311 1587 412 1643 tamen
426 1578 623 1642 excellentiae
638 1581 772 1656 potestas
783 1576 893 1640 dicitur
935 1582 999 1646 ben
1011 1580 1255 1643 instituerentur.

34 1667 106 1745 quin
122 1667 182 1728 soti
207 1664 325 1727 cbristo
339 1664 491 1727 convenit.
507 1659 605 1723 'lertio
632 1674 738 1722 caussa
764 1665 812 1722 est
825 1661 892 1737 qui·
976 1664 1090 1735 Tertio,
1111 1662 1143 1724 id
1158 1662 1261 1723 Patres
1282 1659 1441 1724 alllrmant.
1458 1661 1636 1741 cyprianus.
1650 1658 1715 1725 sire
1729 1660 1798 1741 qui·

36 1750 114 1811 libet
128 1748 209 1811 alins
229 1748 368 1809 minister
387 1750 654 1807 sacrementorom.
681 1742 723 1803 lle
739 1742 769 1804 t.
784 1757 893 1805 oausse
936 1744 1287 1827 eumqueestauetos,in
1299 1746 1488 1807 sermonede
1500 1744 1657 1825 ablutione
1669 1745 1795 1821 pedum:

35 1832 119 1892 ιιιιΙΙιι
142 1838 193 1893 esi
206 1830 356 1912 quaestio,
372 1828 412 1891 de
425 1828 457 1889 2.
472 1840 533 1889 unu
559 1824 762 1889 eonlrulerslu
778 1829 836 1901 est,
854 1823 893 1887 de
935 1832 1019 1909 Ipse.
1035 1830 1143 1906 inquit,
1153 1842 1299 1890 summus
1309 1828 1462 1890 sacerdes
1475 1830 1528 1889 sui
1539 1834 1584 1890 eet
1603 1826 1804 1890 sacramente·

35 1915 66 1977 3·
83 1920 161 1975 4444·
935 1914 1101 1977 institutor
1113 1918 1142 1974 et
1155 1910 1325 1973 ιιιιιιιιιειιι
1338 1912 1471 1972 coeteris
1485 1910 1631 1974 homines
1643 1909 1802 1989 δριιιιιιιιι

74 1996 173 2058 Prima
188 1993 281 2073 igitur
292 1992 429 2075 quaestio
441 1996 505 2067 est3
518 1990 559 2053 ln
575 1994 680 2051 auctor
692 1992 894 2051 sacromentu-
935 2000 1086 2060 sanetum
1100 1992 1241 2057 haeum
1253 1994 1426 2057 nesteron,
1442 1992 1498 2054 Upi
1515 1994 1602 2055 pines
1625 2008 1686 2055 110„
1702 2009 1804 2055 sam.

33 2096 100 2141 4444
115 2092 215 2141 40444
229 2077 307 2157 44444
321 2076 362 2139 444
382 2074 467 2138 40444
488 2072 637 2137 cbristus.
652 2070 819 2135 4444444444
833 2070 895 2132 400
937 2076 1272 2155 menla(utllemnitios
1282 2074 1558 2152 talsuoitabat),scd
1568 2075 1803 2151 quosdamolios

33 2162 184 2238 quaedum
196 2160 319 2223 docent·
332 2159 441 2221 Primo:
453 2156 657 2223 5000444444,
670 2168 748 2230 (1000
758 2155 823 2215 4040
836 2154 895 2231 lusi
937 2162 1014 2226 ritus
1026 2162 1064 2223 ab
1076 2159 1252 2223 bominibus
1263 2158 1559 2225 institutos.auctore
1569 2156 1802 2239 Cyprianelm·

32 2260 101 2306 rera
117 2246 308 2305 sacramenta
323 2246 439 2323 putant,
452 2256 468 2299 a
481 2238 547 2300 solo
562 2235 680 2299 cbristo
692 2250 762 2299 esse
777 2236 894 2297 instito·
937 2244 1062 2309 prosius
1075 2244 1130 2306 ιιι),
1146 2242 1177 2305 ι,
1194 2242 1233 2304 de
1253 2240 1451 2304 sacrementis
1472 2258 1539 2317 cap,
1556 2240 1587 2303 ι,
1610 2239 1739 2311 Ampor,
1757 2240 1803 2303 tn.

32 2334 59 2387 tn
74 2372 82 2391 .
99 2326 246 2389 nimirum
262 2325 446 2404 baptismum
465 2326 495 2384 el
518 2316 739 2385 llucbaristiam
753 2362 762 2393 ,
777 2323 896 2381 caetere
938 2328 1014 2407 quit,
1031 2330 1307 2390 sacramentor-nnn
1320 2323 1392 2402 qnis
1413 2327 1469 2400 est,
1489 2324 1557 2387 nisi
1575 2322 1732 2387 bomem
1751 2324 1803 2386 ιθ.

32 2424 92 2470 non
109 2426 125 2468 a
142 2406 265 2470 cbristo
279 2407 425 2469 instituta.
446 2403 488 2465 lte
504 2403 615 2464 docent
635 2399 777 2463 Caluinus
791 2400 821 2462 in
838 2401 896 2463 dn·
938 2409 1215 2487 mp‘pugusppus
1229 2406 1285 2468 ιιι,
1300 2406 1331 2467 3,
1354 2406 1600 2470 (inopemque,
1622 2422 1691 2485 0³9,
1706 2406 1738 2469 9,
1756 2406 1802 2469 dp.

34 2492 130 2553 tidoto
145 2490 291 2563 concilii,
305 2504 387 2553 sess.
405 2487 433 2549 l.
449 2502 517 2549 can.
536 2482 797 2546 beritensium
817 2484 848 2544 in
864 2483 895 2545 2.
940 2494 982 2557 pq
1009 2493 1106 2572 primo
1127 2490 1227 2571 ipsum
1249 2487 1430 2559 nominum,
1460 2488 1573 2552 deinde
1597 2489 1802 2566 ppospopfflm

33 2572 284 2652 perilixamiuis,
300 2588 371 2651 pag.
389 2568 438 2632 44·
454 2568 530 2632 44444
543 2574 642 2629 44444444
658 2566 827 2628 4444444444
842 2563 896 2645 444·
940 2574 1132 2657 disciplinam
1155 2572 1316 2636 tradidisse
1331 2570 1476 2633 lloelesiis
1498 2579 1699 2634 sacramenta.
1716 2571 1802 2634 ldem

34 2658 186 2734 priapum,
201 2656 233 2717 40
245 2668 388 2718 sermone
399 2651 439 2715 44
450 2648 605 2713 4444444044
617 2647 741 2728 444443
754 2647 826 2710 4444
837 2648 898 2709 444·
940 2657 972 2722 in
998 2659 1089 2736 epist.
1117 2654 1186 2719 lle.
1208 2671 1277 2734 cap.
1301 2654 1330 2716 l.
1367 2659 1625 2717 sacramentorum
1647 2660 1803 2717 auctorem

33 2755 158 2813 genem,
176 2736 232 2801 tib.
255 2737 287 2800 2.
303 2737 342 2799 de
363 2730 571 2802 eaeremoniis,
588 2747 653 2810 par.
671 2730 720 2793 li.
737 2746 805 2811 nep.
820 2730 851 2792 2.
867 2734 899 2793 et
942 2742 1039 2805 psum
1053 2738 1136 2803 facit,

34 2822 158 2883 Pelium
171 2812 664 2894 4044484444,4444.4.(4484.23.ι]ιι4
674 2820 786 2891 ssessdnl
796 2812 897 2875 omnia
981 2822 1025 2886 Ad
1038 2820 1211 2885 testimonia
1226 2834 1308 2896 pepo,
1324 2832 1402 2898 quae
1416 2818 1528 2892 aliegat
1547 2818 1730 2890 Kpmniiius,
1748 2818 1805 2880 Rp.

37 2910 231 2965 §duramenta
253 2920 269 2964 d
291 2900 412 2963 Cbrislo
434 2896 693 2961 institutemisse.
717 2895 835 2957 44040144
848 2895 899 2957 ad·
941 2906 1151 2984 spondemus:
1168 2900 1548 2983 Cypriapumqontpapium
1564 2901 1689 2964 habere,
1709 2906 1805 2965 uisu.

36 2988 108 3049 dere
123 2986 327 3047 Alexandrum
344 2983 496 3051 4404804.
512 2978 565 3059 444
579 2978 610 3040 4·
626 2982 823 3073 4444444444·
844 2978 897 3040 44·
940 3007 993 3069 pra
1015 2987 1226 3059 ostendimus,
1249 2984 1408 3065 lingonum
1429 2991 1577 3047 autemst
1600 2982 1804 3047 lombardum

37 3068 177 3131 444444
193 3069 223 3129 4·
240 3068 324 3141 44444,
337 3068 561 3144 4404444444,
575 3058 816 3123 4444444444444444
831 3067 900 3138 4444
941 3087 997 3154 per
1017 3070 1238 3133 institntionem
1254 3068 1425 3146 intelligere
1436 3067 1572 3129 voluisse
1588 3066 1803 3147 promulgatio·

38 3159 166 3214 mortem
187 3151 394 3230 apostolorum
416 3145 584 3209 institutum
609 3159 680 3206 esse
701 3141 898 3206 ab'llcolesia
942 3151 1365 3235 n0m3quom0d0qiam101
1386 3157 1473 3213 verus
1489 3151 1600 3212 propp„
1614 3150 1663 3212 rex
1677 3147 1802 3231 1105313,

38 3237 66 3296 in
83 3234 221 3296 concillo
235 3233 398 3297 meldensi·
413 3231 498 3293 idem
513 3227 626 3290 sentire
638 3227 756 3289 ridetur
768 3242 795 3287 S.
804 3227 898 3289 Bollu-
942 3255 1010 3301 pum
1025 3244 1125 3299 lamen
1136 3251 1202 3298 epm
1214 3234 1334 3314 Moyses
1347 3250 1406 3293 lltlil
1420 3233 1585 3295 instituerit
1596 3237 1731 3310 propp-ip·
1745 3232 1802 3296 sed

40 3325 178 3384 4404044·
192 3317 225 3378 44
246 3316 277 3378 4·
293 3315 365 3378 4444·
388 3313 419 3376 4·
434 3318 488 3376 444·
511 3312 541 3372 4·
557 3314 675 3386 quaest.
696 3310 725 3370 4·
742 3308 897 3371 4444444444
941 3327 1058 3382 tantum
1072 3317 1319 3400 promotpareru.
1334 3315 1420 3378 ldem
1441 3315 1620 3394 responderi
1644 3320 1745 3393 potest
1766 3315 1804 3377 ad

37 3403 117 3462 4444
134 3399 316 3474 4444444444
328 3401 446 3476 4444444·
462 3393 512 3457 59·
529 3392 642 3454 4444444·
658 3389 688 3453 4·
700 3398 730 3454 44
745 3391 898 3486 44444404·
941 3419 1046 3466 eorum
1059 3401 1243 3468 testimonia.
1258 3400 1309 3478 qni
1325 3399 1441 3467 dierunt,
1457 3403 1679 3460 sacmmentom
1696 3397 1807 3461 Poeni·

39 3491 102 3544 tura
117 3483 191 3544 44444
210 3481 260 3542 44·
286 3487 343 3542 444·
361 3481 390 3542 4·
405 3481 524 3560 4444444·
546 3475 576 3537 3·
599 3481 630 3537 44
649 3473 799 3570 4444444444
820 3473 851 3536 44
866 3473 897 3536 4·
941 3485 1055 3548 tentiae
1069 3484 1108 3548 eb
1124 3482 1270 3562 apostolis
1284 3481 1465 3543 institutum.
1481 3480 1553 3543 Narn
1577 3480 1670 3542 iidem
1686 3479 1802 3556 dicent,

38 3573 157 3644 4444444·
176 3564 227 3626 44·
243 3561 365 3634 440444,
381 3565 601 3623 sacramentum
615 3557 823 3619 4044444444
838 3571 897 3620 004
942 3567 1094 3630 Christum
1116 3564 1285 3628 instituisse
1306 3565 1552 3634 Absolutionem,
1576 3568 1606 3626 el
1628 3561 1804 3627 insinuasse

39 3649 134 3710 404454
150 3663 167 3706 4
183 3645 303 3708 Christo
317 3643 498 3714 institutum,
515 3640 569 3703 sed
585 3640 624 3702 44
639 3639 809 3734 4444444444,
943 3649 1189 3713 contessionem:
1213 3647 1355 3724 quocirca
1379 3661 1439 3708 non
1460 3651 1519 3708 tem
1541 3645 1721 3725 relinquunt
1735 3663 1807 3726 apo·

78 3731 234 3792 444444444
248 3741 382 3790 444444
397 3725 479 3786 44444
490 3723 591 3801 posuit
601 3722 762 3784 4444444444
774 3719 896 3810 iridem.
942 3733 1030 3794 stolis
1044 3731 1276 3793 institutionem.
1289 3746 1379 3809 qnam
1391 3727 1637 3799 declarationem,
1654 3727 1728 3791 lieet
1743 3729 1805 3808 ipsi

40 3829 120 3874 4444·
137 3813 170 3874 4·
186 3825 336 3874 0440444
352 3810 381 3870 4·
395 3808 445 3888 qui
461 3805 529 3869 44444
543 3809 590 3867 444
602 3821 610 3865 ²
624 3803 661 3866 44
673 3805 746 3886 4444
764 3804 895 3878 duent,
941 3831 1007 3876 eam
1029 3819 1139 3878 recent
1158 3807 1391 3882 institutionem.
1413 3811 1505 3873 Porro
1525 3810 1607 3889 quod
1629 3808 1715 3888 ajunt
1737 3811 1804 3875 lte·

41 3900 251 3957 socramenln
263 3907 368 3955 44444
381 3891 481 3968 44444·
501 3904 570 3952 non
584 3902 650 3950 4444
664 3887 776 3949 444444
792 3902 814 3948 4
827 3885 903 3948 44444
943 3899 1057 3964 nander
1072 3903 1102 3958 el
1113 3896 1321 3958 Beneventum
1337 3895 1375 3956 de
1390 3897 1580 3955 sacramento
1595 3889 1805 3957 centenario·

42 3976 312 4040 44440404404440
324 3969 779 4043 0044040444444,040444440
791 3967 902 4043 4444404
943 3981 993 4041 nis
1006 3978 1154 4052 ,delendi
1176 3993 1237 4039 non
1253 3981 1364 4056 potest.
1381 3975 1504 4039 constat
1524 3973 1607 4038 eninr
1630 3978 1804 4040 tes'tlmonio

40 4077 138 4122 eanon
154 4075 220 4121 non
234 4057 327 4120 debet
340 4057 380 4118 ita
394 4054 534 4134 intelligi,
550 4052 636 4131 qnasi
652 4049 815 4114 concilium
830 4051 903 4114 retii
943 4063 1069 4126 pantani
1084 4077 1192 4141 papae,
1204 4058 1338 4139 llioepsii
1351 4059 1553 4139 areopagitae.
1567 4056 1719 4138 Cypriani,
1732 4059 1805 4121 uer.

39 4149 230 4205 sacmmenlil
244 4139 380 4202 instituta
395 4153 465 4201 esse
479 4153 494 4197 e
510 4135 629 4199 (44444540
649 4133 837 4207 immediate,
853 4133 901 4196 Vbi
943 4145 1073 4214 iquiltll.
1089 4151 1119 4206 pi
1133 4143 1260 4206 filippum
1281 4150 1428 4209 ueterum,
1444 4147 1667 4203 sacramenium
1689 4139 1804 4206 Cppflp.

40 4227 185 4302 44444444
201 4223 257 4286 444
273 4223 371 4285 444444
387 4219 577 4282 4444444444
592 4233 659 4280 444
671 4215 784 4295 4444444
799 4216 900 4278 40404·
943 4227 1085 4290 metionis
1097 4227 1192 4290 tuisse
1207 4227 1258 4288 dio
1273 4229 1341 4287 anie
1363 4225 1484 4287 concilii
1506 4223 1673 4286 meldensis
1687 4228 1805 4303 tempo·

39 4309 111 4370 444·
127 4307 241 4369 trustra
256 4319 406 4368 aaronem
427 4302 517 4364 esrum
539 4299 710 4379 posonem
726 4313 796 4360 eom
812 4311 901 4360 nemo
943 4328 987 4373 n.
1013 4309 1088 4371 rrae
1116 4307 1293 4388 oronnam
1315 4308 1354 4370 ee
1375 4306 1584 4370 ecelesiastica
1619 4305 1800 4384 aserenon,

40 4407 177 4469 unquam
187 4384 460 4464 dubitarentque
473 4385 580 4446 sallem
588 4381 718 4444 mediate
729 4395 901 4442 sacramen·
944 4409 1013 4472 pap,
1030 4391 1069 4454 dp
1083 4391 1245 4467 napppsmo,
1261 4389 1476 4452 perquirimus„
1499 4389 1554 4451 pp,
1577 4388 1617 4451 (ιο
1637 4397 1802 4452 pesum·

41 4481 89 4534 tna
102 4473 168 4534 Deo
178 4473 242 4534 sint
253 4467 538 4532 insliluleJ’raetere
550 4464 632 4528 4444444
644 4462 901 4560 40444444448488.
944 4475 1056 4547 cappis,
1069 4475 1233 4536 Fabianum
1245 4473 1275 4534 Ῑῃ
1288 4471 1378 4551 episi,
1392 4473 1429 4532 ad
1440 4468 1803 4552 opientqieffiyppiqnum

43 4557 92 4616 tt.
108 4573 182 4617 cen.
201 4555 231 4615 l.
244 4565 339 4630 agens
361 4555 399 4611 de
420 4556 608 4612 sacramento
629 4547 784 4609 tinctionis
805 4553 901 4642 extre·
943 4557 1153 4634 111‚,2‚0ptsp‚
1170 4558 1198 4617 ι,
1213 4562 1243 4617 er
1258 4557 1287 4616 ιῃ
1304 4571 1397 4617 serm,
1411 4555 1449 4615 qe
1470 4553 1649 4617 cpe-umere,
1665 4553 1726 4614 sed
1749 4569 1803 4619 pp.

42 4655 120 4700 mae.
138 4638 278 4716 seipsum
293 4635 434 4711 explicui,
451 4647 519 4694 404
542 4633 602 4691 4444
619 4627 845 4692 8444444444
866 4630 901 4691 14·
945 4656 1005 4719 qne
1021 4639 1183 4702 concilium
1199 4637 1273 4700 illud
1289 4637 1370 4700 aliud
1386 4637 1498 4706 statuit,
1514 4637 1572 4698 nist
1587 4643 1621 4697 nt
1633 4635 1686 4714 qui
1701 4635 1738 4696 ad
1753 4653 1803 4699 sa·

42 4722 94 4783 444
109 4722 149 4783 44
165 4721 234 4798 4444
248 4717 368 4780 44444444
381 4717 549 4778 institutum
571 4713 686 4789 444444,
709 4709 764 4808 444
779 4727 794 4772 4
809 4710 841 4772 44·
853 4709 901 4774 44·
945 4727 1132 4784 crementum
1147 4719 1388 4784 confirmationis
1400 4720 1559 4792 accedunt,
1569 4716 1669 4798 jejuni
1684 4717 1755 4794 sint,
1768 4727 1803 4782 nl

44 4805 121 4866 40440
145 4803 286 4880 44044044
306 4799 540 4879 4044444444·
564 4795 721 4876 4444444444
740 4809 765 4856 ⁵¹
786 4797 901 4889 4444044
944 4811 1028 4887 patet
1047 4820 1084 4865 ex
1107 4801 1256 4875 Gratiano,
1279 4821 1348 4867 cen.
1370 4802 1407 4864 tlt
1427 4803 1574 4882 episcopi,
1598 4803 1637 4864 de
1659 4815 1799 4865 conseer.

44 4887 177 4948 mediate
192 4883 331 4949 Christus
345 4887 531 4944 sacramenta
543 4879 734 4950 instituisset,
747 4876 826 4939 idem
840 4874 901 4936 drei
945 4889 1016 4950 dist.
1033 4885 1063 4948 5,
1078 4902 1137 4948 „00
1151 4886 1231 4948 enim
1253 4887 1333 4949 „pud
1356 4889 1434 4949 emp
1454 4901 1490 4947 01
1511 4883 1570 4947 ΜΘ
1591 4882 1733 4947 commo,
1753 4883 1802 4950 po

47 4976 153 5046 i⁰⁵⁵0l
169 4968 209 5030 44
224 4963 442 5038 4444444444,
459 4971 489 5025 44
503 4963 542 5025 44
556 4963 623 5025 aliis
637 4959 780 5022 4444444
801 4971 901 5052 44444·
945 4971 1003 5036 bae
1017 4973 1077 5031 tola
1092 4970 1269 5044 quaestione
1282 4970 1368 5048 ptura
1390 4967 1541 5042 dicentur,
1558 4983 1628 5030 eum
1642 4966 1683 5030 de
1696 4966 1802 5048 siopo-

44 5052 156 5114 moniis
171 5047 532 5113 ecclesiasticisromnes
553 5045 633 5107 enim
655 5048 726 5105 sunt
747 5057 763 5102 a
785 5040 902 5102 cbristo
946 5055 984 5118 ps
998 5053 1195 5117 sacramentis
1209 5056 1326 5132 agetur,

44 5135 173 5196 orediete
184 5130 424 5210 institutaeque
437 5130 578 5192 nimirum
590 5123 674 5188 dedii
684 5123 837 5186 eeclesiae
850 5139 902 5201 po·

40 5223 178 5281 testatem
194 5213 386 5286 instituendi,
402 5219 431 5275 et
451 5209 616 5288 inspirarit,
633 5215 665 5272 ut
678 5207 859 5300 institueret,
875 5211 905 5267 et
1255 5223 1374 5288 (Ἄρῃ
1387 5224 1491 5288 mv·
1568 5213 1571 5220 ·

44 5319 79 5362 ne
94 5304 213 5362 erraret
227 5299 257 5358 tn
272 5296 472 5371 instituendm
486 5301 515 5358 et
529 5300 628 5354 tamen
645 5291 724 5353 idem
740 5287 904 5352 concilium

46 5399 102 5444 non
126 5383 238 5445 eodem
260 5379 352 5440 modo
373 5377 507 5458 loquitur
527 5376 565 5439 de
587 5373 805 5443 sacrementis,
823 5368 905 5432 etde
950 5401 1131 5468 mmmm,
1144 5403 1419 5463 ,mmmmm
1431 5358 1638 5462 ordinarium
1650 5413 1719 5462 Μ
1733 5413 1799 5465 2333

46 5469 109 5528 aliis
124 5461 341 5527 caeremoniis.
357 5459 430 5523 llam
452 5475 531 5524 sess.
547 5458 598 5520 il.
621 5473 688 5536 eap.
704 5457 735 5518 2.
751 5453 834 5522 dicit,
852 5454 906 5515 lle·
1050 5483 1199 5548 mmet
1211 5481 1373 5544 hominem
1387 5481 1485 5544 etiam
1497 5481 1539 5544 ba
1562 5481 1708 5544 mum·

48 5550 169 5610 etesium
184 5546 298 5608 babere
313 5549 493 5624 potestatem
514 5541 660 5612 mutandi,
677 5545 706 5601 el
727 5537 903 5600 instituendi
1031 5503 1049 5565 4
1537 5497 1560 5562 4)

49 5632 122 5692 circe
138 5633 340 5698 sacramenta,
356 5626 549 5690 salvatamen
565 5639 668 5688 cerum
684 5618 861 5686 5044400444·
978 5627 1073 5690 litera
1086 5627 1224 5707 quaestio
1231 5630 1279 5688 est
1289 5625 1446 5688 decansss
1459 5622 1647 5687 ministeriali
1657 5624 1689 5686 in
1701 5638 1799 5686 sacre·

87 5711 168 5782 llaec
180 5710 437 5794 igiturrerissime
450 5706 719 5774 coneilisenteottn
732 5698 905 5770 eunirmnri
951 5711 1063 5777 monus
1084 5708 1284 5776 conficiendis
1304 5714 1335 5774 et
1353 5708 1572 5787 ministrandis,
1586 5707 1657 5790 quis
1678 5709 1801 5790 proprie
