4084 6275
257 322 313 380 tel)
884 315 928 374 DE
946 312 1111 377 exibente
1129 312 1296 372 bttc'ttonc

183 473 294 522 omnes
306 451 473 531 explicent.
490 450 619 524 Quidum
636 466 707 514 esse
722 451 828 516 rolunt
852 457 977 530 peccota
998 467 1051 516 re·
1096 447 1261 512 concilium
1278 446 1478 510 tridentinum
1492 462 1585 526 supra
1601 447 1772 523 citatum,ct
1786 444 1988 512 sinuosos,

183 538 347 614 nialia-3sed
363 532 620 613 improbabiliter:
637 550 708 596 nam
724 551 759 598 ea
776 540 906 614 possunt
920 534 990 597 sine
1001 552 1048 597 sa·
1095 548 1166 595 cum
1182 531 1234 592 ait:
1251 530 1418 596 Alleciobil
1432 545 1506 594 econ
1517 529 1686 594 Dominam.
1702 532 1774 594 llam
1791 547 1824 594 s.
1837 529 1991 592 lacobus

183 626 341 687 eramento
356 618 529 689 deiecisse
543 617 580 679 ad
596 632 632 676 ea
647 618 779 689 tollenda
796 617 962 696 requiritur
973 633 1049 679 nora
1096 613 1280 676 brevissime
1295 629 1405 678 omues
1422 619 1484 676 tres
1499 611 1629 677 ellectus
1655 614 1850 676 sacramenti
1886 612 1990 690 hujus

183 707 299 769 inlusio
314 702 440 782 gratiae,
456 713 536 778 quae
559 704 606 762 est
631 697 762 766 ellectus
787 702 924 766 omnium
950 717 1052 764 sacro·
1097 698 1323 775 complectitur,
1339 714 1375 758 ao
1388 697 1487 760 Primo
1502 691 1611 773 incipit
1634 697 1847 769 alerissimc,
1870 694 1965 756 idest
1982 709 1991 765 3

186 793 372 854 mentorum.
386 783 493 860 ltaque
509 782 536 844 sl
552 781 579 843 is
600 790 683 846 esset
708 782 838 846 elieclus
862 787 1054 862 proprisset
1096 798 1111 840 a
1128 782 1260 840 sanitate
1276 778 1440 860 corporali,
1454 794 1525 842 cum
1539 778 1595 842 ait:
1612 779 1721 844 Orclio
1735 777 1821 858 fidei
1834 775 1993 842 salecto

184 871 370 951 praecipuus
383 865 476 944 hujus
491 863 727 938 doctissumus
738 865 827 928 iacile
839 867 970 945 probaro
982 880 1053 944 pos·
1095 863 1282 940 infirmum.
1300 861 1444 925 Secundo
1459 861 1546 924 addit
1559 861 1599 924 de
1615 878 1677 924 uno
1692 878 1815 940 genere
1830 861 1994 939 reliquia·

186 966 374 1017 semos‘eam
389 963 461 1011 esse
475 955 711 1021 sacramentum,
729 964 788 1017 nec
811 948 946 1012 lacobus
969 949 1053 1012 dice·
1097 961 1177 1007 rum:
1194 946 1234 1009 lit
1248 943 1413 1009 alleviabit
1433 960 1510 1008 eum
1524 944 1693 1007 Dominus.
1710 944 1819 1008 lartio
1836 944 1938 1006 addit
1953 943 1993 1006 dc

104 1084 106 1089 .
186 1044 245 1100 reta
263 1031 499 1110 sttnpoceotis
513 1029 621 1110 merit,
637 1033 841 1096 remittentur
863 1032 904 1094 ei.
927 1031 1054 1094 Peccata
1097 1026 1931 1108 aliogeoere:Etsiinpecoclislueritremiltentur
1946 1027 1991 1088 ei.

118 1136 122 1143 ·
189 1119 271 1180 enim
287 1115 416 1180 venialia
431 1129 542 1174 omnes
557 1113 682 1183 babent:
700 1131 769 1178 noro
785 1121 818 1178 ιιι
833 1115 915 1177 idem
927 1115 968 1176 all
981 1131 1051 1192 cap.

187 1203 218 1264 2.
234 1201 274 1263 lu
283 1199 381 1262 mulis
395 1193 590 1275 offendimus
612 1212 734 1260 omncs.
761 1197 902 1274 lienique
917 1214 989 1260 -non
1005 1201 1055 1258 est
1434 1228 1556 1294 “FUT
1577 1229 1620 1294 lx

187 1291 287 1346 tutum
302 1282 488 1357 restringere
503 1284 541 1340 ad
557 1278 698 1353 venialia,
715 1280 796 1360 quod
811 1279 946 1344 lacobus
960 1294 1055 1359 gene·
1460 1278 1466 1292 '
1623 1274 1632 1293 ⁰

190 1363 710 1441 ratimrooatpaccatom3etquod
735 1364 767 1428 ln
790 1362 887 1428 lormu
908 1365 1054 1426 dicimus:
1238 1415 1282 1430 ..
1519 1414 1526 1429 .
1620 1414 1662 1429 ..

154 1446 156 1449 ’
194 1447 359 1529 Quidquid
373 1443 549 1522 deliquisti.
1140 1415 1184 1478 lie
1199 1419 1358 1488 ministro,
1375 1418 1404 1476 ct
1415 1429 1452 1476 eo
1467 1430 1526 1494 quc
1538 1420 1675 1493 suscepit
1688 1419 1950 1480 accrementum

232 1531 288 1594 liii
305 1530 429 1592 nomine
444 1524 642 1604 reliquiarum
659 1527 835 1608 intelligunt
858 1527 1056 1608 pronitatem,
1264 1559 1274 1586 .
1368 1524 1535 1584 castremus
1555 1518 1718 1584 [lectionis

193 1613 259 1677 sire
274 1613 411 1675 babilam
427 1624 464 1670 ex
479 1617 605 1687 peceato
620 1610 839 1674 relictum.Sed
852 1613 871 1674 ιι
887 1611 990 1672 adbuc
1002 1610 1058 1670 im·

191 1696 384 1773 probabilius
406 1696 584 1770 loquuntur:
611 1710 681 1754 nam
707 1695 746 1757 ds
771 1694 924 1772 ejusmodi
951 1693 1058 1755 babitu
1123 1691 1637 1771 ,ministrumessepresbpterum,
1654 1689 1748 1766 idest,
1766 1691 1984 1763 sacerdotem,

192 1796 255 1842 non
270 1784 372 1856 potest
385 1774 549 1838 commode
570 1775 701 1855 intelligi
726 1777 803 1839 illud
826 1774 947 1840 iacobi:
972 1775 1009 1838 Si
1021 1776 1060 1838 in
1103 1781 1134 1838 et
1149 1784 1378 1855 consequenter
1393 1777 1580 1853 episcopus,
1597 1774 1624 1840 si
1641 1773 1668 1837 is
1683 1777 1767 1850 relit,
1785 1776 1913 1837 docent
1927 1793 1985 1838 om·

106 1909 109 1912 -
192 1860 457 1941 peccaminum.
474 1857 578 1934 lleque
593 1859 667 1922 illud
685 1858 798 1922 immas
818 1857 1061 1922 sacramentalis:
1105 1857 1983 1937 niaconcilia,elPatressupracilali.ldquodetiame

196 1943 362 2024 Quidquid
375 1941 552 2020 deliquisti.
570 1940 688 2004 Deinde
703 1958 764 2006 non
787 1942 930 2007 sidentur
946 1940 1012 2005 tolli
1028 1957 1060 2004 e·
1104 1947 1191 2020 perte
1206 1944 1360 2022 colligitur
1374 1959 1412 2004 ex
1422 1939 1692 2004 lacoboztcduecr
1702 1939 1918 2022 presbyteros
1932 1942 1986 2002 lie·

190 2026 327 2104 jusmodi
342 2025 466 2086 babitus
480 2040 536 2100 per
552 2023 960 2103 boc·saerameotum:saepe
975 2027 1059 2086 enim
1105 2025 1232 2088 elesius.
1262 2027 1335 2090 llum
1358 2024 1417 2088 etsi
1436 2039 1494 2086 ros
1507 2017 1557 2086 illa
1569 2037 1677 2102 graeca
1702 2021 1913 2106 ορεσβυτὲρος
1928 2041 1987 2086 em·

194 2110 316 2181 succidit,
332 2114 365 2170 ut
380 2106 431 2186 qui
460 2106 691 2177 convalescunt,
718 2109 849 2171 eandem
875 2106 1060 2187 pronitatem
1106 2108 1199 2185 bigne
1221 2109 1262 2170 sit
1279 2155 1287 2182 ,
1303 2117 1334 2172 cl
1355 2115 1415 2170 lam
1430 2105 1586 2170 seniorem
1612 2112 1733 2186 octale,
1762 2124 1860 2186 quam
1889 2107 1986 2186 digni

194 2189 381 2254 scotlantad
407 2188 610 2269 peccandum,
637 2207 727 2268 qoam
758 2195 847 2254 aclea
872 2191 1060 2254 sentiebant.
1106 2189 1889 2270 lulssigoilicarepossit,lemensecundomusum
1906 2191 1983 2251 Scri·

197 2276 257 2338 deo
272 2272 435 2336 immerito:
453 2271 576 2334 habitos
591 2272 675 2334 enirn
690 2274 839 2337 contracti
855 2273 1064 2353 porrectiones
1106 2279 1214 2352 pluras
1229 2272 1417 2338 Testamenti
1435 2273 1504 2337 nori
1519 2278 1551 2336 et
1565 2271 1724 2336 Ecclesiae
1750 2287 1819 2334 non
1834 2272 1990 2352 signifieat

193 2358 401 2434 frequentatas
415 2371 477 2416 non
494 2354 715 2429 tolluntur,oisi
728 2355 975 2436 frequentatione
988 2371 1062 2418 con·
1107 2357 1166 2418 nisi
1183 2357 1373 2420 sacerdotes.
1389 2354 1478 2417 lJnde
1492 2354 1521 2416 l.
1534 2355 1612 2417 lim.
1629 2355 1660 2417 ι.
1674 2355 1765 2417 illud:
1790 2353 1870 2418 Cum
1882 2357 1984 2434 impe·

193 2439 303 2502 trsriae
318 2436 458 2500 actionis.
658 2513 664 2519 7
1105 2439 1223 2501 sitione
1244 2455 1406 2502 manuum
1418 2435 1620 2520 presbpterit.
1638 2437 1738 2500 litium
1754 2437 1922 2501 adversarii
1939 2441 1985 2500 in·

234 2522 309 2584 llice
324 2521 426 2599 igitur:
444 2517 599 2598 lieliquias
614 2527 811 2598 peccalorum
823 2521 965 2602 duplices
976 2536 1063 2606 esse,
1108 2522 1252 2601 telligunt
1267 2523 1307 2585 de
1321 2519 1474 2586 ministris
1485 2520 1732 2600 ecclesiasticis,
1748 2536 1815 2584 non
1832 2520 1874 2584 dc
1886 2522 1985 2584 senio·

194 2609 225 2665 et
238 2610 436 2682 utrarumque
451 2601 678 2665 abstersionem
693 2605 731 2666 od
746 2603 892 2668 ellectum
907 2603 1000 2683 buius
1015 2619 1062 2666 sa·
1108 2604 1196 2668 ribus
1212 2606 1311 2668 laicis.

194 2686 341 2769 crameoli
358 2687 483 2764 proprie
497 2684 614 2747 dictum
632 2687 802 2759 portinere.
825 2687 958 2751 Primum
981 2687 1064 2749 enim
1148 2686 1211 2748 Una
1224 2690 1400 2751 esitantem
1412 2685 1472 2748 hoc
1484 2684 1554 2748 loco
1566 2681 1728 2757 dubitatio,
1745 2685 1819 2765 quia
1836 2684 1987 2748 lunoreo·

194 2770 344 2844 rcliquias
359 2768 504 2830 dicuntur
518 2774 655 2845 peccata,
679 2786 758 2850 quae
782 2772 937 2833 interdum
964 2785 1063 2831 rema·
1108 2769 1170 2832 lius
1185 2769 1211 2832 l.
1227 2771 1257 2832 in
1272 2771 1365 2849 epist.
1382 2770 1412 2831 l.
1428 2785 1499 2846 cup.
1517 2767 1549 2830 8.
1573 2771 1662 2832 dicit:
1681 2767 1753 2830 Oleo
1768 2775 1887 2832 sancto
1900 2785 1986 2846 posse

195 2859 269 2915 nent
285 2858 354 2930 post
368 2850 471 2914 omnia
485 2850 543 2913 alia
558 2858 760 2922 sacramenta,
776 2854 841 2914 sire
857 2853 1008 2924 mortalia,
1023 2853 1063 2914 si·
1107 2851 1565 2927 otiosusctumsoesrdotes,
1578 2853 1637 2914 scd
1647 2851 1747 2914 etium
1758 2851 1867 2914 laicos
1878 2852 1987 2914 insule

195 2951 232 2996 vs
247 2933 376 2998 venialia
393 2936 467 2995 sint.
484 2933 589 2997 Potest
603 2934 686 2998 enim
698 2934 815 3008 lieri‚ul
828 2936 899 3015 quis
912 2943 982 3014 post
992 2951 1066 2997 con·
1110 2952 1150 3002 cc
1163 2952 1300 3000 suorum
1314 2933 1575 3014 necessitalibus.
1598 2933 1695 3010 Quam
1717 2934 1912 2998 sententiam
1928 2934 1987 2997 loti·

196 3017 364 3080 iussionem
381 3022 411 3077 st
426 3015 690 3090 communionem,
707 3018 738 3080 in
754 3025 916 3096 peceatum
937 3018 1067 3080 mortale
1111 3019 1181 3080 dem
1197 3020 1300 3082 verbis
1315 3019 1424 3082 recitat
1439 3017 1533 3080 etiarn
1545 3016 1627 3082 Beda
1644 3018 1676 3080 ie
1692 3033 1762 3095 cap.
1779 3015 1813 3080 ll.
1837 3017 1949 3090 llarei,
1964 3022 1988 3078 sl

196 3099 324 3163 incidat.
339 3105 370 3171 et
385 3098 506 3176 ignoret
522 3113 557 3159 ss
572 3115 610 3161 eo
625 3106 756 3179 peccalo
770 3101 880 3179 teneri,
903 3100 988 3164 unde
1003 3116 1066 3163 non
1110 3103 1278 3165 concilium
1293 3100 1510 3166 wormatiense
1524 3115 1595 3163 can.
1611 3099 1663 3163 ι2.

196 3182 309 3261 polerit
322 3181 398 3242 illud
415 3197 494 3243 nora
505 3182 705 3254 confessione
719 3184 855 3262 expiare:
869 3191 969 3263 potest
982 3182 1067 3246 enim
1152 3186 1330 3265 llespondet
1341 3186 1451 3248 Tomos
1463 3182 1639 3249 Waldensls
1651 3182 1747 3245 tium.
1760 3182 1802 3247 dc
1813 3198 1985 3245 sacramen·

198 3264 265 3327 lieri
283 3270 315 3325 nt
335 3263 564 3325 conlessionem
590 3272 622 3327 el
647 3267 897 3329 communionem
923 3282 984 3330 noo
1007 3267 1067 3331 rite
1111 3267 1151 3331 lis
1165 3286 1234 3347 cap.
1252 3270 1372 3349 penult.
1389 3267 1482 3333 rerba
1504 3264 1900 3344 Innocenllilolelligenda
1922 3281 1984 3327 esse

200 3346 367 3426 peregerit,
383 3352 414 3408 et
427 3346 488 3408 hoc
502 3346 605 3424 ipsum
619 3346 753 3428 ignoret.
775 3348 855 3412 lslac
881 3348 974 3425 igitur
994 3354 1068 3413 sunl
1112 3352 1151 3413 de
1167 3368 1204 3415 eo
1219 3353 1289 3415 loco
1302 3358 1333 3415 et
1345 3358 1499 3428 tempore,
1516 3349 1569 3413 ubi
1586 3349 1662 3412 nulli
1679 3348 1782 3413 adsint
1795 3348 1982 3423 sacerdotes,

200 3444 290 3492 voras
305 3428 467 3505 reliquiae,
484 3445 563 3507 quse
577 3430 637 3492 lroc
651 3439 845 3495 sacramento
858 3432 1067 3503 tollunturni·
1113 3441 1187 3499 lunc
1198 3436 1281 3497 enim
1293 3435 1389 3497 licere
1402 3428 1497 3497 eliani
1510 3430 1599 3495 luicis
1615 3432 1674 3497 lroc
1689 3439 1924 3493 sacramentum
1935 3432 1982 3491 mi·

200 3512 229 3575 si
243 3510 317 3589 quis
327 3511 449 3574 obicem
466 3517 571 3587 ponat.
587 3510 625 3575 lit
639 3513 699 3577 boc
712 3514 829 3577 indicat
842 3514 1067 3588 lacobus,cum
1112 3518 1255 3579 nistrare.
1268 3518 1329 3580 Sed
1342 3519 1419 3578 hacc
1435 3514 1589 3591 expositio
1605 3514 1643 3575 ab
1659 3514 1807 3577 omnibus
1822 3514 1980 3582 relellilur,

202 3594 255 3657 sil:
272 3594 312 3656 Ει
325 3586 680 3672 siinpeccrilisiucril.
696 3596 734 3659 Et
748 3597 914 3659 correilium
931 3597 1069 3661 florenti·
1111 3605 1143 3663 οι
1164 3600 1282 3663 meritc.
1306 3600 1429 3667 llullum
1452 3597 1535 3661 enim
1557 3602 1605 3659 est
1626 3604 1886 3673 sacramentum,
1908 3598 1979 3672 quod
2027 3576 2029 3617 ⁸

201 3692 276 3739 cuin
291 3694 360 3739 curn
376 3676 461 3757 dicit,
477 3676 621 3743 ellectum
636 3694 707 3743 esse
722 3681 843 3743 animae
862 3682 1066 3745 sanctionem.
1112 3700 1174 3747 non
1196 3684 1332 3761 requirat
1353 3680 1559 3745 essentialiter
1584 3678 1758 3743 ministrum
1779 3680 1978 3749 sacerdotem,

202 3760 239 3821 m
254 3758 451 3821 tridentinum
468 3776 538 3821 cum
552 3760 594 3821 uit
606 3776 688 3823 sess.
706 3762 756 3824 ll.
772 3780 841 3839 cap.
868 3764 899 3825 2.
925 3762 962 3827 st
982 3780 1069 3843 quoe
1113 3772 1244 3843 excepto
1257 3765 1425 3844 Baptismo,
1441 3762 1481 3827 ob
1503 3777 1653 3828 summum
1669 3760 1737 3840 ejus
1754 3763 1976 3836 necessitatem

203 3842 324 3905 delicto
336 3843 401 3907 siut
415 3842 525 3905 adhue
539 3844 723 3917 cupiendo,
739 3844 953 3924 cisterciens
973 3847 1067 3909 lormo
1115 3858 1145 3915 sl
1160 3849 1363 3923 llnlrimonio,
1376 3849 1447 3927 qula
1459 3846 1491 3909 in
1504 3850 1662 3911 contrecto
1674 3850 1780 3909 mutuo
1799 3846 1974 3911 nubentium

202 3923 446 3987 sacremeotalis:
461 3922 627 4005 Quidquid
641 3927 876 4008 deliquisttper
887 3930 1005 3999 cisum
1021 3935 1069 3991 tc·
1115 3932 1270 3994 corrsislit.
1305 3938 1307 3941 ‘
1779 3986 1782 3989 .

204 4013 290 4071 ctum
303 4012 361 4071 etc.
377 4007 518 4085 lienique
532 4015 690 4088 unguntur
703 4011 841 4089 quinque
855 4027 981 4085 sensus,
997 4012 1068 4090 quia
1156 4014 1334 4077 liominicus
1350 4030 1366 4075 a
1383 4012 1455 4075 snto
1476 4009 1549 4083 dist.
1572 4008 1624 4072 23.
1638 4015 1759 4088 quaest.
1776 4008 1810 4073 l.
1824 4016 1876 4071 nrt.
1893 4010 1919 4071 l.
1932 4009 1972 4069 in·

202 4090 255 4151 illa
270 4097 343 4152 sont
356 4090 444 4168 quasi
457 4091 596 4170 quinque
611 4094 700 4168 ostia,
718 4095 801 4157 unde
817 4103 944 4173 peccota
958 4098 1072 4156 intrant
1116 4098 1226 4175 telligit
1246 4095 1463 4161 Innocentium
1488 4094 1527 4157 de
1540 4110 1598 4155 usu
1609 4092 1671 4155 olei
1682 4092 1779 4157 sancti
1795 4100 1976 4155 extrasacm·

202 4174 240 4235 ad
255 4172 399 4248 unimam,
416 4178 449 4236 ut
464 4174 607 4235 nimirum
624 4174 675 4238 llcl
687 4179 844 4250 generalis
854 4179 1004 4255 quiedam
1017 4192 1070 4239 ex·
1116 4185 1254 4243 mentum
1268 4180 1307 4241 ud
1322 4177 1477 4241 curandos
1498 4175 1636 4239 morbos:
1660 4175 1716 4238 sed
1731 4176 1859 4237 ridetur
1872 4175 1902 4237 id
1917 4190 1979 4237 esse

203 4255 343 4334 purgatio
357 4256 505 4323 omnium.
522 4273 602 4333 quas
614 4266 795 4321 remaneant
810 4268 1017 4337 peecatorum.
1027 4260 1071 4323 Ex
1115 4269 1220 4325 contro
1233 4261 1352 4339 praxim
1363 4258 1604 4329 bestesiacum
1616 4258 1699 4321 enim
1711 4258 1777 4321 dari
1790 4258 1980 4323 solotoleum

204 4353 266 4414 quo
281 4338 491 4414 intelligimus,
508 4340 655 4417 quamsit
676 4342 736 4403 boc
760 4350 984 4405 sacromentum
1006 4359 1069 4407 non
1116 4353 1256 4407 sancium
1273 4345 1373 4415 laicis,
1391 4349 1422 4405 ul
1437 4358 1475 4404 eo
1490 4348 1625 4403 utantur.
1642 4342 1786 4420 Exempla
1804 4356 1894 4415 iero,
1908 4354 1980 4419 quae

205 4422 477 4491 contemnendum,
494 4436 563 4483 eum
578 4422 746 4501 aliquando
760 4423 826 4487 lieri
842 4427 950 4505 possit,
967 4430 1000 4489 ul
1013 4442 1071 4503 per
1113 4429 1258 4507 leguntur
1279 4426 1318 4489 de
1340 4424 1517 4501 miraculis3
1540 4439 1619 4501 qnae
1632 4424 1730 4485 sancti
1746 4422 1899 4485 eremitas
1920 4424 1981 4485 oleo

204 4503 265 4564 hoc
280 4509 506 4565 sacramentum
530 4504 664 4567 sciretur
687 4506 726 4581 is,
753 4508 805 4587 qui
833 4508 1068 4588 alioqui-plane
1114 4516 1222 4573 sancto
1235 4510 1399 4585 iaciebant,
1412 4523 1474 4569 non
1486 4506 1739 4568 convincunleos
1750 4504 1851 4568 tuisse
1864 4522 1940 4568 usos
1952 4508 1983 4566 il·

207 4583 400 4648 damnandus
415 4590 489 4647 crat.
1010 4583 1013 4592 '
1114 4594 1145 4654 lo
1158 4594 1239 4667 oleo,
1253 4591 1335 4670 quod
1349 4592 1388 4651 ab
1403 4590 1553 4669 episcopo
1567 4588 1701 4653 solemni
1717 4589 1920 4651 caeremonia
1935 4588 1983 4649 be·

246 4666 333 4728 ilicet
347 4667 471 4744 aliquis;
487 4666 522 4729 ld
538 4667 658 4736 ridetur
673 4685 837 4734 commone
862 4671 1007 4735 omnibus
1021 4690 1071 4737 sa·
1116 4675 1281 4747 nedleilur,
1305 4681 1337 4736 ut
1357 4674 1398 4735 sit
1419 4672 1513 4752 buius
1534 4671 1716 4733 sacramenti
1738 4670 1883 4732 materia:
1900 4679 1981 4749 pote·

205 4750 381 4821 oramentis,
398 4757 432 4812 ut
446 4757 569 4829 peccata
586 4754 722 4815 mortalia
734 4754 857 4826 tollant,
873 4755 900 4817 si
922 4772 1002 4836 quac
1024 4755 1070 4817 in·
1114 4764 1182 4821 runt
1196 4758 1277 4821 enirn
1292 4758 1337 4819 uti
1352 4757 1434 4831 oleo,
1451 4754 1535 4835 quud
1551 4754 1610 4833 ipsi
1626 4757 1716 4833 signo
1731 4753 1837 4817 crucis
1854 4753 1982 4817 benedi-

204 4832 341 4900 vaniaol,
357 4833 449 4894 modo
464 4850 525 4895 non
540 4840 672 4911 ponatur
686 4835 776 4908 obex,
802 4838 875 4919 quia
899 4839 1001 4900 omnia
1023 4855 1072 4901 se·
1114 4841 1238 4904 cebant.

206 4919 362 4977 eramenta
377 4914 539 4977 conterunt
553 4918 692 4997 gratiam,
706 4934 786 4997 quae
801 4936 862 4982 non
877 4926 979 4999 potest
999 4938 1071 4983 cum
1154 4922 1213 4985 Alii
1225 4922 1351 4996 recline,
1364 4925 1398 4983 ul
1411 4918 1576 4984 lansenlus
1590 4919 1622 4981 in
1639 4934 1706 4998 cap.
1716 4918 1747 4981 li.
1757 4916 1865 4992 ilorci,
1882 4918 1983 4981 dicunt

204 4996 1069 5081 peccaromortaliconsisterezoonigitucidsstproprium
1115 5005 1329 5071 innocentium
1343 5004 1429 5083 loqui
1445 5003 1484 5065 de
1499 5002 1682 5080 recipiente,
1698 5018 1759 5065 non
1774 5000 1815 5066 de
1832 5002 1981 5063 ministro:

205 5079 300 5157 hujus
314 5080 511 5142 sacramenti.
526 5081 725 5161 Respondeo:
742 5083 849 5147 Omnia
871 5085 997 5165 quidem
1021 5102 1071 5149 ss·
1115 5107 1150 5151 oe
1163 5089 1242 5153 velle
1254 5088 1370 5164 dicere,
1382 5087 1479 5149 licere
1490 5084 1635 5147 omnibus
1658 5083 1842 5147 Christianis
1857 5084 1902 5147 ull
1917 5101 1982 5147 san·

214 5170 376 5225 eramenta
387 5163 417 5226 id
433 5162 568 5237 efficere,
584 5167 641 5227 sed
656 5182 712 5245 per
726 5166 883 5243 occidens,
895 5168 955 5234 boc
970 5175 1071 5232 autem
1113 5178 1163 5235 clo
1177 5174 1246 5233 olco
1259 5172 1289 5233 in
1301 5171 1368 5235 suis
1379 5175 1545 5233 etsuorum
1559 5166 1807 5241 necessitalibus,
1841 5168 1982 5231 nimirum

215 5252 442 5309 sacramentum
459 5262 514 5325 per
527 5262 575 5319 se,
591 5255 623 5311 st
635 5251 760 5329 proprie
775 5248 835 5314 boc
848 5250 932 5323 lacit,
948 5252 1019 5331 quis
1035 5253 1072 5315 ad
1114 5255 1292 5319 advocando
1304 5253 1497 5327 sacerdotes,
1512 5257 1543 5314 el
1554 5248 1739 5331 accipiendo
1751 5248 1938 5313 linctionem
1952 5250 1983 5311 il·

215 5326 277 5389 boc
291 5329 489 5406 peculiariter
504 5337 549 5391 est
562 5329 735 5400 institutum
750 5332 781 5395 ln
795 5330 858 5397 fine
872 5334 964 5399 ritae.
1118 5339 1177 5399 lam
1193 5354 1324 5411 sacram,
1340 5352 1402 5399 non
1418 5334 1633 5401 ministrando.

254 5409 532 5502 ¹Secundonomina
546 5414 745 5493 reliquiarum
753 5416 969 5494 peccati,reoil
982 5417 1074 5481 eliam
1160 5420 1225 5483 lom
1241 5436 1313 5483 rere
1327 5418 1366 5481 de
1381 5434 1431 5493 eo,
1446 5418 1499 5497 qui
1514 5420 1740 5479 sacramentum
1752 5414 1813 5479 boc
1828 5415 1985 5493 suscipere

209 5492 452 5587 qnidamtorpor
466 5502 497 5557 et
510 5511 632 5561 moeror
646 5505 678 5561 ct
690 5499 839 5573 anxietas,
856 5517 936 5580 quse
950 5517 988 5565 ex
1003 5517 1074 5580 pec·
1120 5510 1233 5581 potest,
1245 5508 1365 5565 constat
1379 5502 1495 5565 debere
1509 5514 1579 5563 esse
1594 5496 1929 5575 Primo,Cbrislisnum:
1945 5500 1986 5559 dl·

207 5576 275 5667 cato
291 5576 423 5653 relinqui
439 5580 564 5655 soleret
573 5596 653 5657 quas
668 5582 801 5645 maxime
813 5583 971 5649 homiuem
984 5584 1074 5645 morli
1120 5586 1162 5648 eit
1172 5586 1254 5649 enim
1266 5582 1410 5649 lacobus:
1424 5582 1573 5647 ineolis.
1587 5578 1985 5661 Secundo,iolirmum,quia

211 5670 346 5724 ricinum
363 5674 472 5723 rexere
485 5666 600 5739 polest:
627 5664 666 5727 de
686 5664 801 5747 quibus
827 5666 961 5744 loquitur
990 5666 1075 5731 idem
1119 5668 1214 5733 addit:
1236 5668 1429 5751 lrsiirmclur
1449 5666 1522 5749 puis
1545 5669 1604 5733 etc.
1619 5664 1694 5729 Nam
1707 5662 1760 5745 qui
1775 5662 1860 5729 bene
1877 5666 1984 5739 relect,
