<?xml version="1.0" encoding="UTF-8"?>
<!DOCTYPE html PUBLIC "-//W3C//DTD XHTML 1.0 Transitional//EN"
    "http://www.w3.org/TR/xhtml1/DTD/xhtml1-transitional.dtd">
<html xmlns="http://www.w3.org/1999/xhtml" xml:lang="en" lang="en">
 <head>
  <title>
</title>
<meta http-equiv="Content-Type" content="text/html;charset=utf-8" />
  <meta name='ocr-system' content='tesseract 3.04.00' />
  <meta name='ocr-capabilities' content='ocr_page ocr_carea ocr_par ocr_line ocrx_word'/>
</head>
<body>
  <div class='ocr_page' id='page_1' title='image "./operaomnia03unkngoog/operaomnia03unkngoog_0352.png"; bbox 0 0 4084 6275; ppageno 0'>
   <div class='ocr_carea' id='block_1_1' title="bbox 283 303 1376 365">
    <p class='ocr_par' dir='ltr' id='par_1_1' title="bbox 283 303 1376 365">
     <span class='ocr_line' id='line_1_1' title="bbox 283 303 1376 365; baseline 0.002 -6"><span class='ocrx_word' id='word_1_1' title='bbox 283 306 338 363; x_wconf 79' lang='lat' dir='ltr'><strong>&#39;ald</strong></span> <span class='ocrx_word' id='word_1_2' title='bbox 826 306 869 363; x_wconf 79' lang='lat' dir='ltr'><strong>ue</strong></span> <span class='ocrx_word' id='word_1_3' title='bbox 890 306 1111 365; x_wconf 76' lang='lat' dir='ltr'><strong>saeulussuw</strong></span> <span class='ocrx_word' id='word_1_4' title='bbox 1130 303 1376 365; x_wconf 75' lang='lat' dir='ltr'><strong>Euettttttsitae</strong></span> 
     </span>
    </p>
   </div>
   <div class='ocr_carea' id='block_1_2' title="bbox 205 436 2035 5736">
    <p class='ocr_par' dir='ltr' id='par_1_2' title="bbox 205 436 2035 5736">
     <span class='ocr_line' id='line_1_2' title="bbox 216 436 1994 519; baseline -0.004 -18"><span class='ocrx_word' id='word_1_5' title='bbox 216 439 413 519; x_wconf 78' lang='lat' dir='ltr'><strong>Caluspriurn:</strong></span> <span class='ocrx_word' id='word_1_6' title='bbox 428 445 458 499; x_wconf 92' lang='lat' dir='ltr'><strong>ot</strong></span> <span class='ocrx_word' id='word_1_7' title='bbox 473 438 543 502; x_wconf 87' lang='lat' dir='ltr'><strong>inde</strong></span> <span class='ocrx_word' id='word_1_8' title='bbox 557 439 725 513; x_wconf 84' lang='lat' dir='ltr'><strong>ueoelodit‚</strong></span> <span class='ocrx_word' id='word_1_9' title='bbox 749 456 874 503; x_wconf 88' lang='lat' dir='ltr'><strong>earoern</strong></span> <span class='ocrx_word' id='word_1_10' title='bbox 890 438 999 510; x_wconf 73' lang='lat' dir='ltr'><strong>dirrhti</strong></span> <span class='ocrx_word' id='word_1_11' title='bbox 1015 459 1074 504; x_wconf 91' lang='lat' dir='ltr'><strong>ooo</strong></span> <span class='ocrx_word' id='word_1_12' title='bbox 1119 441 1335 519; x_wconf 75' lang='lat' dir='ltr'><strong>mundatoque</strong></span> <span class='ocrx_word' id='word_1_13' title='bbox 1354 437 1557 515; x_wconf 84' lang='lat' dir='ltr'><strong>permistum,</strong></span> <span class='ocrx_word' id='word_1_14' title='bbox 1571 436 1682 513; x_wconf 79' lang='lat' dir='ltr'><strong>ipsunt</strong></span> <span class='ocrx_word' id='word_1_15' title='bbox 1699 436 1935 513; x_wconf 78' lang='lat' dir='ltr'><strong>illudeorpus.</strong></span> <span class='ocrx_word' id='word_1_16' title='bbox 1961 440 1994 495; x_wconf 85' lang='lat' dir='ltr'><strong>et</strong></span> 
     </span>
     <span class='ocr_line' id='line_1_3' title="bbox 216 516 1992 602; baseline -0.002 -23"><span class='ocrx_word' id='word_1_17' title='bbox 216 522 391 583; x_wconf 83' lang='lat' dir='ltr'><strong>rnandoeari</strong></span> <span class='ocrx_word' id='word_1_18' title='bbox 404 523 441 583; x_wconf 88' lang='lat' dir='ltr'><strong>oh</strong></span> <span class='ocrx_word' id='word_1_19' title='bbox 454 522 569 601; x_wconf 89' lang='lat' dir='ltr'><strong>impiis;</strong></span> <span class='ocrx_word' id='word_1_20' title='bbox 592 522 721 602; x_wconf 77' lang='lat' dir='ltr'><strong>proinde</strong></span> <span class='ocrx_word' id='word_1_21' title='bbox 743 540 805 587; x_wconf 94' lang='lat' dir='ltr'><strong>noo</strong></span> <span class='ocrx_word' id='word_1_22' title='bbox 828 525 1004 587; x_wconf 87' lang='lat' dir='ltr'><strong>mandueari</strong></span> <span class='ocrx_word' id='word_1_23' title='bbox 1023 540 1077 586; x_wconf 94' lang='lat' dir='ltr'><strong>ore</strong></span> <span class='ocrx_word' id='word_1_24' title='bbox 1120 526 1318 601; x_wconf 75' lang='lat' dir='ltr'><strong>sonpaeioem</strong></span> <span class='ocrx_word' id='word_1_25' title='bbox 1333 520 1511 583; x_wconf 75' lang='lat' dir='ltr'><strong>Suluotorie</strong></span> <span class='ocrx_word' id='word_1_26' title='bbox 1525 520 1629 582; x_wconf 74' lang='lat' dir='ltr'><strong>nostri</strong></span> <span class='ocrx_word' id='word_1_27' title='bbox 1651 518 1729 581; x_wconf 79' lang='lat' dir='ltr'><strong>Jesu</strong></span> <span class='ocrx_word' id='word_1_28' title='bbox 1750 518 1866 581; x_wconf 82' lang='lat' dir='ltr'><strong>Glarista&#39;</strong></span> <span class='ocrx_word' id='word_1_29' title='bbox 1886 516 1992 598; x_wconf 73' lang='lat' dir='ltr'><strong>effice-</strong></span> 
     </span>
     <span class='ocr_line' id='line_1_4' title="bbox 216 601 2035 681; baseline -0.007 -14"><span class='ocrx_word' id='word_1_30' title='bbox 216 606 379 681; x_wconf 88' lang='lat' dir='ltr'><strong>oorporali.</strong></span> <span class='ocrx_word' id='word_1_31' title='bbox 668 636 670 641; x_wconf 89' lang='lat'><em>·</em></span> <span class='ocrx_word' id='word_1_32' title='bbox 1123 606 1280 668; x_wconf 71' lang='lat' dir='ltr'><strong>aethaeo</strong></span> <span class='ocrx_word' id='word_1_33' title='bbox 1295 605 1360 665; x_wconf 89' lang='lat' dir='ltr'><strong>itte.</strong></span> <span class='ocrx_word' id='word_1_34' title='bbox 1376 604 1431 665; x_wconf 89' lang='lat' dir='ltr'><strong>llis</strong></span> <span class='ocrx_word' id='word_1_35' title='bbox 1446 605 1529 663; x_wconf 87' lang='lat' dir='ltr'><strong>ooior</strong></span> <span class='ocrx_word' id='word_1_36' title='bbox 1554 601 1661 665; x_wconf 83' lang='lat' dir='ltr'><strong>verbis</strong></span> <span class='ocrx_word' id='word_1_37' title='bbox 1687 609 1747 663; x_wconf 91' lang='lat' dir='ltr'><strong>tarn</strong></span> <span class='ocrx_word' id='word_1_38' title='bbox 1772 604 1994 680; x_wconf 88' lang='lat' dir='ltr'><strong>apertedoeet</strong></span> <span class='ocrx_word' id='word_1_39' title='bbox 2034 637 2035 654; x_wconf 46' lang='lat' dir='ltr'><strong>r</strong></span> 
     </span>
     <span class='ocr_line' id='line_1_5' title="bbox 259 682 1994 767; baseline -0.003 -18"><span class='ocrx_word' id='word_1_40' title='bbox 259 689 318 749; x_wconf 86' lang='lat' dir='ltr'><strong>Sed</strong></span> <span class='ocrx_word' id='word_1_41' title='bbox 336 688 411 749; x_wconf 76' lang='lat' dir='ltr'><strong>leaeo</strong></span> <span class='ocrx_word' id='word_1_42' title='bbox 426 686 603 751; x_wconf 88' lang='lat' dir='ltr'><strong>inanissimo</strong></span> <span class='ocrx_word' id='word_1_43' title='bbox 617 693 699 763; x_wconf 88' lang='lat' dir='ltr'><strong>sunt,</strong></span> <span class='ocrx_word' id='word_1_44' title='bbox 717 694 747 751; x_wconf 92' lang='lat' dir='ltr'><strong>et</strong></span> <span class='ocrx_word' id='word_1_45' title='bbox 761 706 855 767; x_wconf 90' lang='lat' dir='ltr'><strong>saepe</strong></span> <span class='ocrx_word' id='word_1_46' title='bbox 870 688 1077 751; x_wconf 80' lang='lat' dir='ltr'><strong>reiotatollon</strong></span> <span class='ocrx_word' id='word_1_47' title='bbox 1122 686 1182 750; x_wconf 88' lang='lat' dir='ltr'><strong>iste</strong></span> <span class='ocrx_word' id='word_1_48' title='bbox 1198 694 1303 750; x_wconf 79' lang='lat' dir='ltr'><strong>aneton</strong></span> <span class='ocrx_word' id='word_1_49' title='bbox 1319 689 1427 748; x_wconf 88' lang='lat' dir='ltr'><strong>mutari</strong></span> <span class='ocrx_word' id='word_1_50' title='bbox 1444 682 1555 762; x_wconf 87' lang='lat' dir='ltr'><strong>ponem</strong></span> <span class='ocrx_word' id='word_1_51' title='bbox 1582 691 1612 745; x_wconf 87' lang='lat' dir='ltr'><strong>et</strong></span> <span class='ocrx_word' id='word_1_52' title='bbox 1636 684 1739 746; x_wconf 89' lang='lat' dir='ltr'><strong>rinom</strong></span> <span class='ocrx_word' id='word_1_53' title='bbox 1769 683 1801 745; x_wconf 88' lang='lat' dir='ltr'><strong>in</strong></span> <span class='ocrx_word' id='word_1_54' title='bbox 1817 698 1937 762; x_wconf 88' lang='lat' dir='ltr'><strong>eorpus</strong></span> <span class='ocrx_word' id='word_1_55' title='bbox 1960 688 1994 741; x_wconf 88' lang='lat' dir='ltr'><strong>et</strong></span> 
     </span>
     <span class='ocr_line' id='line_1_6' title="bbox 218 765 1993 850; baseline -0.004 -19"><span class='ocrx_word' id='word_1_56' title='bbox 218 770 298 831; x_wconf 90' lang='lat' dir='ltr'><strong>onim</strong></span> <span class='ocrx_word' id='word_1_57' title='bbox 312 770 580 849; x_wconf 84' lang='lat' dir='ltr'><strong>seqnitur,inrpios</strong></span> <span class='ocrx_word' id='word_1_58' title='bbox 597 787 658 847; x_wconf 88' lang='lat' dir='ltr'><strong>uon</strong></span> <span class='ocrx_word' id='word_1_59' title='bbox 668 772 852 833; x_wconf 80' lang='lat' dir='ltr'><strong>manducare</strong></span> <span class='ocrx_word' id='word_1_60' title='bbox 861 788 985 835; x_wconf 87' lang='lat' dir='ltr'><strong>earnem</strong></span> <span class='ocrx_word' id='word_1_61' title='bbox 995 772 1079 833; x_wconf 81' lang='lat' dir='ltr'><strong>Chri·</strong></span> <span class='ocrx_word' id='word_1_62' title='bbox 1123 773 1304 849; x_wconf 78' lang='lat' dir='ltr'><strong>sanguinem</strong></span> <span class='ocrx_word' id='word_1_63' title='bbox 1317 770 1473 845; x_wconf 89' lang='lat' dir='ltr'><strong>supernati</strong></span> <span class='ocrx_word' id='word_1_64' title='bbox 1491 769 1599 828; x_wconf 87' lang='lat' dir='ltr'><strong>virtute</strong></span> <span class='ocrx_word' id='word_1_65' title='bbox 1609 766 1740 845; x_wconf 76' lang='lat' dir='ltr'><strong>Spiritus</strong></span> <span class='ocrx_word' id='word_1_66' title='bbox 1755 768 1904 839; x_wconf 67' lang='lat' dir='ltr'><strong>sanctini</strong></span> <span class='ocrx_word' id='word_1_67' title='bbox 1918 765 1993 850; x_wconf 86' lang='lat' dir='ltr'><strong>nul-</strong></span> 
     </span>
     <span class='ocr_line' id='line_1_7' title="bbox 219 848 1995 934; baseline -0.004 -19"><span class='ocrx_word' id='word_1_68' title='bbox 219 854 269 924; x_wconf 86' lang='lat' dir='ltr'><strong>sti,</strong></span> <span class='ocrx_word' id='word_1_69' title='bbox 288 852 406 913; x_wconf 87' lang='lat' dir='ltr'><strong>etiamsi</strong></span> <span class='ocrx_word' id='word_1_70' title='bbox 430 853 521 934; x_wconf 80' lang='lat' dir='ltr'><strong>tilam</strong></span> <span class='ocrx_word' id='word_1_71' title='bbox 544 854 618 915; x_wconf 89' lang='lat' dir='ltr'><strong>iode</strong></span> <span class='ocrx_word' id='word_1_72' title='bbox 640 855 881 933; x_wconf 84' lang='lat' dir='ltr'><strong>nonaeeipiant:</strong></span> <span class='ocrx_word' id='word_1_73' title='bbox 899 872 968 917; x_wconf 92' lang='lat' dir='ltr'><strong>euro</strong></span> <span class='ocrx_word' id='word_1_74' title='bbox 998 854 1080 915; x_wconf 91' lang='lat' dir='ltr'><strong>enirn</strong></span> <span class='ocrx_word' id='word_1_75' title='bbox 1124 854 1186 915; x_wconf 92' lang='lat' dir='ltr'><strong>lum</strong></span> <span class='ocrx_word' id='word_1_76' title='bbox 1202 856 1254 916; x_wconf 91' lang='lat' dir='ltr'><strong>hie</strong></span> <span class='ocrx_word' id='word_1_77' title='bbox 1269 853 1370 915; x_wconf 87' lang='lat' dir='ltr'><strong>looorn</strong></span> <span class='ocrx_word' id='word_1_78' title='bbox 1386 851 1520 913; x_wconf 77' lang='lat' dir='ltr'>habeant</span> <span class='ocrx_word' id='word_1_79' title='bbox 1544 851 1716 913; x_wconf 78' lang='lat' dir='ltr'><strong>solutiones</strong></span> <span class='ocrx_word' id='word_1_80' title='bbox 1741 848 1995 911; x_wconf 78' lang='lat' dir='ltr'><strong>aduersariorum</strong></span> 
     </span>
     <span class='ocr_line' id='line_1_8' title="bbox 219 929 2035 1018; baseline -0.005 -21"><span class='ocrx_word' id='word_1_81' title='bbox 219 935 328 997; x_wconf 84' lang='lat' dir='ltr'><strong>Christi</strong></span> <span class='ocrx_word' id='word_1_82' title='bbox 344 952 427 997; x_wconf 83' lang='lat' dir='ltr'><strong>exse</strong></span> <span class='ocrx_word' id='word_1_83' title='bbox 440 935 883 1012; x_wconf 78' lang='lat' dir='ltr'><strong>uirtutemhabetriviiioandi,</strong></span> <span class='ocrx_word' id='word_1_84' title='bbox 908 938 962 1000; x_wconf 91' lang='lat' dir='ltr'><strong>sed</strong></span> <span class='ocrx_word' id='word_1_85' title='bbox 978 938 1017 999; x_wconf 90' lang='lat' dir='ltr'><strong>oh</strong></span> <span class='ocrx_word' id='word_1_86' title='bbox 1035 938 1080 998; x_wconf 92' lang='lat' dir='ltr'><strong>in·</strong></span> <span class='ocrx_word' id='word_1_87' title='bbox 1125 935 1164 997; x_wconf 90' lang='lat' dir='ltr'><strong>de</strong></span> <span class='ocrx_word' id='word_1_88' title='bbox 1181 937 1349 997; x_wconf 86' lang='lat' dir='ltr'><strong>mutatione</strong></span> <span class='ocrx_word' id='word_1_89' title='bbox 1359 934 1572 997; x_wconf 84' lang='lat' dir='ltr'><strong>sacramentali</strong></span> <span class='ocrx_word' id='word_1_90' title='bbox 1595 948 1652 1011; x_wconf 87' lang='lat' dir='ltr'><strong>per</strong></span> <span class='ocrx_word' id='word_1_91' title='bbox 1679 933 1867 995; x_wconf 78' lang='lat' dir='ltr'><strong>additionem</strong></span> <span class='ocrx_word' id='word_1_92' title='bbox 1888 929 1996 992; x_wconf 88' lang='lat' dir='ltr'><strong>solius</strong></span> <span class='ocrx_word' id='word_1_93' title='bbox 2034 947 2035 1018; x_wconf 66' lang='lat'>3</span> 
     </span>
     <span class='ocr_line' id='line_1_9' title="bbox 219 1016 2035 1097; baseline -0.002 -20"><span class='ocrx_word' id='word_1_94' title='bbox 219 1018 854 1097; x_wconf 82' lang='lat' dir='ltr'><strong>dispositionemaenidontlomeliquaodo</strong></span> <span class='ocrx_word' id='word_1_95' title='bbox 885 1020 1081 1083; x_wconf 89' lang='lat' dir='ltr'><strong>morternad·</strong></span> <span class='ocrx_word' id='word_1_96' title='bbox 1125 1016 1628 1095; x_wconf 73' lang='lat' dir='ltr'><strong>significationis:adislameoim</strong></span> <span class='ocrx_word' id='word_1_97' title='bbox 1645 1017 1995 1077; x_wconf 82' lang='lat' dir='ltr'><strong>mutationemnones·</strong></span> <span class='ocrx_word' id='word_1_98' title='bbox 2034 1021 2035 1096; x_wconf 52' lang='grc' dir='ltr'><strong><em>ᾗ</em></strong></span> 
     </span>
     <span class='ocr_line' id='line_1_10' title="bbox 220 1097 2035 1244; baseline -0.001 -84"><span class='ocrx_word' id='word_1_99' title='bbox 220 1100 351 1243; x_wconf 57' lang='lat' dir='ltr'><strong>torstnrou</strong></span> <span class='ocrx_word' id='word_1_100' title='bbox 369 1102 629 1244; x_wconf 64' lang='lat' dir='ltr'><strong>ilritadnnquomodo</strong></span> <span class='ocrx_word' id='word_1_101' title='bbox 644 1101 691 1165; x_wconf 90' lang='lat' dir='ltr'><strong>sol</strong></span> <span class='ocrx_word' id='word_1_102' title='bbox 706 1118 799 1165; x_wconf 88' lang='lat' dir='ltr'><strong>sanos</strong></span> <span class='ocrx_word' id='word_1_103' title='bbox 814 1103 921 1165; x_wconf 91' lang='lat' dir='ltr'><strong>oeulos</strong></span> <span class='ocrx_word' id='word_1_104' title='bbox 938 1103 1081 1184; x_wconf 82' lang='lat' dir='ltr'><strong>illustrat,</strong></span> <span class='ocrx_word' id='word_1_105' title='bbox 1125 1108 1174 1163; x_wconf 91' lang='lat' dir='ltr'><strong>set</strong></span> <span class='ocrx_word' id='word_1_106' title='bbox 1189 1118 1268 1179; x_wconf 90' lang='lat' dir='ltr'><strong>opus</strong></span> <span class='ocrx_word' id='word_1_107' title='bbox 1284 1103 1425 1163; x_wconf 86' lang='lat' dir='ltr'><strong>invocare</strong></span> <span class='ocrx_word' id='word_1_108' title='bbox 1436 1099 1641 1179; x_wconf 77' lang='lat' dir='ltr'><strong>praesentiam</strong></span> <span class='ocrx_word' id='word_1_109' title='bbox 1651 1098 1788 1177; x_wconf 79' lang='lat' dir='ltr'><strong>Spiritus</strong></span> <span class='ocrx_word' id='word_1_110' title='bbox 1801 1097 1916 1162; x_wconf 90' lang='lat' dir='ltr'><strong>saneti.</strong></span> <span class='ocrx_word' id='word_1_111' title='bbox 2034 1115 2035 1194; x_wconf 54' lang='lat' dir='ltr'><strong>r</strong></span> 
     </span>
     <span class='ocr_line' id='line_1_11' title="bbox 219 1183 2035 1249; baseline 0.002 -6"><span class='ocrx_word' id='word_1_112' title='bbox 219 1183 356 1247; x_wconf 87' lang='lat' dir='ltr'><strong>inrrmos</strong></span> <span class='ocrx_word' id='word_1_113' title='bbox 383 1201 416 1244; x_wconf 89' lang='lat' dir='ltr'><strong>ae</strong></span> <span class='ocrx_word' id='word_1_114' title='bbox 443 1185 474 1245; x_wconf 92' lang='lat' dir='ltr'><strong>il.</strong></span> <span class='ocrx_word' id='word_1_115' title='bbox 672 1242 674 1249; x_wconf 81' lang='grc'><strong>,</strong></span> <span class='ocrx_word' id='word_1_116' title='bbox 2034 1201 2035 1246; x_wconf 91' lang='lat' dir='ltr'><strong>l</strong></span> 
     </span>
     <span class='ocr_line' id='line_1_12' title="bbox 262 1258 2035 1346; baseline 0.002 -22"><span class='ocrx_word' id='word_1_117' title='bbox 262 1266 362 1327; x_wconf 80' lang='lat' dir='ltr'><strong>Tertio</strong></span> <span class='ocrx_word' id='word_1_118' title='bbox 385 1266 501 1343; x_wconf 84' lang='lat' dir='ltr'><strong>proteri</strong></span> <span class='ocrx_word' id='word_1_119' title='bbox 516 1258 595 1329; x_wconf 82' lang='lat' dir='ltr'><strong>idern</strong></span> <span class='ocrx_word' id='word_1_120' title='bbox 612 1266 718 1329; x_wconf 88' lang='lat' dir='ltr'><strong>Petrus</strong></span> <span class='ocrx_word' id='word_1_121' title='bbox 731 1272 844 1346; x_wconf 79' lang='lat' dir='ltr'><strong>martyr</strong></span> <span class='ocrx_word' id='word_1_122' title='bbox 872 1268 1081 1329; x_wconf 88' lang='lat' dir='ltr'><strong>testimoninm</strong></span> <span class='ocrx_word' id='word_1_123' title='bbox 1649 1321 1652 1325; x_wconf 10' lang='grc' dir='ltr'><em>Δ</em></span> <span class='ocrx_word' id='word_1_124' title='bbox 2034 1259 2035 1284; x_wconf 66' lang='lat'>¹</span> 
     </span>
     <span class='ocr_line' id='line_1_13' title="bbox 220 1347 1676 1447; baseline 0.001 -38"><span class='ocrx_word' id='word_1_125' title='bbox 220 1364 258 1409; x_wconf 81' lang='lat' dir='ltr'><strong>en</strong></span> <span class='ocrx_word' id='word_1_126' title='bbox 273 1347 379 1411; x_wconf 89' lang='lat' dir='ltr'><strong>eadem</strong></span> <span class='ocrx_word' id='word_1_127' title='bbox 393 1349 521 1426; x_wconf 89' lang='lat' dir='ltr'><strong>epistola</strong></span> <span class='ocrx_word' id='word_1_128' title='bbox 537 1349 575 1411; x_wconf 90' lang='lat' dir='ltr'><strong>ad</strong></span> <span class='ocrx_word' id='word_1_129' title='bbox 589 1348 790 1427; x_wconf 80' lang='lat' dir='ltr'><strong>Calosprinm‚</strong></span> <span class='ocrx_word' id='word_1_130' title='bbox 814 1350 865 1411; x_wconf 89' lang='lat' dir='ltr'><strong>ubi</strong></span> <span class='ocrx_word' id='word_1_131' title='bbox 884 1348 1010 1420; x_wconf 81' lang='lat' dir='ltr'><strong>Clrillos</strong></span> <span class='ocrx_word' id='word_1_132' title='bbox 1037 1352 1082 1411; x_wconf 90' lang='lat' dir='ltr'><strong>di·</strong></span> <span class='ocrx_word' id='word_1_133' title='bbox 1428 1378 1547 1443; x_wconf 63' lang='lat' dir='ltr'><strong>CAPUT</strong></span> <span class='ocrx_word' id='word_1_134' title='bbox 1568 1382 1676 1447; x_wconf 68' lang='lat' dir='ltr'><strong>mn</strong></span> 
     </span>
     <span class='ocr_line' id='line_1_14' title="bbox 221 1429 1689 1511; baseline 0.001 -18"><span class='ocrx_word' id='word_1_135' title='bbox 221 1434 272 1496; x_wconf 81' lang='lat' dir='ltr'><strong>eit.</strong></span> <span class='ocrx_word' id='word_1_136' title='bbox 290 1430 320 1491; x_wconf 91' lang='lat' dir='ltr'><strong>io</strong></span> <span class='ocrx_word' id='word_1_137' title='bbox 334 1446 412 1507; x_wconf 91' lang='lat' dir='ltr'><strong>pano</strong></span> <span class='ocrx_word' id='word_1_138' title='bbox 428 1439 458 1492; x_wconf 93' lang='lat' dir='ltr'><strong>ot</strong></span> <span class='ocrx_word' id='word_1_139' title='bbox 472 1432 542 1493; x_wconf 83' lang='lat' dir='ltr'><strong>uino</strong></span> <span class='ocrx_word' id='word_1_140' title='bbox 558 1430 638 1492; x_wconf 89' lang='lat' dir='ltr'><strong>sorni</strong></span> <span class='ocrx_word' id='word_1_141' title='bbox 650 1448 772 1493; x_wconf 90' lang='lat' dir='ltr'><strong>earnenr</strong></span> <span class='ocrx_word' id='word_1_142' title='bbox 790 1438 820 1493; x_wconf 91' lang='lat' dir='ltr'><strong>et</strong></span> <span class='ocrx_word' id='word_1_143' title='bbox 835 1434 1016 1511; x_wconf 74' lang='lat' dir='ltr'><strong>sanguinein</strong></span> <span class='ocrx_word' id='word_1_144' title='bbox 1027 1433 1083 1494; x_wconf 83' lang='lat' dir='ltr'><strong>lio·</strong></span> <span class='ocrx_word' id='word_1_145' title='bbox 1679 1429 1689 1447; x_wconf 84' lang='lat'><em>⁰</em></span> 
     </span>
     <span class='ocr_line' id='line_1_15' title="bbox 222 1512 1082 1595; baseline 0.005 -22"><span class='ocrx_word' id='word_1_146' title='bbox 222 1514 307 1574; x_wconf 89' lang='lat' dir='ltr'><strong>mini.</strong></span> <span class='ocrx_word' id='word_1_147' title='bbox 321 1512 396 1575; x_wconf 88' lang='lat' dir='ltr'><strong>item</strong></span> <span class='ocrx_word' id='word_1_148' title='bbox 412 1514 493 1575; x_wconf 90' lang='lat' dir='ltr'><strong>aliud</strong></span> <span class='ocrx_word' id='word_1_149' title='bbox 510 1530 547 1575; x_wconf 81' lang='lat' dir='ltr'><strong>ox</strong></span> <span class='ocrx_word' id='word_1_150' title='bbox 561 1513 650 1576; x_wconf 77' lang='lat' dir='ltr'><strong>tint.</strong></span> <span class='ocrx_word' id='word_1_151' title='bbox 667 1515 697 1575; x_wconf 88' lang='lat' dir='ltr'><strong>in</strong></span> <span class='ocrx_word' id='word_1_152' title='bbox 712 1512 801 1577; x_wconf 86' lang='lat' dir='ltr'><strong>toan.</strong></span> <span class='ocrx_word' id='word_1_153' title='bbox 820 1532 889 1591; x_wconf 91' lang='lat' dir='ltr'><strong>eap.</strong></span> <span class='ocrx_word' id='word_1_154' title='bbox 903 1515 1010 1577; x_wconf 67' lang='lat' dir='ltr'><strong>alunt</strong></span> <span class='ocrx_word' id='word_1_155' title='bbox 1027 1514 1082 1595; x_wconf 78' lang='lat' dir='ltr'><strong>Cy·</strong></span> 
     </span>
     <span class='ocr_line' id='line_1_16' title="bbox 221 1595 1084 1675; baseline 0.003 -19"><span class='ocrx_word' id='word_1_156' title='bbox 221 1597 310 1657; x_wconf 90' lang='lat' dir='ltr'><strong>ritlus</strong></span> <span class='ocrx_word' id='word_1_157' title='bbox 326 1596 410 1669; x_wconf 74' lang='lat' dir='ltr'><strong>llicit,</strong></span> <span class='ocrx_word' id='word_1_158' title='bbox 425 1595 576 1659; x_wconf 76' lang='lat' dir='ltr'><strong>Christum</strong></span> <span class='ocrx_word' id='word_1_159' title='bbox 602 1596 727 1661; x_wconf 87' lang='lat' dir='ltr'><strong>dedisse</strong></span> <span class='ocrx_word' id='word_1_160' title='bbox 743 1598 891 1675; x_wconf 90' lang='lat' dir='ltr'><strong>apostolis</strong></span> <span class='ocrx_word' id='word_1_161' title='bbox 917 1600 1084 1675; x_wconf 78' lang='lat' dir='ltr'><strong>fragmenta</strong></span> 
     </span>
     <span class='ocr_line' id='line_1_17' title="bbox 222 1676 1086 1759; baseline 0.006 -20"><span class='ocrx_word' id='word_1_162' title='bbox 222 1676 321 1759; x_wconf 83' lang='lat' dir='ltr'><strong>panis,</strong></span> <span class='ocrx_word' id='word_1_163' title='bbox 338 1695 406 1739; x_wconf 90' lang='lat' dir='ltr'><strong>eura</strong></span> <span class='ocrx_word' id='word_1_164' title='bbox 420 1680 471 1741; x_wconf 87' lang='lat' dir='ltr'><strong>ait:</strong></span> <span class='ocrx_word' id='word_1_165' title='bbox 488 1679 625 1758; x_wconf 83' lang='lat' dir='ltr'><strong>aeotptte</strong></span> <span class='ocrx_word' id='word_1_166' title='bbox 652 1684 681 1742; x_wconf 87' lang='lat' dir='ltr'><strong>ot</strong></span> <span class='ocrx_word' id='word_1_167' title='bbox 706 1680 929 1757; x_wconf 73' lang='lat' dir='ltr'><strong>mandenda,</strong></span> <span class='ocrx_word' id='word_1_168' title='bbox 959 1682 1017 1743; x_wconf 91' lang='lat' dir='ltr'><strong>hoo</strong></span> <span class='ocrx_word' id='word_1_169' title='bbox 1040 1690 1086 1744; x_wconf 87' lang='lat' dir='ltr'><strong>est</strong></span> 
     </span>
     <span class='ocr_line' id='line_1_18' title="bbox 222 1776 1891 1837; baseline 0.002 -16"><span class='ocrx_word' id='word_1_170' title='bbox 222 1776 338 1837; x_wconf 83' lang='lat' dir='ltr'><strong>eorpus</strong></span> <span class='ocrx_word' id='word_1_171' title='bbox 349 1777 468 1825; x_wconf 79' lang='lat' dir='ltr'><strong>urrerem.</strong></span> <span class='ocrx_word' id='word_1_172' title='bbox 1386 1798 1390 1803; x_wconf 37' lang='grc' dir='ltr'><em>ι</em></span> <span class='ocrx_word' id='word_1_173' title='bbox 1889 1827 1891 1830; x_wconf 77' lang='grc'><strong>,</strong></span> 
     </span>
     <span class='ocr_line' id='line_1_19' title="bbox 263 1840 2008 1926; baseline 0 -23"><span class='ocrx_word' id='word_1_174' title='bbox 263 1844 457 1920; x_wconf 77' lang='lat' dir='ltr'><strong>despondeo:</strong></span> <span class='ocrx_word' id='word_1_175' title='bbox 470 1844 601 1923; x_wconf 82' lang='lat' dir='ltr'><strong>Cyritlus</strong></span> <span class='ocrx_word' id='word_1_176' title='bbox 613 1860 797 1922; x_wconf 84' lang='lat' dir='ltr'><strong>paoem‚sen</strong></span> <span class='ocrx_word' id='word_1_177' title='bbox 813 1846 980 1926; x_wconf 73' lang='lat' dir='ltr'><strong>fragmenta</strong></span> <span class='ocrx_word' id='word_1_178' title='bbox 997 1846 1086 1923; x_wconf 90' lang='lat' dir='ltr'><strong>panis</strong></span> <span class='ocrx_word' id='word_1_179' title='bbox 1170 1842 1384 1907; x_wconf 78' lang='lat' dir='ltr'><strong>&#39;theodoretus</strong></span> <span class='ocrx_word' id='word_1_180' title='bbox 1398 1842 1538 1921; x_wconf 83' lang='lat' dir='ltr'><strong>aequalis</strong></span> <span class='ocrx_word' id='word_1_181' title='bbox 1553 1842 1654 1913; x_wconf 78' lang='lat' dir='ltr'><strong>duriili</strong></span> <span class='ocrx_word' id='word_1_182' title='bbox 1669 1843 1735 1916; x_wconf 80' lang='lat' dir='ltr'><strong>luit,</strong></span> <span class='ocrx_word' id='word_1_183' title='bbox 1752 1847 1784 1905; x_wconf 91' lang='lat' dir='ltr'><strong>et</strong></span> <span class='ocrx_word' id='word_1_184' title='bbox 1797 1842 1827 1903; x_wconf 91' lang='lat' dir='ltr'><strong>ei</strong></span> <span class='ocrx_word' id='word_1_185' title='bbox 1839 1840 1937 1903; x_wconf 90' lang='lat' dir='ltr'><strong>etiam</strong></span> <span class='ocrx_word' id='word_1_186' title='bbox 1955 1857 2008 1903; x_wconf 90' lang='lat' dir='ltr'><strong>su-</strong></span> 
     </span>
     <span class='ocr_line' id='line_1_20' title="bbox 223 1923 2006 2007; baseline -0.001 -22"><span class='ocrx_word' id='word_1_187' title='bbox 223 1932 310 1989; x_wconf 81' lang='lat' dir='ltr'><strong>aoeat</strong></span> <span class='ocrx_word' id='word_1_188' title='bbox 324 1926 568 1995; x_wconf 79' lang='lat' dir='ltr'><strong>Eucharistiarn.</strong></span> <span class='ocrx_word' id='word_1_189' title='bbox 592 1928 661 2007; x_wconf 87' lang='lat' dir='ltr'><strong>quia</strong></span> <span class='ocrx_word' id='word_1_190' title='bbox 678 1930 708 1990; x_wconf 94' lang='lat' dir='ltr'><strong>in</strong></span> <span class='ocrx_word' id='word_1_191' title='bbox 731 1929 837 2007; x_wconf 87' lang='lat' dir='ltr'><strong>speeie</strong></span> <span class='ocrx_word' id='word_1_192' title='bbox 865 1931 952 2006; x_wconf 90' lang='lat' dir='ltr'><strong>panis</strong></span> <span class='ocrx_word' id='word_1_193' title='bbox 977 1931 1084 1991; x_wconf 87' lang='lat' dir='ltr'><strong>datur:</strong></span> <span class='ocrx_word' id='word_1_194' title='bbox 1131 1929 1271 2006; x_wconf 82' lang='lat' dir='ltr'><strong>pervixit,</strong></span> <span class='ocrx_word' id='word_1_195' title='bbox 1289 1932 1322 1988; x_wconf 92' lang='lat' dir='ltr'><strong>ut</strong></span> <span class='ocrx_word' id='word_1_196' title='bbox 1336 1932 1420 2005; x_wconf 88' lang='lat' dir='ltr'><strong>patet</strong></span> <span class='ocrx_word' id='word_1_197' title='bbox 1431 1945 1470 1989; x_wconf 86' lang='lat' dir='ltr'><strong>ex</strong></span> <span class='ocrx_word' id='word_1_198' title='bbox 1484 1928 1576 2005; x_wconf 90' lang='lat' dir='ltr'><strong>epist.</strong></span> <span class='ocrx_word' id='word_1_199' title='bbox 1593 1926 1776 1989; x_wconf 74' lang='lat' dir='ltr'><strong>theodoreti</strong></span> <span class='ocrx_word' id='word_1_200' title='bbox 1791 1924 1829 1985; x_wconf 92' lang='lat' dir='ltr'><strong>ad</strong></span> <span class='ocrx_word' id='word_1_201' title='bbox 1843 1923 2006 1987; x_wconf 83' lang='lat' dir='ltr'><strong>loannem</strong></span> 
     </span>
     <span class='ocr_line' id='line_1_21' title="bbox 223 2007 2005 2089; baseline 0 -22"><span class='ocrx_word' id='word_1_202' title='bbox 223 2025 292 2069; x_wconf 87' lang='lat' dir='ltr'><strong>nam</strong></span> <span class='ocrx_word' id='word_1_203' title='bbox 310 2009 422 2085; x_wconf 83' lang='lat' dir='ltr'><strong>alioqui</strong></span> <span class='ocrx_word' id='word_1_204' title='bbox 440 2010 469 2071; x_wconf 91' lang='lat' dir='ltr'><strong>in</strong></span> <span class='ocrx_word' id='word_1_205' title='bbox 486 2010 594 2071; x_wconf 90' lang='lat' dir='ltr'><strong>eadem</strong></span> <span class='ocrx_word' id='word_1_206' title='bbox 610 2010 746 2089; x_wconf 87' lang='lat' dir='ltr'><strong>epistola</strong></span> <span class='ocrx_word' id='word_1_207' title='bbox 768 2010 804 2073; x_wconf 92' lang='lat' dir='ltr'><strong>od</strong></span> <span class='ocrx_word' id='word_1_208' title='bbox 829 2009 1013 2084; x_wconf 81' lang='lat' dir='ltr'><strong>Colosyriom</strong></span> <span class='ocrx_word' id='word_1_209' title='bbox 1043 2013 1088 2074; x_wconf 89' lang='lat' dir='ltr'><strong>di·</strong></span> <span class='ocrx_word' id='word_1_210' title='bbox 1131 2009 1358 2073; x_wconf 79' lang='lat' dir='ltr'><strong>durtioehenum</strong></span> <span class='ocrx_word' id='word_1_211' title='bbox 1373 2011 1412 2073; x_wconf 90' lang='lat' dir='ltr'><strong>de</strong></span> <span class='ocrx_word' id='word_1_212' title='bbox 1427 2011 1512 2072; x_wconf 92' lang='lat' dir='ltr'><strong>obito</strong></span> <span class='ocrx_word' id='word_1_213' title='bbox 1528 2009 1631 2089; x_wconf 75' lang='lat' dir='ltr'><strong>cyrilti</strong></span> <span class='ocrx_word' id='word_1_214' title='bbox 1649 2056 1658 2084; x_wconf 86' lang='lat'>,</span> <span class='ocrx_word' id='word_1_215' title='bbox 1674 2024 1760 2089; x_wconf 72' lang='lat' dir='ltr'><strong>‚quae</strong></span> <span class='ocrx_word' id='word_1_216' title='bbox 1788 2008 1904 2087; x_wconf 78' lang='lat' dir='ltr'><strong>legitur</strong></span> <span class='ocrx_word' id='word_1_217' title='bbox 1916 2010 1952 2069; x_wconf 86' lang='lat' dir='ltr'><strong>in</strong></span> <span class='ocrx_word' id='word_1_218' title='bbox 1967 2007 2005 2067; x_wconf 72' lang='lat' dir='ltr'><strong>l‘.</strong></span> 
     </span>
     <span class='ocr_line' id='line_1_22' title="bbox 223 2090 1263 2173; baseline 0.003 -23"><span class='ocrx_word' id='word_1_219' title='bbox 223 2090 313 2153; x_wconf 90' lang='lat' dir='ltr'><strong>sertis</strong></span> <span class='ocrx_word' id='word_1_220' title='bbox 330 2092 430 2153; x_wconf 84' lang='lat' dir='ltr'><strong>lor-nis</strong></span> <span class='ocrx_word' id='word_1_221' title='bbox 447 2091 574 2165; x_wconf 77' lang='lat' dir='ltr'><strong>tyrillus</strong></span> <span class='ocrx_word' id='word_1_222' title='bbox 599 2093 652 2167; x_wconf 92' lang='lat' dir='ltr'><strong>ait,</strong></span> <span class='ocrx_word' id='word_1_223' title='bbox 668 2108 780 2173; x_wconf 87' lang='lat' dir='ltr'><strong>ponem</strong></span> <span class='ocrx_word' id='word_1_224' title='bbox 803 2095 910 2156; x_wconf 87' lang='lat' dir='ltr'><strong>mutari</strong></span> <span class='ocrx_word' id='word_1_225' title='bbox 927 2095 958 2156; x_wconf 92' lang='lat' dir='ltr'><strong>in</strong></span> <span class='ocrx_word' id='word_1_226' title='bbox 981 2095 1086 2157; x_wconf 82' lang='lat' dir='ltr'><strong>verita·</strong></span> <span class='ocrx_word' id='word_1_227' title='bbox 1132 2093 1263 2172; x_wconf 85' lang='lat' dir='ltr'><strong>synodo.</strong></span> 
     </span>
     <span class='ocr_line' id='line_1_23' title="bbox 224 2171 2005 2253; baseline -0.001 -20"><span class='ocrx_word' id='word_1_228' title='bbox 224 2181 285 2234; x_wconf 89' lang='lat' dir='ltr'><strong>lero</strong></span> <span class='ocrx_word' id='word_1_229' title='bbox 302 2175 403 2237; x_wconf 90' lang='lat' dir='ltr'><strong>earnis</strong></span> <span class='ocrx_word' id='word_1_230' title='bbox 426 2174 548 2237; x_wconf 77' lang='lat' dir='ltr'><strong>Christi.</strong></span> <span class='ocrx_word' id='word_1_231' title='bbox 1174 2175 1238 2236; x_wconf 86' lang='lat' dir='ltr'><strong>lloo</strong></span> <span class='ocrx_word' id='word_1_232' title='bbox 1255 2176 1322 2237; x_wconf 88' lang='lat' dir='ltr'><strong>toea</strong></span> <span class='ocrx_word' id='word_1_233' title='bbox 1338 2174 1536 2253; x_wconf 83' lang='lat' dir='ltr'><strong>proteruntur</strong></span> <span class='ocrx_word' id='word_1_234' title='bbox 1549 2188 1588 2235; x_wconf 85' lang='lat' dir='ltr'><strong>ex</strong></span> <span class='ocrx_word' id='word_1_235' title='bbox 1602 2171 1796 2235; x_wconf 83' lang='lat' dir='ltr'><strong>&#39;theodoreto</strong></span> <span class='ocrx_word' id='word_1_236' title='bbox 1810 2218 1819 2245; x_wconf 92' lang='lat'>‚</span> <span class='ocrx_word' id='word_1_237' title='bbox 1834 2177 1903 2233; x_wconf 86' lang='lat' dir='ltr'><strong>turn</strong></span> <span class='ocrx_word' id='word_1_238' title='bbox 1917 2190 1935 2233; x_wconf 93' lang='lat' dir='ltr'><strong>a</strong></span> <span class='ocrx_word' id='word_1_239' title='bbox 1953 2189 2005 2233; x_wconf 91' lang='lat' dir='ltr'><strong>ea·</strong></span> 
     </span>
     <span class='ocr_line' id='line_1_24' title="bbox 264 2254 2006 2336; baseline -0.002 -19"><span class='ocrx_word' id='word_1_240' title='bbox 264 2256 375 2333; x_wconf 79' lang='lat' dir='ltr'><strong>Quarto</strong></span> <span class='ocrx_word' id='word_1_241' title='bbox 391 2257 620 2335; x_wconf 88' lang='lat' dir='ltr'><strong>prolertPetros</strong></span> <span class='ocrx_word' id='word_1_242' title='bbox 634 2262 742 2336; x_wconf 75' lang='lat' dir='ltr'><strong>martyr</strong></span> <span class='ocrx_word' id='word_1_243' title='bbox 753 2260 961 2321; x_wconf 88' lang='lat' dir='ltr'><strong>testimonium</strong></span> <span class='ocrx_word' id='word_1_244' title='bbox 977 2275 1015 2321; x_wconf 88' lang='lat' dir='ltr'><strong>ox</strong></span> <span class='ocrx_word' id='word_1_245' title='bbox 1029 2260 1086 2323; x_wconf 86' lang='lat' dir='ltr'><strong>lib.</strong></span> <span class='ocrx_word' id='word_1_246' title='bbox 1134 2257 1271 2329; x_wconf 90' lang='lat' dir='ltr'><strong>tholieis‚</strong></span> <span class='ocrx_word' id='word_1_247' title='bbox 1289 2264 1352 2319; x_wconf 86' lang='lat' dir='ltr'><strong>tom</strong></span> <span class='ocrx_word' id='word_1_248' title='bbox 1369 2257 1406 2318; x_wconf 82' lang='lat' dir='ltr'><strong>ab</strong></span> <span class='ocrx_word' id='word_1_249' title='bbox 1423 2255 1581 2318; x_wconf 81' lang='lat' dir='ltr'><strong>hereticis.</strong></span> <span class='ocrx_word' id='word_1_250' title='bbox 1595 2254 1681 2323; x_wconf 84' lang='lat' dir='ltr'><strong>Prior</strong></span> <span class='ocrx_word' id='word_1_251' title='bbox 1696 2261 1745 2317; x_wconf 84' lang='lat' dir='ltr'><strong>est</strong></span> <span class='ocrx_word' id='word_1_252' title='bbox 1759 2254 1790 2316; x_wconf 91' lang='lat' dir='ltr'><strong>io</strong></span> <span class='ocrx_word' id='word_1_253' title='bbox 1811 2256 1917 2333; x_wconf 89' lang='lat' dir='ltr'><strong>primo</strong></span> <span class='ocrx_word' id='word_1_254' title='bbox 1940 2254 2006 2315; x_wconf 91' lang='lat' dir='ltr'><strong>dia·</strong></span> 
     </span>
     <span class='ocr_line' id='line_1_25' title="bbox 222 2336 2008 2421; baseline -0.001 -22"><span class='ocrx_word' id='word_1_255' title='bbox 222 2336 254 2399; x_wconf 84' lang='grc'><strong>6.</strong></span> <span class='ocrx_word' id='word_1_256' title='bbox 271 2340 301 2399; x_wconf 91' lang='lat' dir='ltr'><strong>in</strong></span> <span class='ocrx_word' id='word_1_257' title='bbox 314 2338 403 2402; x_wconf 89' lang='lat' dir='ltr'><strong>loao.</strong></span> <span class='ocrx_word' id='word_1_258' title='bbox 420 2358 488 2419; x_wconf 87' lang='lat' dir='ltr'><strong>eap.</strong></span> <span class='ocrx_word' id='word_1_259' title='bbox 506 2340 612 2404; x_wconf 78' lang='lat' dir='ltr'><strong>liubi</strong></span> <span class='ocrx_word' id='word_1_260' title='bbox 629 2342 761 2421; x_wconf 81' lang='lat' dir='ltr'><strong>legimus</strong></span> <span class='ocrx_word' id='word_1_261' title='bbox 775 2340 928 2405; x_wconf 76' lang='lat' dir='ltr'><strong>Christum</strong></span> <span class='ocrx_word' id='word_1_262' title='bbox 940 2358 1086 2421; x_wconf 88' lang='lat' dir='ltr'><strong>praesen·</strong></span> <span class='ocrx_word' id='word_1_263' title='bbox 1130 2341 1214 2419; x_wconf 81' lang='lat' dir='ltr'><strong>logo:</strong></span> <span class='ocrx_word' id='word_1_264' title='bbox 1233 2340 1396 2410; x_wconf 77' lang='lat' dir='ltr'><strong>Servatur.</strong></span> <span class='ocrx_word' id='word_1_265' title='bbox 1419 2340 1530 2416; x_wconf 83' lang='lat' dir='ltr'><strong>inquit.</strong></span> <span class='ocrx_word' id='word_1_266' title='bbox 1546 2344 1656 2401; x_wconf 85' lang='lat' dir='ltr'><strong>noster</strong></span> <span class='ocrx_word' id='word_1_267' title='bbox 1664 2338 1803 2401; x_wconf 85' lang='lat' dir='ltr'><strong>nomino</strong></span> <span class='ocrx_word' id='word_1_268' title='bbox 1818 2344 2008 2399; x_wconf 75' lang='lat' dir='ltr'><strong>courmelo-</strong></span> 
     </span>
     <span class='ocr_line' id='line_1_26' title="bbox 205 2418 2007 2502; baseline -0.001 -21"><span class='ocrx_word' id='word_1_269' title='bbox 205 2422 295 2483; x_wconf 81' lang='lat' dir='ltr'><strong>&#39;tiam</strong></span> <span class='ocrx_word' id='word_1_270' title='bbox 311 2422 450 2500; x_wconf 90' lang='lat' dir='ltr'><strong>eorporis</strong></span> <span class='ocrx_word' id='word_1_271' title='bbox 464 2423 510 2484; x_wconf 89' lang='lat' dir='ltr'><strong>sui</strong></span> <span class='ocrx_word' id='word_1_272' title='bbox 534 2423 606 2486; x_wconf 87' lang='lat' dir='ltr'><strong>trine</strong></span> <span class='ocrx_word' id='word_1_273' title='bbox 620 2424 820 2499; x_wconf 85' lang='lat' dir='ltr'><strong>subduxisse,</strong></span> <span class='ocrx_word' id='word_1_274' title='bbox 834 2431 934 2487; x_wconf 86' lang='lat' dir='ltr'><strong>tamen</strong></span> <span class='ocrx_word' id='word_1_275' title='bbox 950 2425 1088 2489; x_wconf 86' lang='lat' dir='ltr'><strong>divinita·</strong></span> <span class='ocrx_word' id='word_1_276' title='bbox 1130 2424 1201 2498; x_wconf 82' lang='lat' dir='ltr'><strong>uit,</strong></span> <span class='ocrx_word' id='word_1_277' title='bbox 1224 2431 1254 2485; x_wconf 87' lang='lat' dir='ltr'><strong>et</strong></span> <span class='ocrx_word' id='word_1_278' title='bbox 1274 2424 1405 2501; x_wconf 79' lang='lat' dir='ltr'><strong>corpori</strong></span> <span class='ocrx_word' id='word_1_279' title='bbox 1426 2423 1559 2502; x_wconf 77' lang='lat' dir='ltr'><strong>quidone</strong></span> <span class='ocrx_word' id='word_1_280' title='bbox 1578 2422 1637 2493; x_wconf 86' lang='lat' dir='ltr'><strong>id,</strong></span> <span class='ocrx_word' id='word_1_281' title='bbox 1671 2421 1851 2497; x_wconf 81' lang='lat' dir='ltr'><strong>quoderat</strong></span> <span class='ocrx_word' id='word_1_282' title='bbox 1872 2418 2007 2499; x_wconf 78' lang='lat' dir='ltr'><strong>synodo</strong></span> 
     </span>
     <span class='ocr_line' id='line_1_27' title="bbox 224 2501 2010 2584; baseline -0.001 -19"><span class='ocrx_word' id='word_1_283' title='bbox 224 2506 263 2565; x_wconf 86' lang='lat' dir='ltr'><strong>tis</strong></span> <span class='ocrx_word' id='word_1_284' title='bbox 278 2504 437 2583; x_wconf 79' lang='lat' dir='ltr'><strong>maiestate</strong></span> <span class='ocrx_word' id='word_1_285' title='bbox 452 2522 577 2584; x_wconf 88' lang='lat' dir='ltr'><strong>semper</strong></span> <span class='ocrx_word' id='word_1_286' title='bbox 592 2506 716 2570; x_wconf 90' lang='lat' dir='ltr'><strong>adesse.</strong></span> <span class='ocrx_word' id='word_1_287' title='bbox 1132 2506 1178 2575; x_wconf 85' lang='lat' dir='ltr'><strong>lt,</strong></span> <span class='ocrx_word' id='word_1_288' title='bbox 1202 2501 1245 2569; x_wconf 67' lang='lat' dir='ltr'><strong>oe&#39;</strong></span> <span class='ocrx_word' id='word_1_289' title='bbox 1261 2506 1352 2584; x_wconf 82' lang='lat' dir='ltr'><strong>sip-ni</strong></span> <span class='ocrx_word' id='word_1_290' title='bbox 1371 2520 1493 2569; x_wconf 82' lang='lat' dir='ltr'><strong>uomere</strong></span> <span class='ocrx_word' id='word_1_291' title='bbox 1513 2504 1692 2583; x_wconf 79' lang='lat' dir='ltr'><strong>imposuit.-</strong></span> <span class='ocrx_word' id='word_1_292' title='bbox 1714 2502 1858 2583; x_wconf 67' lang='lat' dir='ltr'><strong>spineolo</strong></span> <span class='ocrx_word' id='word_1_293' title='bbox 1890 2508 2010 2563; x_wconf 74' lang='lat' dir='ltr'><strong>outmn</strong></span> 
     </span>
     <span class='ocr_line' id='line_1_28' title="bbox 257 2583 2008 2670; baseline -0.001 -23"><span class='ocrx_word' id='word_1_294' title='bbox 257 2587 322 2648; x_wconf 73' lang='lat' dir='ltr'><strong>&#39;ilie</strong></span> <span class='ocrx_word' id='word_1_295' title='bbox 337 2603 407 2649; x_wconf 89' lang='lat' dir='ltr'><strong>reru</strong></span> <span class='ocrx_word' id='word_1_296' title='bbox 424 2590 525 2665; x_wconf 88' lang='lat' dir='ltr'><strong>prodit</strong></span> <span class='ocrx_word' id='word_1_297' title='bbox 541 2590 773 2670; x_wconf 76' lang='lat' dir='ltr'><strong>pseudomartpr</strong></span> <span class='ocrx_word' id='word_1_298' title='bbox 794 2589 1034 2669; x_wconf 82' lang='lat' dir='ltr'><strong>negligentiam,</strong></span> <span class='ocrx_word' id='word_1_299' title='bbox 1057 2595 1090 2652; x_wconf 88' lang='lat' dir='ltr'><strong>et</strong></span> <span class='ocrx_word' id='word_1_300' title='bbox 1132 2590 1313 2668; x_wconf 81' lang='lat' dir='ltr'><strong>prenderat</strong></span> <span class='ocrx_word' id='word_1_301' title='bbox 1334 2589 1491 2666; x_wconf 73' lang='lat' dir='ltr'><strong>corporis.</strong></span> <span class='ocrx_word' id='word_1_302' title='bbox 1515 2586 1596 2647; x_wconf 89' lang='lat' dir='ltr'><strong>llaee</strong></span> <span class='ocrx_word' id='word_1_303' title='bbox 1624 2586 1690 2648; x_wconf 89' lang='lat' dir='ltr'><strong>ille.</strong></span> <span class='ocrx_word' id='word_1_304' title='bbox 1721 2588 1805 2658; x_wconf 80' lang='lat' dir='ltr'><strong>Quae</strong></span> <span class='ocrx_word' id='word_1_305' title='bbox 1827 2583 1925 2647; x_wconf 86' lang='lat' dir='ltr'><strong>rerba</strong></span> <span class='ocrx_word' id='word_1_306' title='bbox 1947 2600 2008 2663; x_wconf 89' lang='lat' dir='ltr'><strong>pro</strong></span> 
     </span>
     <span class='ocr_line' id='line_1_29' title="bbox 225 2664 2012 2750; baseline 0.001 -21"><span class='ocrx_word' id='word_1_307' title='bbox 225 2669 446 2746; x_wconf 88' lang='lat' dir='ltr'><strong>impudentiam</strong></span> <span class='ocrx_word' id='word_1_308' title='bbox 460 2670 558 2731; x_wconf 89' lang='lat' dir='ltr'><strong>suam.</strong></span> <span class='ocrx_word' id='word_1_309' title='bbox 574 2670 647 2733; x_wconf 89' lang='lat' dir='ltr'><strong>Nam</strong></span> <span class='ocrx_word' id='word_1_310' title='bbox 662 2678 766 2735; x_wconf 86' lang='lat' dir='ltr'><strong>sextos</strong></span> <span class='ocrx_word' id='word_1_311' title='bbox 788 2672 841 2733; x_wconf 92' lang='lat' dir='ltr'><strong>illo</strong></span> <span class='ocrx_word' id='word_1_312' title='bbox 863 2673 942 2735; x_wconf 86' lang='lat' dir='ltr'><strong>liber</strong></span> <span class='ocrx_word' id='word_1_313' title='bbox 964 2679 1090 2735; x_wconf 91' lang='lat' dir='ltr'><strong>nonest</strong></span> <span class='ocrx_word' id='word_1_314' title='bbox 1132 2688 1167 2733; x_wconf 90' lang='lat' dir='ltr'><strong>se</strong></span> <span class='ocrx_word' id='word_1_315' title='bbox 1182 2673 1337 2750; x_wconf 90' lang='lat' dir='ltr'><strong>aeeipiunt</strong></span> <span class='ocrx_word' id='word_1_316' title='bbox 1350 2668 1537 2743; x_wconf 11' lang='lat' dir='ltr'><strong>*adversarii*</strong></span> <span class='ocrx_word' id='word_1_317' title='bbox 1563 2668 1624 2731; x_wconf 91' lang='lat' dir='ltr'><strong>Sed</strong></span> <span class='ocrx_word' id='word_1_318' title='bbox 1651 2664 1744 2744; x_wconf 88' lang='lat' dir='ltr'><strong>paulo</strong></span> <span class='ocrx_word' id='word_1_319' title='bbox 1764 2672 1838 2744; x_wconf 90' lang='lat' dir='ltr'><strong>post</strong></span> <span class='ocrx_word' id='word_1_320' title='bbox 1856 2665 1902 2728; x_wconf 92' lang='lat' dir='ltr'><strong>ila</strong></span> <span class='ocrx_word' id='word_1_321' title='bbox 1930 2668 2012 2730; x_wconf 87' lang='lat' dir='ltr'><strong>suh·</strong></span> 
     </span>
     <span class='ocr_line' id='line_1_30' title="bbox 227 2749 2009 2833; baseline -0.001 -22"><span class='ocrx_word' id='word_1_322' title='bbox 227 2751 343 2830; x_wconf 75' lang='lat' dir='ltr'><strong>cyrilli,</strong></span> <span class='ocrx_word' id='word_1_323' title='bbox 360 2754 416 2815; x_wconf 90' lang='lat' dir='ltr'><strong>sed</strong></span> <span class='ocrx_word' id='word_1_324' title='bbox 431 2752 538 2816; x_wconf 88' lang='lat' dir='ltr'><strong>lodoui</strong></span> <span class='ocrx_word' id='word_1_325' title='bbox 556 2753 724 2828; x_wconf 86' lang='lat' dir='ltr'><strong>Clietouei‚</strong></span> <span class='ocrx_word' id='word_1_326' title='bbox 749 2760 782 2815; x_wconf 94' lang='lat' dir='ltr'><strong>ut</strong></span> <span class='ocrx_word' id='word_1_327' title='bbox 811 2753 902 2815; x_wconf 88' lang='lat' dir='ltr'><strong>etiarn</strong></span> <span class='ocrx_word' id='word_1_328' title='bbox 929 2756 1091 2833; x_wconf 80' lang='lat' dir='ltr'><strong>inscriptio</strong></span> <span class='ocrx_word' id='word_1_329' title='bbox 1130 2753 1257 2833; x_wconf 81' lang='lat' dir='ltr'><strong>jungit,</strong></span> <span class='ocrx_word' id='word_1_330' title='bbox 1287 2754 1423 2817; x_wconf 88' lang='lat' dir='ltr'><strong>reddens</strong></span> <span class='ocrx_word' id='word_1_331' title='bbox 1451 2768 1591 2815; x_wconf 90' lang='lat' dir='ltr'><strong>eaussam</strong></span> <span class='ocrx_word' id='word_1_332' title='bbox 1617 2749 1795 2819; x_wconf 86' lang='lat' dir='ltr'><strong>mutationis</strong></span> <span class='ocrx_word' id='word_1_333' title='bbox 1809 2750 2009 2811; x_wconf 91' lang='lat' dir='ltr'><strong>nominum:</strong></span> 
     </span>
     <span class='ocr_line' id='line_1_31' title="bbox 225 2833 2012 2914; baseline 0.001 -22"><span class='ocrx_word' id='word_1_334' title='bbox 225 2835 516 2913; x_wconf 82' lang='lat' dir='ltr'><strong>librorumindiea13</strong></span> <span class='ocrx_word' id='word_1_335' title='bbox 535 2838 693 2914; x_wconf 82' lang='lat' dir='ltr'><strong>perierunt</strong></span> <span class='ocrx_word' id='word_1_336' title='bbox 715 2836 796 2897; x_wconf 88' lang='lat' dir='ltr'><strong>enirn</strong></span> <span class='ocrx_word' id='word_1_337' title='bbox 819 2852 858 2899; x_wconf 78' lang='lat' dir='ltr'><strong>aa</strong></span> <span class='ocrx_word' id='word_1_338' title='bbox 872 2838 1037 2900; x_wconf 88' lang='lat' dir='ltr'><strong>doodeeirn</strong></span> <span class='ocrx_word' id='word_1_339' title='bbox 1054 2839 1090 2899; x_wconf 90' lang='lat' dir='ltr'><strong>li·</strong></span> <span class='ocrx_word' id='word_1_340' title='bbox 1138 2835 1264 2899; x_wconf 81' lang='lat' dir='ltr'><strong>Volebat</strong></span> <span class='ocrx_word' id='word_1_341' title='bbox 1291 2840 1391 2909; x_wconf 85' lang='lat' dir='ltr'><strong>euim,</strong></span> <span class='ocrx_word' id='word_1_342' title='bbox 1421 2836 1531 2913; x_wconf 85' lang='lat' dir='ltr'><strong>inquit,</strong></span> <span class='ocrx_word' id='word_1_343' title='bbox 1562 2849 1625 2907; x_wconf 83' lang='lat' dir='ltr'><strong>eoo,</strong></span> <span class='ocrx_word' id='word_1_344' title='bbox 1651 2833 1711 2914; x_wconf 85' lang='lat' dir='ltr'><strong>qui</strong></span> <span class='ocrx_word' id='word_1_345' title='bbox 1732 2838 1810 2896; x_wconf 81' lang='lat' dir='ltr'><strong>eunt</strong></span> <span class='ocrx_word' id='word_1_346' title='bbox 1829 2834 2012 2913; x_wconf 69' lang='lat' dir='ltr'><strong>saepeteste-</strong></span> 
     </span>
     <span class='ocr_line' id='line_1_32' title="bbox 223 2918 2014 2998; baseline -0.002 -19"><span class='ocrx_word' id='word_1_347' title='bbox 223 2918 1091 2996; x_wconf 70' lang='lat' dir='ltr'><strong>bristurilliinloaonemquatuorinlorrnedii‚sedeos</strong></span> <span class='ocrx_word' id='word_1_348' title='bbox 1132 2934 1209 2981; x_wconf 84' lang='lat' dir='ltr'><strong>rum</strong></span> <span class='ocrx_word' id='word_1_349' title='bbox 1234 2921 1435 2998; x_wconf 80' lang='lat' dir='ltr'><strong>participes,</strong></span> <span class='ocrx_word' id='word_1_350' title='bbox 1471 2933 1541 2980; x_wconf 88' lang='lat' dir='ltr'><strong>uou</strong></span> <span class='ocrx_word' id='word_1_351' title='bbox 1571 2918 1738 2984; x_wconf 82' lang='lat' dir='ltr'><strong>attendere</strong></span> <span class='ocrx_word' id='word_1_352' title='bbox 1765 2922 1932 2979; x_wconf 79' lang='lat' dir='ltr'><strong>uenturam</strong></span> <span class='ocrx_word' id='word_1_353' title='bbox 1961 2933 2014 2977; x_wconf 88' lang='lat' dir='ltr'><strong>eo·</strong></span> 
     </span>
     <span class='ocr_line' id='line_1_33' title="bbox 222 3000 2015 3081; baseline -0.002 -20"><span class='ocrx_word' id='word_1_354' title='bbox 222 3002 378 3079; x_wconf 89' lang='lat' dir='ltr'><strong>supplerit</strong></span> <span class='ocrx_word' id='word_1_355' title='bbox 393 3002 577 3062; x_wconf 84' lang='lat' dir='ltr'><strong>Ctiotoreos.</strong></span> <span class='ocrx_word' id='word_1_356' title='bbox 593 3000 667 3062; x_wconf 83' lang='lat' dir='ltr'><strong>Corn</strong></span> <span class='ocrx_word' id='word_1_357' title='bbox 697 3006 798 3063; x_wconf 89' lang='lat' dir='ltr'><strong>autern</strong></span> <span class='ocrx_word' id='word_1_358' title='bbox 820 3001 992 3065; x_wconf 83' lang='lat' dir='ltr'><strong>Cliotoveus</strong></span> <span class='ocrx_word' id='word_1_359' title='bbox 1017 3012 1089 3065; x_wconf 87' lang='lat' dir='ltr'><strong>ante</strong></span> <span class='ocrx_word' id='word_1_360' title='bbox 1132 3017 1232 3073; x_wconf 86' lang='lat' dir='ltr'><strong>rum,</strong></span> <span class='ocrx_word' id='word_1_361' title='bbox 1262 3018 1349 3081; x_wconf 80' lang='lat' dir='ltr'><strong>quone</strong></span> <span class='ocrx_word' id='word_1_362' title='bbox 1376 3002 1551 3067; x_wconf 82' lang='lat' dir='ltr'><strong>uideatur.</strong></span> <span class='ocrx_word' id='word_1_363' title='bbox 1581 3001 1640 3062; x_wconf 88' lang='lat' dir='ltr'><strong>sed</strong></span> <span class='ocrx_word' id='word_1_364' title='bbox 1665 3002 1801 3078; x_wconf 83' lang='lat' dir='ltr'><strong>propter</strong></span> <span class='ocrx_word' id='word_1_365' title='bbox 1826 3001 2015 3062; x_wconf 76' lang='lat' dir='ltr'><strong>murinum</strong></span> 
     </span>
     <span class='ocr_line' id='line_1_34' title="bbox 225 3082 2016 3166; baseline 0 -23"><span class='ocrx_word' id='word_1_366' title='bbox 225 3100 340 3160; x_wconf 90' lang='lat' dir='ltr'><strong>pnneos</strong></span> <span class='ocrx_word' id='word_1_367' title='bbox 356 3099 453 3145; x_wconf 88' lang='lat' dir='ltr'><strong>anons</strong></span> <span class='ocrx_word' id='word_1_368' title='bbox 469 3086 587 3156; x_wconf 77' lang='lat' dir='ltr'><strong>viserit,</strong></span> <span class='ocrx_word' id='word_1_369' title='bbox 600 3082 802 3162; x_wconf 89' lang='lat' dir='ltr'><strong>etseripserit</strong></span> <span class='ocrx_word' id='word_1_370' title='bbox 815 3092 919 3148; x_wconf 89' lang='lat' dir='ltr'><strong>eontra</strong></span> <span class='ocrx_word' id='word_1_371' title='bbox 930 3084 1090 3148; x_wconf 88' lang='lat' dir='ltr'><strong>Oeeolam·</strong></span> <span class='ocrx_word' id='word_1_372' title='bbox 1131 3086 1409 3166; x_wconf 81' lang='lat' dir='ltr'><strong>permutationem</strong></span> <span class='ocrx_word' id='word_1_373' title='bbox 1421 3083 1611 3150; x_wconf 84' lang='lat' dir='ltr'><strong>mutotiooi.</strong></span> <span class='ocrx_word' id='word_1_374' title='bbox 1627 3098 1713 3163; x_wconf 87' lang='lat' dir='ltr'><strong>quoe</strong></span> <span class='ocrx_word' id='word_1_375' title='bbox 1741 3084 1781 3161; x_wconf 73' lang='lat' dir='ltr'><strong>lit</strong></span> <span class='ocrx_word' id='word_1_376' title='bbox 1808 3098 1851 3144; x_wconf 85' lang='lat' dir='ltr'><strong>eae</strong></span> <span class='ocrx_word' id='word_1_377' title='bbox 1881 3082 2016 3160; x_wconf 77' lang='lat' dir='ltr'><strong>pretio.</strong></span> 
     </span>
     <span class='ocr_line' id='line_1_35' title="bbox 225 3165 2016 3244; baseline 0 -19"><span class='ocrx_word' id='word_1_378' title='bbox 225 3166 348 3242; x_wconf 90' lang='lat' dir='ltr'><strong>podium</strong></span> <span class='ocrx_word' id='word_1_379' title='bbox 365 3167 402 3226; x_wconf 89' lang='lat' dir='ltr'><strong>de</strong></span> <span class='ocrx_word' id='word_1_380' title='bbox 417 3165 653 3238; x_wconf 72' lang='lat' dir='ltr'><strong>Eucharistiaet</strong></span> <span class='ocrx_word' id='word_1_381' title='bbox 667 3166 860 3244; x_wconf 88' lang='lat' dir='ltr'><strong>apertissime</strong></span> <span class='ocrx_word' id='word_1_382' title='bbox 875 3167 973 3231; x_wconf 91' lang='lat' dir='ltr'><strong>hostis</strong></span> <span class='ocrx_word' id='word_1_383' title='bbox 986 3169 1089 3232; x_wconf 82' lang='lat' dir='ltr'><strong>Soura·</strong></span> <span class='ocrx_word' id='word_1_384' title='bbox 1134 3171 1274 3232; x_wconf 82' lang='lat' dir='ltr'><strong>eradere.</strong></span> <span class='ocrx_word' id='word_1_385' title='bbox 1291 3169 1374 3231; x_wconf 90' lang='lat' dir='ltr'><strong>llaee</strong></span> <span class='ocrx_word' id='word_1_386' title='bbox 1388 3168 1453 3244; x_wconf 80' lang='lat' dir='ltr'><strong>itie3</strong></span> <span class='ocrx_word' id='word_1_387' title='bbox 1469 3167 1521 3230; x_wconf 87' lang='lat' dir='ltr'><strong>ubi</strong></span> <span class='ocrx_word' id='word_1_388' title='bbox 1537 3167 1621 3237; x_wconf 86' lang='lat' dir='ltr'><strong>dieit,</strong></span> <span class='ocrx_word' id='word_1_389' title='bbox 1639 3182 1751 3243; x_wconf 89' lang='lat' dir='ltr'><strong>paoem</strong></span> <span class='ocrx_word' id='word_1_390' title='bbox 1775 3169 1921 3228; x_wconf 88' lang='lat' dir='ltr'><strong>roeatom</strong></span> <span class='ocrx_word' id='word_1_391' title='bbox 1938 3180 2016 3227; x_wconf 87' lang='lat' dir='ltr'><strong>esse</strong></span> 
     </span>
     <span class='ocr_line' id='line_1_36' title="bbox 227 3245 2018 3329; baseline 0 -21"><span class='ocrx_word' id='word_1_392' title='bbox 227 3245 445 3310; x_wconf 83' lang='lat' dir='ltr'><strong>montariorom</strong></span> <span class='ocrx_word' id='word_1_393' title='bbox 461 3248 562 3318; x_wconf 87' lang='lat' dir='ltr'><strong>luerit,</strong></span> <span class='ocrx_word' id='word_1_394' title='bbox 577 3247 708 3310; x_wconf 88' lang='lat' dir='ltr'><strong>dubitari</strong></span> <span class='ocrx_word' id='word_1_395' title='bbox 731 3265 793 3311; x_wconf 93' lang='lat' dir='ltr'><strong>non</strong></span> <span class='ocrx_word' id='word_1_396' title='bbox 809 3255 923 3322; x_wconf 89' lang='lat' dir='ltr'><strong>potest,</strong></span> <span class='ocrx_word' id='word_1_397' title='bbox 940 3251 1014 3328; x_wconf 88' lang='lat' dir='ltr'><strong>quin</strong></span> <span class='ocrx_word' id='word_1_398' title='bbox 1037 3253 1109 3313; x_wconf 90' lang='lat' dir='ltr'><strong>illa·</strong></span> <span class='ocrx_word' id='word_1_399' title='bbox 1133 3267 1261 3329; x_wconf 79' lang='lat' dir='ltr'><strong>eorpus.</strong></span> <span class='ocrx_word' id='word_1_400' title='bbox 1277 3259 1310 3313; x_wconf 95' lang='lat' dir='ltr'><strong>ut</strong></span> <span class='ocrx_word' id='word_1_401' title='bbox 1322 3269 1358 3313; x_wconf 83' lang='lat' dir='ltr'><strong>ex</strong></span> <span class='ocrx_word' id='word_1_402' title='bbox 1374 3252 1507 3312; x_wconf 89' lang='lat' dir='ltr'><strong>nominis</strong></span> <span class='ocrx_word' id='word_1_403' title='bbox 1521 3251 1689 3310; x_wconf 88' lang='lat' dir='ltr'><strong>motatione</strong></span> <span class='ocrx_word' id='word_1_404' title='bbox 1702 3248 2018 3326; x_wconf 76' lang='lat' dir='ltr'><strong>intelligeremus,et</strong></span> 
     </span>
     <span class='ocr_line' id='line_1_37' title="bbox 228 3329 2015 3410; baseline 0 -20"><span class='ocrx_word' id='word_1_405' title='bbox 228 3331 297 3408; x_wconf 76' lang='lat' dir='ltr'><strong>rrius</strong></span> <span class='ocrx_word' id='word_1_406' title='bbox 313 3330 404 3392; x_wconf 85' lang='lat' dir='ltr'><strong>rerha</strong></span> <span class='ocrx_word' id='word_1_407' title='bbox 417 3345 478 3392; x_wconf 91' lang='lat' dir='ltr'><strong>ooo</strong></span> <span class='ocrx_word' id='word_1_408' title='bbox 496 3337 671 3410; x_wconf 78' lang='lat' dir='ltr'><strong>repugnent</strong></span> <span class='ocrx_word' id='word_1_409' title='bbox 682 3332 798 3394; x_wconf 83' lang='lat' dir='ltr'><strong>veritati</strong></span> <span class='ocrx_word' id='word_1_410' title='bbox 813 3331 1090 3397; x_wconf 72' lang='lat' dir='ltr'><strong>Euetransuueot·</strong></span> <span class='ocrx_word' id='word_1_411' title='bbox 1134 3334 1333 3397; x_wconf 81' lang='lat' dir='ltr'><strong>crederemus</strong></span> <span class='ocrx_word' id='word_1_412' title='bbox 1348 3335 1391 3396; x_wconf 91' lang='lat' dir='ltr'><strong>rei</strong></span> <span class='ocrx_word' id='word_1_413' title='bbox 1407 3334 1616 3395; x_wconf 87' lang='lat' dir='ltr'><strong>mutationem.</strong></span> <span class='ocrx_word' id='word_1_414' title='bbox 1634 3331 1700 3393; x_wconf 91' lang='lat' dir='ltr'><strong>lloo</strong></span> <span class='ocrx_word' id='word_1_415' title='bbox 1715 3346 1791 3408; x_wconf 81' lang='lat' dir='ltr'><strong>ergo</strong></span> <span class='ocrx_word' id='word_1_416' title='bbox 1812 3329 1879 3392; x_wconf 89' lang='lat' dir='ltr'><strong>rult</strong></span> <span class='ocrx_word' id='word_1_417' title='bbox 1907 3329 2015 3390; x_wconf 82' lang='lat' dir='ltr'><strong>Theo·</strong></span> 
     </span>
     <span class='ocr_line' id='line_1_38' title="bbox 229 3412 2016 3496; baseline -0.001 -22"><span class='ocrx_word' id='word_1_418' title='bbox 229 3431 289 3491; x_wconf 84' lang='lat' dir='ltr'><strong>que</strong></span> <span class='ocrx_word' id='word_1_419' title='bbox 305 3413 378 3476; x_wconf 90' lang='lat' dir='ltr'><strong>hine</strong></span> <span class='ocrx_word' id='word_1_420' title='bbox 394 3413 544 3474; x_wconf 81' lang='lat' dir='ltr'><strong>discimus</strong></span> <span class='ocrx_word' id='word_1_421' title='bbox 559 3429 620 3476; x_wconf 90' lang='lat' dir='ltr'><strong>non</strong></span> <span class='ocrx_word' id='word_1_422' title='bbox 638 3429 708 3476; x_wconf 91' lang='lat' dir='ltr'><strong>esse</strong></span> <span class='ocrx_word' id='word_1_423' title='bbox 725 3413 896 3478; x_wconf 87' lang='lat' dir='ltr'><strong>mirandum</strong></span> <span class='ocrx_word' id='word_1_424' title='bbox 914 3463 922 3492; x_wconf 96' lang='lat'><strong>‚</strong></span> <span class='ocrx_word' id='word_1_425' title='bbox 950 3418 975 3480; x_wconf 91' lang='lat' dir='ltr'><strong>si</strong></span> <span class='ocrx_word' id='word_1_426' title='bbox 992 3417 1092 3495; x_wconf 73' lang='lat' dir='ltr'><strong>lugu·</strong></span> <span class='ocrx_word' id='word_1_427' title='bbox 1135 3417 1260 3479; x_wconf 88' lang='lat' dir='ltr'><strong>doretus</strong></span> <span class='ocrx_word' id='word_1_428' title='bbox 1274 3416 1322 3496; x_wconf 89' lang='lat' dir='ltr'><strong>(ut</strong></span> <span class='ocrx_word' id='word_1_429' title='bbox 1336 3415 1499 3478; x_wconf 80' lang='lat' dir='ltr'><strong>aduersarii</strong></span> <span class='ocrx_word' id='word_1_430' title='bbox 1515 3413 1635 3493; x_wconf 81' lang='lat' dir='ltr'><strong>dieunt)</strong></span> <span class='ocrx_word' id='word_1_431' title='bbox 1650 3412 1876 3476; x_wconf 76' lang='lat' dir='ltr'><strong>Eucharistiam</strong></span> <span class='ocrx_word' id='word_1_432' title='bbox 1904 3413 2016 3474; x_wconf 81' lang='lat' dir='ltr'><strong>vocari</strong></span> 
     </span>
     <span class='ocr_line' id='line_1_39' title="bbox 226 3495 2016 3577; baseline 0 -23"><span class='ocrx_word' id='word_1_433' title='bbox 226 3497 339 3567; x_wconf 79' lang='lat' dir='ltr'><strong>sttruos,</strong></span> <span class='ocrx_word' id='word_1_434' title='bbox 357 3496 580 3567; x_wconf 79' lang='lat' dir='ltr'><strong>theodoretus,</strong></span> <span class='ocrx_word' id='word_1_435' title='bbox 598 3502 628 3557; x_wconf 91' lang='lat' dir='ltr'><strong>et</strong></span> <span class='ocrx_word' id='word_1_436' title='bbox 642 3496 694 3557; x_wconf 90' lang='lat' dir='ltr'><strong>alii</strong></span> <span class='ocrx_word' id='word_1_437' title='bbox 709 3503 830 3560; x_wconf 80' lang='lat' dir='ltr'><strong>veteres</strong></span> <span class='ocrx_word' id='word_1_438' title='bbox 848 3545 855 3572; x_wconf 88' lang='lat'><strong><em>‚</em></strong></span> <span class='ocrx_word' id='word_1_439' title='bbox 882 3495 1031 3577; x_wconf 85' lang='lat' dir='ltr'><strong>quaedam</strong></span> <span class='ocrx_word' id='word_1_440' title='bbox 1043 3500 1090 3562; x_wconf 90' lang='lat' dir='ltr'><strong>di·</strong></span> <span class='ocrx_word' id='word_1_441' title='bbox 1134 3517 1259 3576; x_wconf 89' lang='lat' dir='ltr'><strong>eorpus,</strong></span> <span class='ocrx_word' id='word_1_442' title='bbox 1276 3501 1388 3569; x_wconf 85' lang='lat' dir='ltr'><strong>solaro,</strong></span> <span class='ocrx_word' id='word_1_443' title='bbox 1405 3497 1474 3574; x_wconf 82' lang='lat' dir='ltr'><strong>quia</strong></span> <span class='ocrx_word' id='word_1_444' title='bbox 1503 3501 1716 3573; x_wconf 89' lang='lat' dir='ltr'><strong>repraesentat</strong></span> <span class='ocrx_word' id='word_1_445' title='bbox 1739 3502 1866 3558; x_wconf 84' lang='lat' dir='ltr'><strong>externa</strong></span> <span class='ocrx_word' id='word_1_446' title='bbox 1898 3495 2016 3574; x_wconf 83' lang='lat' dir='ltr'><strong>speeie</strong></span> 
     </span>
     <span class='ocr_line' id='line_1_40' title="bbox 227 3577 2017 3662; baseline 0.001 -24"><span class='ocrx_word' id='word_1_447' title='bbox 227 3579 419 3654; x_wconf 73' lang='lat' dir='ltr'><strong>,ierintouae</strong></span> <span class='ocrx_word' id='word_1_448' title='bbox 432 3581 461 3646; x_wconf 90' lang='lat' dir='ltr'><strong>in</strong></span> <span class='ocrx_word' id='word_1_449' title='bbox 476 3579 612 3655; x_wconf 86' lang='lat' dir='ltr'><strong>speeiem</strong></span> <span class='ocrx_word' id='word_1_450' title='bbox 629 3579 788 3642; x_wconf 85' lang='lat' dir='ltr'><strong>videantur</strong></span> <span class='ocrx_word' id='word_1_451' title='bbox 800 3580 900 3644; x_wconf 80' lang='lat' dir='ltr'><strong>lavere</strong></span> <span class='ocrx_word' id='word_1_452' title='bbox 914 3583 1089 3657; x_wconf 85' lang='lat' dir='ltr'><strong>haereticis,</strong></span> <span class='ocrx_word' id='word_1_453' title='bbox 1135 3598 1248 3662; x_wconf 92' lang='lat' dir='ltr'><strong>eorpus</strong></span> <span class='ocrx_word' id='word_1_454' title='bbox 1263 3583 1394 3656; x_wconf 78' lang='lat' dir='ltr'><strong>lioroioi3</strong></span> <span class='ocrx_word' id='word_1_455' title='bbox 1411 3581 1467 3645; x_wconf 90' lang='lat' dir='ltr'><strong>sed</strong></span> <span class='ocrx_word' id='word_1_456' title='bbox 1482 3582 1552 3660; x_wconf 85' lang='lat' dir='ltr'><strong>quia</strong></span> <span class='ocrx_word' id='word_1_457' title='bbox 1577 3582 1682 3643; x_wconf 81' lang='lat' dir='ltr'><strong>re&#39;rara</strong></span> <span class='ocrx_word' id='word_1_458' title='bbox 1712 3577 1842 3641; x_wconf 90' lang='lat' dir='ltr'><strong>interius</strong></span> <span class='ocrx_word' id='word_1_459' title='bbox 1868 3585 2017 3640; x_wconf 85' lang='lat' dir='ltr'><strong>mutatos</strong></span> 
     </span>
     <span class='ocr_line' id='line_1_41' title="bbox 227 3660 1550 3743; baseline 0.005 -24"><span class='ocrx_word' id='word_1_460' title='bbox 227 3677 296 3720; x_wconf 85' lang='lat' dir='ltr'><strong>nora</strong></span> <span class='ocrx_word' id='word_1_461' title='bbox 313 3661 401 3722; x_wconf 88' lang='lat' dir='ltr'><strong>etiarn</strong></span> <span class='ocrx_word' id='word_1_462' title='bbox 413 3660 529 3724; x_wconf 88' lang='lat' dir='ltr'><strong>lodooo</strong></span> <span class='ocrx_word' id='word_1_463' title='bbox 545 3661 969 3741; x_wconf 75' lang='lat' dir='ltr'><strong>nonedamexeideriatooae</strong></span> <span class='ocrx_word' id='word_1_464' title='bbox 984 3665 1023 3727; x_wconf 91' lang='lat' dir='ltr'><strong>ab</strong></span> <span class='ocrx_word' id='word_1_465' title='bbox 1038 3666 1091 3728; x_wconf 87' lang='lat' dir='ltr'><strong>ad·</strong></span> <span class='ocrx_word' id='word_1_466' title='bbox 1135 3672 1184 3729; x_wconf 92' lang='lat' dir='ltr'><strong>est</strong></span> <span class='ocrx_word' id='word_1_467' title='bbox 1200 3665 1287 3739; x_wconf 90' lang='lat' dir='ltr'><strong>panis</strong></span> <span class='ocrx_word' id='word_1_468' title='bbox 1302 3665 1332 3726; x_wconf 93' lang='lat' dir='ltr'><strong>in</strong></span> <span class='ocrx_word' id='word_1_469' title='bbox 1346 3681 1470 3741; x_wconf 88' lang='lat' dir='ltr'><strong>eorpus.</strong></span> <span class='ocrx_word' id='word_1_470' title='bbox 1542 3725 1550 3743; x_wconf 43' lang='lat' dir='ltr'><em>s</em></span> 
     </span>
     <span class='ocr_line' id='line_1_42' title="bbox 231 3742 2018 3824; baseline 0.002 -25"><span class='ocrx_word' id='word_1_471' title='bbox 231 3744 374 3804; x_wconf 84' lang='lat' dir='ltr'><strong>versariis</strong></span> <span class='ocrx_word' id='word_1_472' title='bbox 389 3745 545 3804; x_wconf 89' lang='lat' dir='ltr'><strong>trahantur</strong></span> <span class='ocrx_word' id='word_1_473' title='bbox 561 3746 597 3806; x_wconf 87' lang='lat' dir='ltr'><strong>od</strong></span> <span class='ocrx_word' id='word_1_474' title='bbox 614 3761 701 3808; x_wconf 85' lang='lat' dir='ltr'><strong>suana</strong></span> <span class='ocrx_word' id='word_1_475' title='bbox 714 3763 867 3808; x_wconf 76' lang='lat' dir='ltr'><strong>caussam.</strong></span> <span class='ocrx_word' id='word_1_476' title='bbox 883 3746 985 3810; x_wconf 84' lang='lat' dir='ltr'><strong>Vetuit</strong></span> <span class='ocrx_word' id='word_1_477' title='bbox 996 3747 1090 3824; x_wconf 80' lang='lat' dir='ltr'><strong>igitur</strong></span> <span class='ocrx_word' id='word_1_478' title='bbox 1177 3747 1330 3809; x_wconf 85' lang='lat' dir='ltr'><strong>Posterior</strong></span> <span class='ocrx_word' id='word_1_479' title='bbox 1344 3748 1432 3810; x_wconf 93' lang='lat' dir='ltr'><strong>loeus</strong></span> <span class='ocrx_word' id='word_1_480' title='bbox 1447 3750 1493 3808; x_wconf 89' lang='lat' dir='ltr'><strong>est</strong></span> <span class='ocrx_word' id='word_1_481' title='bbox 1507 3746 1539 3808; x_wconf 92' lang='lat' dir='ltr'><strong>io</strong></span> <span class='ocrx_word' id='word_1_482' title='bbox 1564 3743 1704 3806; x_wconf 90' lang='lat' dir='ltr'><strong>seenodo</strong></span> <span class='ocrx_word' id='word_1_483' title='bbox 1733 3742 1881 3819; x_wconf 62' lang='lat' dir='ltr'><strong>dialogos</strong></span> <span class='ocrx_word' id='word_1_484' title='bbox 1901 3742 2018 3822; x_wconf 75' lang='lat' dir='ltr'><strong>Nemee</strong></span> 
     </span>
     <span class='ocr_line' id='line_1_43' title="bbox 229 3823 2018 3909; baseline 0.001 -24"><span class='ocrx_word' id='word_1_485' title='bbox 229 3827 344 3894; x_wconf 77' lang='lat' dir='ltr'><strong>dicere.</strong></span> <span class='ocrx_word' id='word_1_486' title='bbox 363 3823 517 3888; x_wconf 88' lang='lat' dir='ltr'><strong>Christum</strong></span> <span class='ocrx_word' id='word_1_487' title='bbox 532 3827 709 3889; x_wconf 89' lang='lat' dir='ltr'><strong>seeundum·</strong></span> <span class='ocrx_word' id='word_1_488' title='bbox 727 3827 928 3905; x_wconf 88' lang='lat' dir='ltr'><strong>praesentiam</strong></span> <span class='ocrx_word' id='word_1_489' title='bbox 959 3831 1060 3892; x_wconf 90' lang='lat' dir='ltr'><strong>earnis</strong></span> <span class='ocrx_word' id='word_1_490' title='bbox 1077 3875 1087 3900; x_wconf 81' lang='lat'><strong>.</strong></span> <span class='ocrx_word' id='word_1_491' title='bbox 1137 3832 1235 3902; x_wconf 85' lang='lat' dir='ltr'><strong>enim,</strong></span> <span class='ocrx_word' id='word_1_492' title='bbox 1251 3830 1464 3907; x_wconf 74' lang='lat' dir='ltr'><strong>ioouttsipim</strong></span> <span class='ocrx_word' id='word_1_493' title='bbox 1477 3829 1615 3909; x_wconf 73' lang='lat' dir='ltr'><strong>mystico</strong></span> <span class='ocrx_word' id='word_1_494' title='bbox 1627 3831 1701 3906; x_wconf 85' lang='lat' dir='ltr'><strong>post</strong></span> <span class='ocrx_word' id='word_1_495' title='bbox 1712 3825 2018 3904; x_wconf 66' lang='lat' dir='ltr'><strong>sanctificationum</strong></span> 
     </span>
     <span class='ocr_line' id='line_1_44' title="bbox 230 3908 2018 3988; baseline 0.002 -20"><span class='ocrx_word' id='word_1_496' title='bbox 230 3925 290 3968; x_wconf 90' lang='lat' dir='ltr'><strong>noa</strong></span> <span class='ocrx_word' id='word_1_497' title='bbox 308 3908 436 3984; x_wconf 83' lang='lat' dir='ltr'><strong>ubique,</strong></span> <span class='ocrx_word' id='word_1_498' title='bbox 454 3925 512 3972; x_wconf 90' lang='lat' dir='ltr'><strong>nee</strong></span> <span class='ocrx_word' id='word_1_499' title='bbox 533 3925 658 3988; x_wconf 89' lang='lat' dir='ltr'><strong>seraper</strong></span> <span class='ocrx_word' id='word_1_500' title='bbox 670 3910 761 3972; x_wconf 90' lang='lat' dir='ltr'><strong>nohis</strong></span> <span class='ocrx_word' id='word_1_501' title='bbox 776 3912 899 3987; x_wconf 87' lang='lat' dir='ltr'><strong>adesse,</strong></span> <span class='ocrx_word' id='word_1_502' title='bbox 917 3913 1090 3976; x_wconf 87' lang='lat' dir='ltr'><strong>seeundum</strong></span> <span class='ocrx_word' id='word_1_503' title='bbox 1134 3915 1291 3976; x_wconf 85' lang='lat' dir='ltr'><strong>recedunt</strong></span> <span class='ocrx_word' id='word_1_504' title='bbox 1305 3929 1327 3974; x_wconf 92' lang='lat' dir='ltr'><strong>o</strong></span> <span class='ocrx_word' id='word_1_505' title='bbox 1340 3917 1552 3984; x_wconf 81' lang='lat' dir='ltr'><strong>suonoturo,</strong></span> <span class='ocrx_word' id='word_1_506' title='bbox 1566 3913 1705 3972; x_wconf 76' lang='lat' dir='ltr'><strong>iuononi</strong></span> <span class='ocrx_word' id='word_1_507' title='bbox 1719 3910 1808 3970; x_wconf 87' lang='lat' dir='ltr'><strong>euim</strong></span> <span class='ocrx_word' id='word_1_508' title='bbox 1830 3909 2018 3986; x_wconf 78' lang='lat' dir='ltr'><strong>inpriore</strong></span> 
     </span>
     <span class='ocr_line' id='line_1_45' title="bbox 229 3991 2021 4074; baseline 0.001 -24"><span class='ocrx_word' id='word_1_509' title='bbox 229 3991 415 4056; x_wconf 79' lang='lat' dir='ltr'><strong>diuinitatem</strong></span> <span class='ocrx_word' id='word_1_510' title='bbox 430 3999 534 4054; x_wconf 88' lang='lat' dir='ltr'><strong>autam</strong></span> <span class='ocrx_word' id='word_1_511' title='bbox 549 3994 664 4070; x_wconf 85' lang='lat' dir='ltr'><strong>ubique</strong></span> <span class='ocrx_word' id='word_1_512' title='bbox 676 3999 706 4073; x_wconf 85' lang='lat' dir='ltr'><strong>et</strong></span> <span class='ocrx_word' id='word_1_513' title='bbox 718 4009 853 4073; x_wconf 87' lang='lat' dir='ltr'><strong>semper.</strong></span> <span class='ocrx_word' id='word_1_514' title='bbox 1136 3995 1332 4069; x_wconf 83' lang='lat' dir='ltr'><strong>substantio,</strong></span> <span class='ocrx_word' id='word_1_515' title='bbox 1348 4001 1380 4058; x_wconf 86' lang='lat' dir='ltr'><strong>et</strong></span> <span class='ocrx_word' id='word_1_516' title='bbox 1393 3995 1517 4074; x_wconf 71' lang='lat' dir='ltr'><strong>lepore,</strong></span> <span class='ocrx_word' id='word_1_517' title='bbox 1533 3998 1564 4056; x_wconf 86' lang='lat' dir='ltr'><strong>et</strong></span> <span class='ocrx_word' id='word_1_518' title='bbox 1577 3993 1697 4071; x_wconf 76' lang='lat' dir='ltr'><strong>lorino,</strong></span> <span class='ocrx_word' id='word_1_519' title='bbox 1714 3999 1743 4052; x_wconf 87' lang='lat' dir='ltr'><strong>et</strong></span> <span class='ocrx_word' id='word_1_520' title='bbox 1756 3991 1874 4060; x_wconf 64' lang='lat' dir='ltr'><strong>udae,</strong></span> <span class='ocrx_word' id='word_1_521' title='bbox 1894 3997 1929 4054; x_wconf 85' lang='lat' dir='ltr'><strong>et</strong></span> <span class='ocrx_word' id='word_1_522' title='bbox 1945 3999 2021 4054; x_wconf 85' lang='lat' dir='ltr'><strong>ton-</strong></span> 
     </span>
     <span class='ocr_line' id='line_1_46' title="bbox 322 4073 2024 4157; baseline -0.006 -11"><span class='ocrx_word' id='word_1_523' title='bbox 322 4110 326 4118; x_wconf 92' lang='lat'><em>·</em></span> <span class='ocrx_word' id='word_1_524' title='bbox 1138 4079 1173 4157; x_wconf 79' lang='lat' dir='ltr'><strong>pt</strong></span> <span class='ocrx_word' id='word_1_525' title='bbox 1185 4080 1554 4157; x_wconf 70' lang='lat' dir='ltr'><strong>possuntsieutpriue:</strong></span> <span class='ocrx_word' id='word_1_526' title='bbox 1582 4073 1813 4150; x_wconf 81' lang='lat' dir='ltr'><strong>intottipuntur</strong></span> <span class='ocrx_word' id='word_1_527' title='bbox 1841 4081 1966 4136; x_wconf 71' lang='lat' dir='ltr'><strong>nutent</strong></span> <span class='ocrx_word' id='word_1_528' title='bbox 1981 4093 2024 4136; x_wconf 80' lang='lat' dir='ltr'><strong>eo</strong></span> 
     </span>
     <span class='ocr_line' id='line_1_47' title="bbox 1138 4158 2020 4242; baseline -0.005 -18"><span class='ocrx_word' id='word_1_529' title='bbox 1138 4178 1216 4232; x_wconf 78' lang='lat' dir='ltr'><strong>esse,</strong></span> <span class='ocrx_word' id='word_1_530' title='bbox 1233 4179 1319 4242; x_wconf 86' lang='lat' dir='ltr'><strong>quoe</strong></span> <span class='ocrx_word' id='word_1_531' title='bbox 1332 4161 1521 4238; x_wconf 66' lang='lat' dir='ltr'><strong>factasunt,</strong></span> <span class='ocrx_word' id='word_1_532' title='bbox 1538 4163 1568 4221; x_wconf 87' lang='lat' dir='ltr'><strong>ot</strong></span> <span class='ocrx_word' id='word_1_533' title='bbox 1589 4158 1778 4231; x_wconf 80' lang='lat' dir='ltr'><strong>creduntur,</strong></span> <span class='ocrx_word' id='word_1_534' title='bbox 1804 4159 1834 4218; x_wconf 87' lang='lat' dir='ltr'><strong>ot</strong></span> <span class='ocrx_word' id='word_1_535' title='bbox 1858 4159 2020 4220; x_wconf 85' lang='lat' dir='ltr'><strong>adorare·</strong></span> 
     </span>
     <span class='ocr_line' id='line_1_48' title="bbox 541 4237 2019 4346; baseline -0.004 -39"><span class='ocrx_word' id='word_1_536' title='bbox 541 4279 656 4342; x_wconf 62' lang='lat' dir='ltr'><strong>CAPUT</strong></span> <span class='ocrx_word' id='word_1_537' title='bbox 678 4281 769 4346; x_wconf 62' lang='lat' dir='ltr'>XXVI</span> <span class='ocrx_word' id='word_1_538' title='bbox 1058 4250 1060 4255; x_wconf 85' lang='lat'>&#39;</span> <span class='ocrx_word' id='word_1_539' title='bbox 1138 4251 1202 4317; x_wconf 78' lang='lat' dir='ltr'><strong>tur.</strong></span> <span class='ocrx_word' id='word_1_540' title='bbox 1217 4252 1255 4308; x_wconf 86' lang='lat' dir='ltr'><strong>ut</strong></span> <span class='ocrx_word' id='word_1_541' title='bbox 1269 4260 1354 4323; x_wconf 86' lang='lat' dir='ltr'><strong>quoe</strong></span> <span class='ocrx_word' id='word_1_542' title='bbox 1368 4245 1429 4306; x_wconf 87' lang='lat' dir='ltr'><strong>itto</strong></span> <span class='ocrx_word' id='word_1_543' title='bbox 1441 4243 1525 4316; x_wconf 63' lang='lat' dir='ltr'><strong>siue*</strong></span> <span class='ocrx_word' id='word_1_544' title='bbox 1536 4258 1621 4322; x_wconf 85' lang='lat' dir='ltr'><strong>quoe</strong></span> <span class='ocrx_word' id='word_1_545' title='bbox 1635 4243 1824 4309; x_wconf 76' lang='lat' dir='ltr'><strong>medentur.</strong></span> <span class='ocrx_word' id='word_1_546' title='bbox 1840 4237 1934 4302; x_wconf 88' lang='lat' dir='ltr'><strong>liaeo</strong></span> <span class='ocrx_word' id='word_1_547' title='bbox 1948 4241 2019 4302; x_wconf 88' lang='lat' dir='ltr'><strong>iilo.</strong></span> 
     </span>
     <span class='ocr_line' id='line_1_49' title="bbox 773 4323 2022 4406; baseline -0.006 -13"><span class='ocrx_word' id='word_1_548' title='bbox 773 4329 779 4342; x_wconf 94' lang='lat'>&#39;</span> <span class='ocrx_word' id='word_1_549' title='bbox 1138 4328 1238 4406; x_wconf 80' lang='lat' dir='ltr'><strong>Hujus</strong></span> <span class='ocrx_word' id='word_1_550' title='bbox 1253 4329 1312 4389; x_wconf 87' lang='lat' dir='ltr'><strong>toci</strong></span> <span class='ocrx_word' id='word_1_551' title='bbox 1329 4327 1461 4404; x_wconf 89' lang='lat' dir='ltr'><strong>priorem</strong></span> <span class='ocrx_word' id='word_1_552' title='bbox 1478 4335 1595 4405; x_wconf 87' lang='lat' dir='ltr'><strong>partem</strong></span> <span class='ocrx_word' id='word_1_553' title='bbox 1609 4323 1757 4404; x_wconf 89' lang='lat' dir='ltr'><strong>arripiunt</strong></span> <span class='ocrx_word' id='word_1_554' title='bbox 1773 4323 1944 4397; x_wconf 88' lang='lat' dir='ltr'><strong>haeretiei,</strong></span> <span class='ocrx_word' id='word_1_555' title='bbox 1962 4341 2022 4401; x_wconf 92' lang='lat' dir='ltr'><strong>po·</strong></span> 
     </span>
     <span class='ocr_line' id='line_1_50' title="bbox 1139 4408 1469 4473; baseline -0.003 0"><span class='ocrx_word' id='word_1_556' title='bbox 1139 4411 1300 4473; x_wconf 90' lang='lat' dir='ltr'><strong>steriorem</strong></span> <span class='ocrx_word' id='word_1_557' title='bbox 1314 4408 1469 4473; x_wconf 87' lang='lat' dir='ltr'><strong>eattroliei.</strong></span> 
     </span>
     <span class='ocr_line' id='line_1_51' title="bbox 399 4480 2025 4568; baseline 0.002 -24"><span class='ocrx_word' id='word_1_558' title='bbox 399 4480 627 4544; x_wconf 76' lang='lat' dir='ltr'><strong>Testimonium</strong></span> <span class='ocrx_word' id='word_1_559' title='bbox 644 4483 751 4547; x_wconf 86' lang='lat' dir='ltr'><strong>Proeti</strong></span> <span class='ocrx_word' id='word_1_560' title='bbox 773 4488 920 4568; x_wconf 84' lang='lat' dir='ltr'><strong>episcopi</strong></span> <span class='ocrx_word' id='word_1_561' title='bbox 993 4551 994 4556; x_wconf 74' lang='grc'>,</span> <span class='ocrx_word' id='word_1_562' title='bbox 1181 4493 1241 4556; x_wconf 90' lang='lat' dir='ltr'><strong>Sed</strong></span> <span class='ocrx_word' id='word_1_563' title='bbox 1257 4492 1483 4556; x_wconf 82' lang='lat' dir='ltr'><strong>obseruandum</strong></span> <span class='ocrx_word' id='word_1_564' title='bbox 1498 4491 1657 4554; x_wconf 88' lang='lat' dir='ltr'><strong>estloeom</strong></span> <span class='ocrx_word' id='word_1_565' title='bbox 1670 4487 1761 4547; x_wconf 90' lang='lat' dir='ltr'><strong>istum</strong></span> <span class='ocrx_word' id='word_1_566' title='bbox 1773 4485 1805 4547; x_wconf 89' lang='lat' dir='ltr'><strong>in</strong></span> <span class='ocrx_word' id='word_1_567' title='bbox 1817 4483 1934 4564; x_wconf 86' lang='lat' dir='ltr'><strong>speeie</strong></span> <span class='ocrx_word' id='word_1_568' title='bbox 1949 4487 2025 4565; x_wconf 87' lang='lat' dir='ltr'><strong>qui·</strong></span> 
     </span>
     <span class='ocr_line' id='line_1_52' title="bbox 365 4568 2025 4660; baseline 0.005 -40"><span class='ocrx_word' id='word_1_569' title='bbox 365 4615 366 4620; x_wconf 73' lang='grc'>,</span> <span class='ocrx_word' id='word_1_570' title='bbox 486 4576 848 4655; x_wconf 64' lang='lat' dir='ltr'><strong>constantinopolitani,</strong></span> <span class='ocrx_word' id='word_1_571' title='bbox 1140 4575 1210 4638; x_wconf 89' lang='lat' dir='ltr'><strong>dem</strong></span> <span class='ocrx_word' id='word_1_572' title='bbox 1224 4577 1329 4656; x_wconf 83' lang='lat' dir='ltr'><strong>juvare</strong></span> <span class='ocrx_word' id='word_1_573' title='bbox 1345 4575 1485 4637; x_wconf 88' lang='lat' dir='ltr'><strong>nonnihil</strong></span> <span class='ocrx_word' id='word_1_574' title='bbox 1500 4588 1638 4638; x_wconf 84' lang='lat' dir='ltr'><strong>eeussorn</strong></span> <span class='ocrx_word' id='word_1_575' title='bbox 1655 4568 1790 4660; x_wconf 71' lang='lat' dir='ltr'><strong>lutheri,</strong></span> <span class='ocrx_word' id='word_1_576' title='bbox 1806 4569 1859 4646; x_wconf 83' lang='lat' dir='ltr'><strong>qui</strong></span> <span class='ocrx_word' id='word_1_577' title='bbox 1891 4573 2025 4648; x_wconf 86' lang='lat' dir='ltr'><strong>putarit</strong></span> 
     </span>
     <span class='ocr_line' id='line_1_53' title="bbox 1141 4651 2027 4734; baseline -0.006 -14"><span class='ocrx_word' id='word_1_578' title='bbox 1141 4675 1211 4720; x_wconf 87' lang='lat' dir='ltr'><strong>eom</strong></span> <span class='ocrx_word' id='word_1_579' title='bbox 1228 4673 1306 4734; x_wconf 91' lang='lat' dir='ltr'><strong>pane</strong></span> <span class='ocrx_word' id='word_1_580' title='bbox 1322 4673 1392 4718; x_wconf 86' lang='lat' dir='ltr'><strong>roro</strong></span> <span class='ocrx_word' id='word_1_581' title='bbox 1407 4656 1621 4730; x_wconf 62' lang='lat' dir='ltr'><strong>,eonjuuetum</strong></span> <span class='ocrx_word' id='word_1_582' title='bbox 1654 4667 1726 4714; x_wconf 83' lang='lat' dir='ltr'><strong>esse</strong></span> <span class='ocrx_word' id='word_1_583' title='bbox 1751 4667 1866 4730; x_wconf 88' lang='lat' dir='ltr'><strong>eorpus</strong></span> <span class='ocrx_word' id='word_1_584' title='bbox 1899 4651 2027 4715; x_wconf 80' lang='lat' dir='ltr'><strong>Christi</strong></span> 
     </span>
     <span class='ocr_line' id='line_1_54' title="bbox 273 4731 2028 4823; baseline -0.003 -21"><span class='ocrx_word' id='word_1_585' title='bbox 273 4739 400 4802; x_wconf 87' lang='lat' dir='ltr'><strong>Proetus</strong></span> <span class='ocrx_word' id='word_1_586' title='bbox 416 4739 528 4801; x_wconf 84' lang='lat' dir='ltr'><strong>eodem</strong></span> <span class='ocrx_word' id='word_1_587' title='bbox 542 4743 681 4815; x_wconf 85' lang='lat' dir='ltr'><strong>tempore</strong></span> <span class='ocrx_word' id='word_1_588' title='bbox 694 4743 859 4823; x_wconf 87' lang='lat' dir='ltr'><strong>episeopus</strong></span> <span class='ocrx_word' id='word_1_589' title='bbox 875 4753 939 4808; x_wconf 79' lang='lat' dir='ltr'><strong>erut</strong></span> <span class='ocrx_word' id='word_1_590' title='bbox 955 4756 1098 4811; x_wconf 69' lang='lat' dir='ltr'><strong>constan·</strong></span> <span class='ocrx_word' id='word_1_591' title='bbox 1140 4755 1258 4802; x_wconf 84' lang='lat' dir='ltr'><strong>rerum:</strong></span> <span class='ocrx_word' id='word_1_592' title='bbox 1275 4746 1304 4801; x_wconf 91' lang='lat' dir='ltr'><strong>ot</strong></span> <span class='ocrx_word' id='word_1_593' title='bbox 1319 4756 1458 4802; x_wconf 80' lang='lat' dir='ltr'><strong>caussam</strong></span> <span class='ocrx_word' id='word_1_594' title='bbox 1475 4736 1590 4800; x_wconf 81' lang='lat' dir='ltr'><strong>Caluini</strong></span> <span class='ocrx_word' id='word_1_595' title='bbox 1602 4740 1633 4798; x_wconf 86' lang='lat' dir='ltr'><strong>el</strong></span> <span class='ocrx_word' id='word_1_596' title='bbox 1648 4733 1730 4796; x_wconf 80' lang='lat' dir='ltr'><strong>Petri</strong></span> <span class='ocrx_word' id='word_1_597' title='bbox 1757 4731 1917 4812; x_wconf 82' lang='lat' dir='ltr'><strong>martyris,</strong></span> <span class='ocrx_word' id='word_1_598' title='bbox 1941 4743 1979 4796; x_wconf 85' lang='lat' dir='ltr'><strong>et</strong></span> <span class='ocrx_word' id='word_1_599' title='bbox 1994 4754 2028 4796; x_wconf 90' lang='lat' dir='ltr'><strong>a·</strong></span> 
     </span>
     <span class='ocr_line' id='line_1_55' title="bbox 235 4815 2029 4910; baseline -0.003 -26"><span class='ocrx_word' id='word_1_600' title='bbox 235 4822 395 4900; x_wconf 84' lang='lat' dir='ltr'><strong>linopolis.</strong></span> <span class='ocrx_word' id='word_1_601' title='bbox 410 4838 474 4899; x_wconf 82' lang='lat' dir='ltr'><strong>ouo</strong></span> <span class='ocrx_word' id='word_1_602' title='bbox 504 4819 633 4898; x_wconf 79' lang='lat' dir='ltr'><strong>Cpriltns</strong></span> <span class='ocrx_word' id='word_1_603' title='bbox 660 4823 873 4892; x_wconf 80' lang='lat' dir='ltr'><strong>Alexandriae.</strong></span> <span class='ocrx_word' id='word_1_604' title='bbox 904 4830 1006 4893; x_wconf 81' lang='lat' dir='ltr'><strong>Exstat</strong></span> <span class='ocrx_word' id='word_1_605' title='bbox 1027 4833 1098 4910; x_wconf 85' lang='lat' dir='ltr'><strong>ejus</strong></span> <span class='ocrx_word' id='word_1_606' title='bbox 1140 4822 1250 4885; x_wconf 87' lang='lat' dir='ltr'><strong>tiorum</strong></span> <span class='ocrx_word' id='word_1_607' title='bbox 1267 4820 1573 4885; x_wconf 87' lang='lat' dir='ltr'><strong>Sueramontarioruor</strong></span> <span class='ocrx_word' id='word_1_608' title='bbox 1590 4817 1715 4900; x_wconf 85' lang='lat' dir='ltr'><strong>penitus</strong></span> <span class='ocrx_word' id='word_1_609' title='bbox 1744 4815 1927 4879; x_wconf 87' lang='lat' dir='ltr'><strong>destruere.</strong></span> <span class='ocrx_word' id='word_1_610' title='bbox 1944 4817 2029 4880; x_wconf 80' lang='lat' dir='ltr'><strong>iiam</strong></span> 
     </span>
     <span class='ocr_line' id='line_1_56' title="bbox 236 4898 2029 4985; baseline -0.002 -19"><span class='ocrx_word' id='word_1_611' title='bbox 236 4904 447 4968; x_wconf 89' lang='lat' dir='ltr'><strong>testimonium</strong></span> <span class='ocrx_word' id='word_1_612' title='bbox 458 4903 675 4970; x_wconf 84' lang='lat' dir='ltr'><strong>brevissimum</strong></span> <span class='ocrx_word' id='word_1_613' title='bbox 698 4910 982 4974; x_wconf 86' lang='lat' dir='ltr'><strong>etrobostissimum</strong></span> <span class='ocrx_word' id='word_1_614' title='bbox 998 4915 1030 4975; x_wconf 92' lang='lat' dir='ltr'><strong>in</strong></span> <span class='ocrx_word' id='word_1_615' title='bbox 1041 4915 1096 4976; x_wconf 88' lang='lat' dir='ltr'><strong>lib.</strong></span> <span class='ocrx_word' id='word_1_616' title='bbox 1141 4907 1333 4985; x_wconf 88' lang='lat' dir='ltr'><strong>apertissime</strong></span> <span class='ocrx_word' id='word_1_617' title='bbox 1348 4903 1459 4966; x_wconf 88' lang='lat' dir='ltr'><strong>asserit</strong></span> <span class='ocrx_word' id='word_1_618' title='bbox 1472 4903 1531 4964; x_wconf 91' lang='lat' dir='ltr'><strong>hoe</strong></span> <span class='ocrx_word' id='word_1_619' title='bbox 1545 4902 1614 4964; x_wconf 90' lang='lat' dir='ltr'><strong>loeo</strong></span> <span class='ocrx_word' id='word_1_620' title='bbox 1629 4898 1843 4961; x_wconf 79' lang='lat' dir='ltr'><strong>roeoooretos</strong></span> <span class='ocrx_word' id='word_1_621' title='bbox 1859 4915 2029 4976; x_wconf 88' lang='lat' dir='ltr'><strong>praesen·</strong></span> 
     </span>
     <span class='ocr_line' id='line_1_57' title="bbox 240 4980 2025 5076; baseline -0.003 -28"><span class='ocrx_word' id='word_1_622' title='bbox 240 4992 280 5048; x_wconf 89' lang='lat' dir='ltr'><strong>de</strong></span> <span class='ocrx_word' id='word_1_623' title='bbox 297 4988 458 5049; x_wconf 89' lang='lat' dir='ltr'><strong>traditione</strong></span> <span class='ocrx_word' id='word_1_624' title='bbox 479 4986 602 5048; x_wconf 87' lang='lat' dir='ltr'><strong>divinae</strong></span> <span class='ocrx_word' id='word_1_625' title='bbox 625 4987 778 5068; x_wconf 75' lang='lat' dir='ltr'><strong>liturgiae.</strong></span> <span class='ocrx_word' id='word_1_626' title='bbox 804 4993 877 5056; x_wconf 88' lang='lat' dir='ltr'><strong>Nam</strong></span> <span class='ocrx_word' id='word_1_627' title='bbox 899 5002 1100 5076; x_wconf 80' lang='lat' dir='ltr'><strong>posteaquam</strong></span> <span class='ocrx_word' id='word_1_628' title='bbox 1142 4989 1214 5049; x_wconf 88' lang='lat' dir='ltr'><strong>tiam</strong></span> <span class='ocrx_word' id='word_1_629' title='bbox 1229 4988 1368 5064; x_wconf 90' lang='lat' dir='ltr'><strong>eorporis</strong></span> <span class='ocrx_word' id='word_1_630' title='bbox 1383 4984 1502 5048; x_wconf 88' lang='lat' dir='ltr'><strong>lloroiui</strong></span> <span class='ocrx_word' id='word_1_631' title='bbox 1517 4985 1548 5047; x_wconf 91' lang='lat' dir='ltr'><strong>io</strong></span> <span class='ocrx_word' id='word_1_632' title='bbox 1564 4982 1767 5053; x_wconf 78' lang='lat' dir='ltr'><strong>liueharistia‚</strong></span> <span class='ocrx_word' id='word_1_633' title='bbox 1783 4996 1854 5044; x_wconf 89' lang='lat' dir='ltr'><strong>eum</strong></span> <span class='ocrx_word' id='word_1_634' title='bbox 1869 4980 2025 5055; x_wconf 87' lang='lat' dir='ltr'><strong>dieit,io·</strong></span> 
     </span>
     <span class='ocr_line' id='line_1_58' title="bbox 238 5058 2027 5156; baseline 0.006 -26"><span class='ocrx_word' id='word_1_635' title='bbox 238 5069 332 5130; x_wconf 89' lang='lat' dir='ltr'><strong>ranila</strong></span> <span class='ocrx_word' id='word_1_636' title='bbox 349 5071 466 5131; x_wconf 88' lang='lat' dir='ltr'><strong>dixerat</strong></span> <span class='ocrx_word' id='word_1_637' title='bbox 481 5069 519 5130; x_wconf 94' lang='lat' dir='ltr'><strong>de</strong></span> <span class='ocrx_word' id='word_1_638' title='bbox 534 5068 665 5132; x_wconf 83' lang='lat' dir='ltr'><strong>mirilico</strong></span> <span class='ocrx_word' id='word_1_639' title='bbox 681 5071 793 5137; x_wconf 84' lang='lat' dir='ltr'><strong>aliaetu</strong></span> <span class='ocrx_word' id='word_1_640' title='bbox 820 5078 1042 5156; x_wconf 82' lang='lat' dir='ltr'><strong>apostolorum,</strong></span> <span class='ocrx_word' id='word_1_641' title='bbox 1057 5087 1100 5140; x_wconf 87' lang='lat' dir='ltr'><strong>at·</strong></span> <span class='ocrx_word' id='word_1_642' title='bbox 1142 5069 1251 5147; x_wconf 73' lang='lat' dir='ltr'><strong>totiugi,</strong></span> <span class='ocrx_word' id='word_1_643' title='bbox 1268 5069 1354 5131; x_wconf 71' lang='lat' dir='ltr'><strong>credi</strong></span> <span class='ocrx_word' id='word_1_644' title='bbox 1379 5075 1411 5130; x_wconf 73' lang='lat' dir='ltr'><strong>ei</strong></span> <span class='ocrx_word' id='word_1_645' title='bbox 1424 5068 1544 5131; x_wconf 66' lang='lat' dir='ltr'><strong>aditiali</strong></span> <span class='ocrx_word' id='word_1_646' title='bbox 1560 5082 1672 5146; x_wconf 75' lang='lat' dir='ltr'><strong>0⁰rlit¹S</strong></span> <span class='ocrx_word' id='word_1_647' title='bbox 1683 5063 1804 5125; x_wconf 59' lang='lat' dir='ltr'><strong>”limini</strong></span> <span class='ocrx_word' id='word_1_648' title='bbox 1816 5065 1847 5124; x_wconf 72' lang='lat'><strong>¹⁰</strong></span> <span class='ocrx_word' id='word_1_649' title='bbox 1859 5058 2027 5126; x_wconf 62' lang='grc' dir='ltr'><strong>Εὓθῦθῑῑ·</strong></span> 
     </span>
     <span class='ocr_line' id='line_1_59' title="bbox 237 5145 2029 5242; baseline 0.006 -29"><span class='ocrx_word' id='word_1_650' title='bbox 237 5167 298 5228; x_wconf 83' lang='lat' dir='ltr'><strong>oue</strong></span> <span class='ocrx_word' id='word_1_651' title='bbox 312 5151 441 5214; x_wconf 87' lang='lat' dir='ltr'><strong>aliorum</strong></span> <span class='ocrx_word' id='word_1_652' title='bbox 457 5149 576 5212; x_wconf 86' lang='lat' dir='ltr'><strong>Petrum</strong></span> <span class='ocrx_word' id='word_1_653' title='bbox 598 5153 899 5237; x_wconf 80' lang='lat' dir='ltr'><strong>antiquissimorum,</strong></span> <span class='ocrx_word' id='word_1_654' title='bbox 916 5178 987 5242; x_wconf 81' lang='lat' dir='ltr'><strong>erga</strong></span> <span class='ocrx_word' id='word_1_655' title='bbox 999 5177 1099 5223; x_wconf 89' lang='lat' dir='ltr'><strong>saera·</strong></span> <span class='ocrx_word' id='word_1_656' title='bbox 1143 5153 1213 5222; x_wconf 69' lang='lat' dir='ltr'><strong>siit.</strong></span> <span class='ocrx_word' id='word_1_657' title='bbox 1230 5157 1261 5214; x_wconf 77' lang='grc' dir='ltr'><strong>θῑ</strong></span> <span class='ocrx_word' id='word_1_658' title='bbox 1274 5151 1346 5214; x_wconf 71' lang='lat' dir='ltr'><strong>ideo</strong></span> <span class='ocrx_word' id='word_1_659' title='bbox 1361 5151 1504 5231; x_wconf 63' lang='lat' dir='ltr'><strong>inlelligh</strong></span> <span class='ocrx_word' id='word_1_660' title='bbox 1520 5150 1605 5212; x_wconf 64' lang='lat' dir='ltr'><strong>dieii</strong></span> <span class='ocrx_word' id='word_1_661' title='bbox 1632 5152 1661 5210; x_wconf 78' lang='grc' dir='ltr'><strong>θῑ</strong></span> <span class='ocrx_word' id='word_1_662' title='bbox 1675 5145 1807 5219; x_wconf 63' lang='lat' dir='ltr'><strong>timii,</strong></span> <span class='ocrx_word' id='word_1_663' title='bbox 1823 5145 1899 5224; x_wconf 86' lang='lat' dir='ltr'><strong>quia</strong></span> <span class='ocrx_word' id='word_1_664' title='bbox 1923 5149 2029 5226; x_wconf 64' lang='lat' dir='ltr'><strong>Dinis</strong></span> 
     </span>
     <span class='ocr_line' id='line_1_60' title="bbox 238 5231 2028 5323; baseline 0 -30"><span class='ocrx_word' id='word_1_665' title='bbox 238 5240 374 5298; x_wconf 85' lang='lat' dir='ltr'><strong>moratura</strong></span> <span class='ocrx_word' id='word_1_666' title='bbox 390 5232 613 5306; x_wconf 85' lang='lat' dir='ltr'><strong>lloohoristiae‚</strong></span> <span class='ocrx_word' id='word_1_667' title='bbox 636 5243 666 5296; x_wconf 86' lang='lat' dir='ltr'><strong>el</strong></span> <span class='ocrx_word' id='word_1_668' title='bbox 679 5239 760 5315; x_wconf 83' lang='lat' dir='ltr'><strong>quod</strong></span> <span class='ocrx_word' id='word_1_669' title='bbox 789 5257 913 5323; x_wconf 86' lang='lat' dir='ltr'><strong>semper</strong></span> <span class='ocrx_word' id='word_1_670' title='bbox 940 5243 971 5304; x_wconf 93' lang='lat' dir='ltr'><strong>in</strong></span> <span class='ocrx_word' id='word_1_671' title='bbox 998 5251 1100 5307; x_wconf 77' lang='lat' dir='ltr'><strong>ments</strong></span> <span class='ocrx_word' id='word_1_672' title='bbox 1143 5235 1365 5304; x_wconf 83' lang='lat' dir='ltr'><strong>Eucharistiae,</strong></span> <span class='ocrx_word' id='word_1_673' title='bbox 1381 5234 1473 5305; x_wconf 84' lang='lat' dir='ltr'><strong>idest,</strong></span> <span class='ocrx_word' id='word_1_674' title='bbox 1490 5233 1578 5312; x_wconf 90' lang='lat' dir='ltr'><strong>panis</strong></span> <span class='ocrx_word' id='word_1_675' title='bbox 1593 5234 1803 5303; x_wconf 79' lang='lat' dir='ltr'><strong>consecratos,</strong></span> <span class='ocrx_word' id='word_1_676' title='bbox 1819 5234 1966 5295; x_wconf 73' lang='lat' dir='ltr'><strong>estsere</strong></span> <span class='ocrx_word' id='word_1_677' title='bbox 1991 5231 2028 5292; x_wconf 93' lang='lat' dir='ltr'><strong>id</strong></span> 
     </span>
     <span class='ocr_line' id='line_1_61' title="bbox 238 5310 2029 5406; baseline -0.001 -28"><span class='ocrx_word' id='word_1_678' title='bbox 238 5317 393 5380; x_wconf 87' lang='lat' dir='ltr'><strong>habebant</strong></span> <span class='ocrx_word' id='word_1_679' title='bbox 405 5318 456 5379; x_wconf 91' lang='lat' dir='ltr'><strong>illa</strong></span> <span class='ocrx_word' id='word_1_680' title='bbox 471 5315 573 5380; x_wconf 85' lang='lat' dir='ltr'><strong>rerba:</strong></span> <span class='ocrx_word' id='word_1_681' title='bbox 590 5318 655 5380; x_wconf 85' lang='lat' dir='ltr'><strong>lloe</strong></span> <span class='ocrx_word' id='word_1_682' title='bbox 670 5327 715 5382; x_wconf 85' lang='lat' dir='ltr'><strong>est</strong></span> <span class='ocrx_word' id='word_1_683' title='bbox 729 5337 846 5402; x_wconf 79' lang='lat' dir='ltr'><strong>eorpus</strong></span> <span class='ocrx_word' id='word_1_684' title='bbox 856 5341 974 5400; x_wconf 81' lang='lat' dir='ltr'><strong>aueum,</strong></span> <span class='ocrx_word' id='word_1_685' title='bbox 989 5331 1019 5387; x_wconf 88' lang='lat' dir='ltr'><strong>et</strong></span> <span class='ocrx_word' id='word_1_686' title='bbox 1033 5326 1099 5388; x_wconf 87' lang='lat' dir='ltr'><strong>lun·</strong></span> <span class='ocrx_word' id='word_1_687' title='bbox 1145 5318 1228 5394; x_wconf 87' lang='lat' dir='ltr'><strong>oood</strong></span> <span class='ocrx_word' id='word_1_688' title='bbox 1244 5317 1435 5392; x_wconf 69' lang='lat' dir='ltr'><strong>intelligitur.</strong></span> <span class='ocrx_word' id='word_1_689' title='bbox 1453 5317 1588 5380; x_wconf 87' lang='lat' dir='ltr'><strong>ereditur</strong></span> <span class='ocrx_word' id='word_1_690' title='bbox 1602 5319 1633 5395; x_wconf 86' lang='lat' dir='ltr'><strong>et</strong></span> <span class='ocrx_word' id='word_1_691' title='bbox 1645 5314 1800 5374; x_wconf 83' lang='lat' dir='ltr'><strong>adoratur.</strong></span> <span class='ocrx_word' id='word_1_692' title='bbox 1815 5310 1918 5406; x_wconf 65' lang='lat' dir='ltr'><strong>adde,</strong></span> <span class='ocrx_word' id='word_1_693' title='bbox 1934 5317 2029 5392; x_wconf 86' lang='lat' dir='ltr'><strong>qnod</strong></span> 
     </span>
     <span class='ocr_line' id='line_1_62' title="bbox 239 5395 2030 5479; baseline -0.001 -21"><span class='ocrx_word' id='word_1_694' title='bbox 239 5398 384 5476; x_wconf 73' lang='lat' dir='ltr'><strong>pissimus</strong></span> <span class='ocrx_word' id='word_1_695' title='bbox 400 5415 520 5479; x_wconf 90' lang='lat' dir='ltr'><strong>preees,</strong></span> <span class='ocrx_word' id='word_1_696' title='bbox 545 5404 576 5460; x_wconf 89' lang='lat' dir='ltr'><strong>et</strong></span> <span class='ocrx_word' id='word_1_697' title='bbox 590 5403 778 5475; x_wconf 89' lang='lat' dir='ltr'><strong>psalmodias</strong></span> <span class='ocrx_word' id='word_1_698' title='bbox 794 5408 874 5469; x_wconf 89' lang='lat' dir='ltr'><strong>inter</strong></span> <span class='ocrx_word' id='word_1_699' title='bbox 888 5423 973 5470; x_wconf 89' lang='lat' dir='ltr'><strong>saera</strong></span> <span class='ocrx_word' id='word_1_700' title='bbox 989 5415 1102 5477; x_wconf 79' lang='lat' dir='ltr'><strong>rorste-</strong></span> <span class='ocrx_word' id='word_1_701' title='bbox 1144 5401 1260 5464; x_wconf 90' lang='lat' dir='ltr'><strong>ibidem</strong></span> <span class='ocrx_word' id='word_1_702' title='bbox 1276 5401 1401 5462; x_wconf 88' lang='lat' dir='ltr'><strong>nolebat</strong></span> <span class='ocrx_word' id='word_1_703' title='bbox 1415 5400 1625 5462; x_wconf 85' lang='lat' dir='ltr'><strong>Theodoretus</strong></span> <span class='ocrx_word' id='word_1_704' title='bbox 1640 5401 1745 5473; x_wconf 91' lang='lat' dir='ltr'><strong>aperte</strong></span> <span class='ocrx_word' id='word_1_705' title='bbox 1758 5395 1855 5471; x_wconf 81' lang='lat' dir='ltr'><strong>loqur,</strong></span> <span class='ocrx_word' id='word_1_706' title='bbox 1869 5402 2030 5460; x_wconf 88' lang='lat' dir='ltr'><strong>meluens</strong></span> 
     </span>
     <span class='ocr_line' id='line_1_63' title="bbox 242 5475 2029 5568; baseline -0.002 -24"><span class='ocrx_word' id='word_1_707' title='bbox 242 5481 287 5544; x_wconf 91' lang='lat' dir='ltr'><strong>ria</strong></span> <span class='ocrx_word' id='word_1_708' title='bbox 300 5483 502 5559; x_wconf 72' lang='lat' dir='ltr'><strong>perapohonu</strong></span> <span class='ocrx_word' id='word_1_709' title='bbox 518 5482 556 5542; x_wconf 92' lang='lat' dir='ltr'><strong>ita</strong></span> <span class='ocrx_word' id='word_1_710' title='bbox 573 5481 822 5561; x_wconf 66' lang='lat' dir='ltr'><strong>subjrrnritsPer</strong></span> <span class='ocrx_word' id='word_1_711' title='bbox 835 5490 895 5552; x_wconf 86' lang='lat' dir='ltr'><strong>hos</strong></span> <span class='ocrx_word' id='word_1_712' title='bbox 908 5500 1018 5568; x_wconf 85' lang='lat' dir='ltr'><strong>preces</strong></span> <span class='ocrx_word' id='word_1_713' title='bbox 1031 5489 1103 5568; x_wconf 83' lang='lat' dir='ltr'><strong>Spi·</strong></span> <span class='ocrx_word' id='word_1_714' title='bbox 1146 5500 1186 5546; x_wconf 90' lang='lat' dir='ltr'><strong>ne</strong></span> <span class='ocrx_word' id='word_1_715' title='bbox 1201 5483 1325 5546; x_wconf 90' lang='lat' dir='ltr'><strong>adesset</strong></span> <span class='ocrx_word' id='word_1_716' title='bbox 1352 5484 1433 5544; x_wconf 91' lang='lat' dir='ltr'><strong>inter</strong></span> <span class='ocrx_word' id='word_1_717' title='bbox 1457 5482 1609 5568; x_wconf 77' lang='lat' dir='ltr'><strong>auditores</strong></span> <span class='ocrx_word' id='word_1_718' title='bbox 1634 5477 1746 5555; x_wconf 84' lang='lat' dir='ltr'><strong>aliquis</strong></span> <span class='ocrx_word' id='word_1_719' title='bbox 1771 5493 1835 5558; x_wconf 86' lang='lat' dir='ltr'><strong>noo</strong></span> <span class='ocrx_word' id='word_1_720' title='bbox 1861 5475 2029 5542; x_wconf 86' lang='lat' dir='ltr'><strong>initiatus:</strong></span> 
     </span>
     <span class='ocr_line' id='line_1_64' title="bbox 241 5560 2030 5648; baseline 0.005 -20"><span class='ocrx_word' id='word_1_721' title='bbox 241 5563 324 5628; x_wconf 75' lang='lat' dir='ltr'><strong>litos</strong></span> <span class='ocrx_word' id='word_1_722' title='bbox 334 5567 439 5626; x_wconf 80' lang='lat' dir='ltr'><strong>seurota·</strong></span> <span class='ocrx_word' id='word_1_723' title='bbox 450 5565 627 5628; x_wconf 83' lang='lat' dir='ltr'><strong>aduentum</strong></span> <span class='ocrx_word' id='word_1_724' title='bbox 638 5569 978 5648; x_wconf 69' lang='lat' dir='ltr'><strong>ompeetohanhutejus</strong></span> <span class='ocrx_word' id='word_1_725' title='bbox 989 5573 1104 5637; x_wconf 85' lang='lat' dir='ltr'><strong>diuino</strong></span> <span class='ocrx_word' id='word_1_726' title='bbox 1147 5567 1216 5629; x_wconf 82' lang='lat' dir='ltr'><strong>uon</strong></span> <span class='ocrx_word' id='word_1_727' title='bbox 1229 5571 1362 5646; x_wconf 79' lang='lat' dir='ltr'><strong>oportet,</strong></span> <span class='ocrx_word' id='word_1_728' title='bbox 1379 5565 1489 5643; x_wconf 77' lang='lat' dir='ltr'><strong>innuit.</strong></span> <span class='ocrx_word' id='word_1_729' title='bbox 1505 5569 1616 5643; x_wconf 59' lang='lat' dir='ltr'><strong>audie</strong></span> <span class='ocrx_word' id='word_1_730' title='bbox 1630 5563 1751 5636; x_wconf 64' lang='lat' dir='ltr'><strong>divite·</strong></span> <span class='ocrx_word' id='word_1_731' title='bbox 1766 5565 1812 5623; x_wconf 66' lang='lat'><strong>⁰³⁶</strong></span> <span class='ocrx_word' id='word_1_732' title='bbox 1828 5560 1922 5623; x_wconf 84' lang='lat' dir='ltr'><strong>euim</strong></span> <span class='ocrx_word' id='word_1_733' title='bbox 1935 5565 2030 5625; x_wconf 68' lang='lat' dir='ltr'><strong>veri·</strong></span> 
     </span>
     <span class='ocr_line' id='line_1_65' title="bbox 240 5643 2031 5736; baseline -0.001 -24"><span class='ocrx_word' id='word_1_734' title='bbox 240 5647 430 5726; x_wconf 77' lang='lat' dir='ltr'><strong>praesent-to</strong></span> <span class='ocrx_word' id='word_1_735' title='bbox 448 5647 650 5726; x_wconf 83' lang='lat' dir='ltr'><strong>propositum</strong></span> <span class='ocrx_word' id='word_1_736' title='bbox 668 5651 707 5714; x_wconf 83' lang='lat' dir='ltr'><strong>in</strong></span> <span class='ocrx_word' id='word_1_737' title='bbox 729 5655 893 5734; x_wconf 70' lang='lat' dir='ltr'><strong>sacrificio</strong></span> <span class='ocrx_word' id='word_1_738' title='bbox 918 5671 1050 5736; x_wconf 85' lang='lat' dir='ltr'><strong>punam,</strong></span> <span class='ocrx_word' id='word_1_739' title='bbox 1073 5662 1104 5720; x_wconf 82' lang='lat' dir='ltr'><strong>et</strong></span> <span class='ocrx_word' id='word_1_740' title='bbox 1147 5649 1252 5713; x_wconf 71' lang='lat' dir='ltr'><strong>emite</strong></span> <span class='ocrx_word' id='word_1_741' title='bbox 1267 5651 1379 5713; x_wconf 84' lang='lat' dir='ltr'><strong>adesse</strong></span> <span class='ocrx_word' id='word_1_742' title='bbox 1393 5650 1521 5729; x_wconf 78' lang='lat' dir='ltr'><strong>aliquos</strong></span> <span class='ocrx_word' id='word_1_743' title='bbox 1535 5663 1604 5712; x_wconf 87' lang='lat' dir='ltr'><strong>non</strong></span> <span class='ocrx_word' id='word_1_744' title='bbox 1616 5645 1775 5716; x_wconf 81' lang='lat' dir='ltr'><strong>initiatos.</strong></span> <span class='ocrx_word' id='word_1_745' title='bbox 1791 5644 1827 5705; x_wconf 78' lang='lat' dir='ltr'><strong>tt</strong></span> <span class='ocrx_word' id='word_1_746' title='bbox 1841 5643 1882 5708; x_wconf 86' lang='lat' dir='ltr'><strong>do</strong></span> <span class='ocrx_word' id='word_1_747' title='bbox 1895 5643 2031 5710; x_wconf 84' lang='lat' dir='ltr'><strong>Eucha-</strong></span> 
     </span>
    </p>
   </div>
   <div class='ocr_carea' id='block_1_3' title="bbox 1182 1634 1915 1705">
    <p class='ocr_par' dir='ltr' id='par_1_3' title="bbox 1182 1634 1915 1705">
     <span class='ocr_line' id='line_1_66' title="bbox 1182 1634 1915 1705; baseline -0.003 -2"><span class='ocrx_word' id='word_1_748' title='bbox 1182 1635 1185 1640; x_wconf 73' lang='grc'>’</span> <span class='ocrx_word' id='word_1_749' title='bbox 1254 1640 1481 1703; x_wconf 81' lang='lat' dir='ltr'><strong>Testimonium</strong></span> <span class='ocrx_word' id='word_1_750' title='bbox 1496 1637 1867 1705; x_wconf 76' lang='lat' dir='ltr'><strong>rnoodoreeatuetostt.</strong></span> <span class='ocrx_word' id='word_1_751' title='bbox 1902 1634 1915 1653; x_wconf 83' lang='lat'><em>⁰</em></span> 
     </span>
    </p>
   </div>
   <div class='ocr_carea' id='block_1_4' title="bbox 0 0 2071 6275">
    <p class='ocr_par' dir='ltr' id='par_1_4' title="bbox 0 0 2071 6275">
     <span class='ocr_line' id='line_1_67' title="bbox 0 0 2071 6275; baseline 0 0"><span class='ocrx_word' id='word_1_752' title='bbox 0 0 2071 6275; x_wconf 95' lang='lat' dir='ltr'><strong> </strong></span> 
     </span>
    </p>
   </div>
  </div>
 </body>
</html>
