4084 6275
790 419 886 478 ltitctt
905 421 1077 480 SECUNDUS
1703 423 1755 482 bil

62 551 192 616 salutem
221 555 252 614 et
263 549 529 631 justificationem:
548 565 617 614 nam
633 551 820 632 ubicunque
831 553 922 616 adest
963 555 1040 632 quit,
1055 554 1203 625 morian
1219 550 1340 627 llisoit,
1353 552 1505 618 stactem
1518 569 1558 618 ce
1571 553 1694 618 coedes
1716 557 1825 636 poert,

60 635 204 702 ebaritas.
221 633 264 696 ibi
277 633 365 698 adest
377 634 625 715 justitiaetinde
640 636 817 698 necessario
828 637 918 700 abest
963 655 1027 716 qao
1040 641 1151 702 micus
1163 637 1404 715 ememoloqcsin
1417 636 1481 698 Deo
1493 637 1639 713 fecerim,
1654 655 1715 702 nec
1738 640 1825 704 inter

61 724 221 796 peccatum
235 717 360 796 tetnatq
374 715 522 794 uamzoot
532 717 752 796 dilicitdcqem
762 719 917 800 impleuit.
961 721 1113 800 {tammus
1140 719 1711 786 etcominieeoestocmisimendio
1734 722 1823 803 qme·

61 799 148 860 ilem
167 798 217 862 ιι.
234 800 286 879 qui
299 807 400 862 autem
414 799 516 878 legem
532 801 651 879 implet.
664 801 767 879 justus
782 809 840 871 est.
863 817 917 862 ne·
962 811 1089 867 uerum.

61 895 121 957 que
136 882 164 943 ei
182 883 270 945 deest
283 882 398 962 aliquid
414 883 451 942 ad
467 883 610 954 salutem,
624 883 708 961 juxta
724 883 797 944 illud
814 883 917 948 ilattb.
1005 887 1048 948 lie
1063 886 1152 950 tertio
1176 901 1249 948 roro
1275 883 1414 946 membro
1440 883 1652 959 dubitationis,
1678 886 1824 966 equidem

64 961 113 1025 ιι.
130 963 168 1026 Si
179 965 228 1028 olo
242 965 288 1028 od
300 964 550 1042 tritcminqredi.
561 979 655 1028 seruo
666 967 917 1041 mandatu.0ua·
962 968 1092 1031 arbitror
1106 971 1136 1030 in
1152 984 1190 1030 eo
1203 968 1304 1030 locum
1320 966 1446 1041 babere,
1463 967 1547 1045 quod
1567 967 1690 1045 quidam
1711 968 1826 1032 docent

60 1059 92 1106 re
110 1051 196 1108 recte
211 1053 337 1110 sanctus
351 1047 537 1126 Augustinus
553 1046 672 1110 traces.
689 1050 719 1111 in
735 1049 917 1126 epistloan.
962 1051 1002 1113 de
1016 1052 1200 1114 contritione
1215 1047 1347 1110 rirtuali.
1362 1046 1436 1110 liam
1459 1049 1583 1113 etiamsi
1608 1050 1823 1114 contritionem

57 1126 202 1203 micetio,
230 1129 354 1209 inquit,
379 1130 450 1191 solo
474 1129 629 1193 discernit
650 1130 737 1194 imter
758 1130 841 1208 filios
862 1131 919 1194 Dei
962 1133 1054 1212 plane
1067 1133 1223 1196 lormalem
1239 1130 1394 1195 ordinarie
1409 1131 1526 1211 requiri
1542 1147 1703 1211 censeatu3
1719 1138 1822 1198 tamen

57 1217 86 1274 et
98 1208 184 1288 lilim
199 1212 335 1275 dioboli.
352 1211 388 1274 itt
401 1210 491 1272 inira:
507 1211 592 1274 liceo
607 1218 653 1274 est
663 1215 807 1292 pretioso
829 1230 919 1276 mor·
962 1219 992 1277 ic
1017 1215 1139 1278 duobos
1164 1214 1288 1278 casibus
1311 1211 1454 1274 subicere
1481 1213 1625 1276 existimo
1650 1216 1821 1282 rirtualem.

55 1294 176 1372 perita.
192 1295 264 1358 sine
278 1311 346 1376 quc
358 1293 443 1357 nibil
457 1292 515 1356 libi
528 1295 668 1372 prodest,
686 1299 916 1377 quodcumque
960 1297 1107 1370 Primum,
1123 1296 1246 1375 quando
1261 1296 1373 1375 uliquis
1403 1302 1473 1374 post
1501 1303 1674 1360 accuratam
1698 1300 1818 1364 discus·

56 1375 228 1439 bobum-ic:
256 1392 357 1458 quom
379 1377 411 1439 si
431 1375 680 1455 octcmbobec,
705 1377 823 1458 scilicit
847 1378 916 1442 tibi.
960 1380 1081 1444 sionem
1095 1379 1305 1442 conscientiae
1319 1393 1406 1449 suae,
1427 1393 1490 1439 uon
1517 1383 1620 1455 potest
1644 1382 1681 1442 ad
1705 1397 1821 1446 memo·

58 1459 94 1520 itt
107 1458 178 1538 ipse
194 1459 328 1522 etiams.
354 1459 499 1533 loannes,
527 1464 605 1522 teste
630 1475 657 1522 s
683 1459 870 1542 Hieronymo
886 1463 917 1523 in
960 1464 1036 1526 riam
1051 1468 1222 1541 peccatum,
1238 1462 1287 1524 rel
1302 1467 1427 1539 peecata
1438 1476 1493 1522 sua
1509 1461 1633 1524 letbalia
1660 1480 1820 1528 rerooare.

59 1548 227 1606 comment.
243 1557 314 1621 cap.
336 1541 367 1603 b.
392 1541 485 1618 epist.
506 1541 544 1604 ad
570 1541 669 1604 (ialal.
690 1542 731 1605 de
752 1549 917 1622 praecepto
960 1547 1163 1608 beiudecum
1186 1543 1299 1622 aliquis
1323 1558 1426 1622 noque
1449 1545 1569 1620 peccati
1594 1545 1719 1610 letbalis
1743 1563 1818 1609 oon·

58 1623 216 1686 charitatis
231 1625 414 1687 seutentiam
431 1623 512 1686 illam
532 1623 756 1704 pronunciarit:
782 1627 914 1690 Prceec·
960 1628 1123 1691 scientiam
1137 1626 1242 1698 babet,
1258 1640 1360 1704 neque
1370 1624 1466 1688 otium
1482 1626 1572 1688 ritem
1587 1643 1675 1688 suam
1701 1630 1819 1692 excuti·

54 1713 146 1786 plum
163 1705 296 1770 Domini
308 1711 354 1769 est
368 1713 397 1768 et
409 1706 554 1769 sisoium
563 1704 633 1785 lint,
645 1706 772 1802 sufficit.
786 1708 911 1773 Verum·
960 1710 1046 1786 endi,
1062 1710 1135 1776 utsl
1150 1709 1227 1771 lorte
1240 1708 1375 1788 rapiatur
1388 1706 1492 1770 subito
1502 1706 1541 1770 ad
1554 1711 1821 1789 martyriumztuuc

55 1796 156 1850 tamen
170 1789 304 1851 ebaritas
319 1790 472 1858 rerasine
487 1803 555 1851 rora
571 1791 754 1853 contritione
766 1791 796 1852 iu
809 1792 915 1870 eo,qui
960 1794 1044 1855 enim
1058 1791 1207 1856 credibile
1222 1795 1281 1862 est,
1298 1805 1393 1870 posse
1408 1788 1564 1852 bominem
1580 1807 1635 1868 per
1649 1798 1759 1856 actum
1773 1795 1820 1856 di·

54 1871 174 1950 pcccati
189 1872 329 1934 mortalis
343 1871 564 1938 conscientiam
581 1872 684 1945 babet,
711 1873 797 1936 nullo
823 1874 914 1937 modo
961 1875 1115 1952 lectionis,
1132 1874 1163 1936 in
1178 1889 1238 1952 qua
1253 1872 1396 1935 contritio
1409 1872 1517 1936 uirtute
1531 1877 1736 1951 continetur,e
1748 1891 1820 1955 pec·

57 1953 189 2016 existere
206 1959 319 2034 potest:
336 1959 367 2016 et
381 1954 464 2028 ideo,
481 1955 553 2016 licet
567 1953 700 2018 charitas
725 1957 814 2018 etiam
835 1957 914 2032 sola,
959 1958 1036 2020 catis
1051 1956 1182 2022 occultis
1192 1954 1367 2036 iustificari.

55 2034 199 2111 sufficiam
215 2041 299 2098 recle
314 2036 420 2098 dicunt
435 2036 581 2117 theologi,
595 2038 809 2100 contritionem
821 2039 852 2100 ln
864 2053 914 2110 eo,
1000 2040 1085 2102 llatio
1100 2045 1148 2102 est
1162 2039 1194 2100 ln
1210 2037 1479 2116 primis,quonlcm
1493 2033 1607 2118 alioqui
1623 2038 1733 2102 irustra
1749 2057 1820 2104 cunr

56 2118 106 2198 qul
122 2117 240 2181 crimen
257 2119 371 2182 letbale
386 2120 548 2194 commisit,
565 2135 636 2183 esse
652 2119 786 2184 medium
809 2137 916 2184 neces·
959 2123 1074 2186 liarido
1088 2123 1264 2185 diceremus
1281 2119 1358 2183 lieo:
1373 2118 1416 2181 Ab
1430 2118 1563 2182 occultis
1586 2123 1667 2185 meis
1690 2125 1820 2186 mondo

55 2199 167 2262 sarium
184 2201 223 2262 ad
236 2199 485 2280 justificationem
502 2209 532 2264 et
547 2205 691 2266 salutem.
714 2204 916 2280 Quemadmo·
958 2221 1010 2268 me
1021 2205 1166 2278 ιιοιιιιιιι,
1182 2204 1293 2284 psalm.
1307 2201 1434 2265 Abilam
1447 2202 1474 2264 si
1486 2201 1734 2282 absquelormali
1746 2221 1819 2268 con·

57 2284 128 2344 durn
145 2292 176 2344 et
190 2282 269 2348 ildes
297 2301 333 2347 ac
348 2299 421 2360 spes
437 2285 633 2347 necessariae
648 2286 854 2358 sunt,tametsi
867 2302 915 2348 so·
960 2289 1085 2350 tritione
1100 2288 1184 2350 nulla
1200 2290 1325 2366 peccata
1342 2284 1440 2348 deleri
1457 2292 1598 2364 possunt,
1626 2292 1657 2349 et
1680 2288 1821 2352 contritio

59 2365 86 2426 la
103 2365 235 2428 ebaritas
249 2366 436 2446 (Augustino
450 2368 543 2446 teste)
557 2366 698 2430 sufficiat:
725 2385 794 2430 narn
818 2369 917 2431 cbari-
959 2371 1097 2433 lormalis
1111 2371 1151 2434 ιι
1166 2368 1296 2432 occultis
1311 2367 1417 2430 baberi
1433 2369 1551 2444 nequit:
1568 2374 1651 2430 certe
1666 2372 1819 2448 sequitur,

55 2454 99 2508 ιιι
114 2448 184 2509 sine
199 2447 259 2512 ilde
275 2457 306 2511 et
321 2465 378 2528 spe
394 2450 476 2511 nulla
492 2455 549 2512 cst.
566 2449 672 2529 Itaque
687 2451 751 2512 sola
778 2451 910 2514 ebaritas
959 2458 992 2515 ut
1006 2453 1045 2516 ab
1057 2455 1188 2516 occultis
1199 2452 1282 2515 nulla
1295 2449 1412 2512 ratione
1423 2449 1546 2512 liberari
1559 2452 1818 2532 possimus3quor·

56 2529 197 2592 sulllcere
212 2531 334 2604 dicitur,
352 2533 421 2608 quie
437 2547 601 2610 numquam
616 2540 664 2595 est
678 2533 755 2606 sota,
770 2534 825 2596 sed
841 2536 914 2595 cbo·
959 2552 1028 2598 sum
1044 2537 1136 2613 igitur
1150 2550 1285 2602 oramus,
1300 2532 1425 2612 siquod
1440 2531 1743 2612 petimusirnpetrari
1755 2551 1818 2597 non

2 2621 3 2658 1
52 2613 912 2695 rumattarunrirtutuxnpurtimsequiturparttnprac·
960 2619 1078 2695 potest?
1093 2617 1224 2688 Deinde,
1241 2616 1467 2692 sioullegimus
1482 2615 1555 2678 buc.
1573 2615 1622 2678 13.
1649 2617 1718 2679 Nisi
1742 2618 1819 2680 Poe·

2 2705 3 2740 t
53 2695 145 2756 cedit.
163 2694 199 2756 Et
215 2696 275 2760 boc
290 2701 352 2766 est,
368 2698 450 2774 quod
466 2713 493 2759 s.
511 2697 643 2760 lbomas
670 2698 761 2760 docet
785 2699 816 2760 3.
844 2713 909 2777 par.
955 2703 1130 2764 nitentium
1139 2700 1330 2771 bobeeritis,
1353 2714 1463 2760 omnes
1487 2698 1638 2760 simililer
1656 2699 1816 2776 peribitis

54 2784 176 2856 quaest.
193 2776 247 2840 et.
262 2778 352 2841 ιιιι.
368 2779 406 2839 ιι
421 2779 524 2840 boum
539 2785 639 2859 negat,
654 2782 829 2844 charitatem
844 2782 913 2842 sine
955 2783 1002 2844 sic
1016 2785 1108 2846 etiam
1123 2784 1256 2860 legimus
1268 2781 1358 2842 loon.
1375 2780 1406 2842 3.
1422 2780 1489 2842 llim'
1501 2782 1577 2860 quis
1589 2787 1726 2844 remolito
1745 2782 1816 2860 itte·

50 2859 243 2921 Poecilentia
257 2863 293 2922 ad
307 2859 555 2940 justificationem
580 2877 676 2942 possa
699 2861 851 2926 sufficere:
866 2879 912 2924 ra·
953 2867 997 2928 rit
1010 2882 1054 2929 em
1067 2882 1158 2944 aquo
1171 2872 1201 2927 et
1215 2864 1341 2941 Spiritu
1354 2867 1479 2936 sancto,
1505 2879 1575 2926 mon
1589 2870 1690 2941 potest
1699 2866 1815 2928 introi-

49 2941 164 3002 tionem
189 2942 274 3004 enirn
300 2942 411 3014 reddit,
439 2946 511 3024 quia
535 2945 667 3008 ebaritas
690 2945 910 3008 poenitentiam
954 2951 1194 3026 reimreqnttm
1206 2946 1275 3008 liei.
1291 2945 1329 3007 Et
1343 2944 1431 3007 loen.
1455 2945 1485 3006 b.
1509 2944 1578 3006 llisi
1596 2949 1815 3011 mumduecoe·

51 3023 181 3101 requirit
216 3030 247 3085 et
261 3023 367 3086 eflicit.
384 3025 543 3098 Quomodo
568 3029 649 3089 enim
675 3035 776 3106 potest
801 3028 911 3108 aliquis
953 3032 1172 3094 ritisoornem
1186 3028 1486 3106 liliibominiemon
1499 3025 1654 3090 babebitis
1666 3030 1815 3093 aiamim

45 3121 116 3169 vera
131 3105 236 3171 Deunt
252 3108 394 3187 diligere,
411 3107 469 3171 nisi
487 3115 646 3188 peccatura
661 3111 841 3187 detestetur,
855 3127 911 3192 per
954 3113 1054 3178 uobis.
1070 3113 1158 3192 Atqui
1173 3127 1282 3176 omues
1296 3109 1684 3187 concedunt,llcptismum
1699 3118 1730 3174 et
1755 3112 1815 3176 liu·

45 3190 124 3269 quod
141 3206 156 3249 a
172 3190 274 3268 gratia
289 3191 343 3252 liei
358 3192 488 3253 excidit?
954 3198 1144 3269 sacristiam,
1160 3212 1229 3258 curn
1245 3210 1277 3256 re
1293 3195 1358 3271 ipsa
1375 3192 1481 3254 baberi
1497 3200 1666 3271 nequeunt,
1685 3212 1742 3275 per
1763 3213 1813 3257 ro·

86 3271 148 3334 Sed
165 3273 321 3352 objiciunt
336 3273 472 3353 quidam3
487 3274 641 3337 interdum
656 3283 789 3339 mentem
812 3277 909 3339 homi·
953 3285 1016 3341 tum
1029 3295 1123 3359 posse
1137 3278 1290 3355 suppleri.
1306 3276 1431 3338 Adbaeo
1445 3292 1473 3337 s.
1489 3275 1680 3354 Augustinus
1692 3279 1727 3339 iu
1748 3278 1815 3357 epi·

50 3353 97 3414 nis
110 3354 150 3417 ita
162 3361 294 3434 repente
307 3356 345 3417 cd
361 3372 495 3418 amorem
512 3356 570 3419 liei
583 3360 730 3433 conuerti,
758 3366 791 3421 ut
811 3360 907 3423 otium
953 3362 1032 3423 stola
1046 3360 1099 3423 id.
1115 3359 1153 3422 ad
1180 3359 1384 3429 vincentium,
1410 3355 1529 3431 scribit,
1556 3356 1739 3437 cyprianum
1761 3367 1814 3423 eol

2 3456 4 3491 ε
54 3450 111 3497 ιιι
127 3437 239 3499 babeat
252 3438 284 3500 in
300 3446 424 3515 peccata
438 3440 639 3516 respiciendi:
652 3440 804 3503 interdum
818 3443 909 3503 eliam
953 3443 1125 3505 correxisse
1141 3458 1276 3505 errorem
1298 3440 1384 3501 illurn
1397 3456 1499 3511 suum,
1514 3445 1565 3502 aut
1580 3442 1693 3503 texisse
1719 3443 1816 3508 ubere

1 3535 5 3576 t
54 3526 231 3594 peccatores
245 3522 283 3581 ιι
299 3522 475 3600 martyrium
491 3522 530 3583 ita
545 3523 625 3603 rapi,
642 3528 677 3585 ιιι
699 3525 821 3603 possint
843 3526 910 3600 qul·
953 3527 1121 3600 charitatis,
1138 3532 1170 3586 et
1183 3542 1199 3584 a
1214 3523 1302 3585 Patro
1316 3522 1444 3583 coelesti
1460 3515 1620 3599 purgatum
1635 3526 1666 3584 ln
1681 3540 1719 3585 eo
1733 3525 1813 3589 lalce

1 3618 4 3662 t
53 3601 120 3661 deur
135 3602 311 3664 dilectionis
326 3608 426 3664 actum
442 3605 569 3675 elicere,
586 3622 647 3683 quo
669 3620 704 3669 se
720 3607 756 3667 ud
781 3613 907 3669 mortem
954 3608 1121 3685 passionis.
1137 3606 1174 3668 Et
1187 3612 1314 3667 sanctus
1329 3604 1462 3665 ibamus
1477 3602 1508 3665 ι.
1526 3619 1592 3682 par.
1615 3612 1737 3682 quaest.
1759 3605 1811 3671 8l.

2 3701 5 3744 t
53 3691 174 3761 propter
190 3682 343 3747 Christum
360 3684 499 3757 offerunt,
515 3688 570 3749 sed
588 3694 671 3751 metu
687 3688 740 3749 illu
752 3689 908 3767 praesenti
952 3692 1039 3753 artic.
1057 3691 1087 3752 l.
1103 3688 1226 3752 disertis
1241 3684 1633 3758 uerbisseribit,virtuulem
1645 3687 1811 3765 displicen-

2 3776 4 3827 t
52 3765 197 3839 turbatos,
213 3768 252 3830 de
267 3769 403 3848 peccatis
420 3772 591 3845 praeteritis
606 3770 740 3848 cogitare
755 3787 816 3833 non
836 3788 906 3849 pose
925 3838 927 3845 ,
954 3778 1025 3835 liam
1041 3788 1102 3836 uon
1118 3770 1258 3834 sufficere
1278 3770 1316 3831 ad
1332 3768 1546 3830 remissionem
1562 3770 1678 3846 peccati
1701 3777 1810 3833 morta·

3 3872 4 3905 t
53 3863 97 3907 se:
111 3848 263 3913 interdum
279 3866 403 3929 quoque
419 3854 457 3911 ita
474 3867 546 3915 esse
571 3852 685 3915 oblitos
711 3860 904 3932 pcccatorum
953 3857 1002 3930 tls,
1019 3855 1078 3917 nisi
1094 3860 1241 3932 quantum
1255 3855 1292 3913 ad
1309 3858 1432 3929 peccatu
1445 3850 1538 3912 oblita
1551 3858 1620 3927 post
1630 3854 1809 3931 diligentem

3 3954 5 3991 t
53 3946 187 4004 suorum,
203 3940 238 3995 ut
251 3934 318 3995 sine
333 3934 481 3997 miraculo
498 3941 652 4014 nequeant
667 3952 701 3997 ea
728 3943 851 4015 peecata
867 3937 905 3999 ad
951 3937 1195 4015 inquisitionem:
1212 3950 1274 4014 quo
1288 3934 1356 3996 loco
1370 3933 1501 3999 admittit
1513 3933 1740 4011 displicentiam
1753 3940 1810 3998 tir·

3 4034 4 4067 ι
53 4016 226 4075 memoriam
241 4030 398 4079 reuocare.
952 4021 1077 4094 tualem,
1093 4035 1149 4098 pro
1165 4018 1203 4079 lis
1217 4017 1374 4079 diluendis
1387 4015 1581 4088 criminibus,
1599 4033 1677 4097 quae
1691 4018 1730 4082 ιι
1748 4035 1813 4080 ure·

3 4118 5 4155 t
90 4094 148 4157 Sed
164 4098 296 4177 primum
311 4104 342 4159 et
355 4099 527 4161 secundum
541 4100 713 4163 membrum
740 4100 831 4176 buius
853 4100 908 4163 du·
951 4097 1811 4177 moriamrerocarinoupossuntlleniquemirumesl,

3 4200 5 4237 t
51 4174 214 4251 bitationis,
231 4194 293 4241 non
309 4178 472 4243 difficulter
486 4184 634 4260 explicari
660 4190 807 4260 possunt.
834 4183 905 4244 ιιιιιι
951 4187 976 4247 ιι
994 4201 1056 4246 non
1081 4182 1249 4245 absurdum
1274 4182 1423 4246 rideatur.
1450 4196 1544 4257 posse
1568 4182 1761 4261 contingere,
1777 4192 1811 4245 ut

3 4284 4 4319 t
54 4260 103 4335 qui
127 4262 347 4325 conscientiam
376 4265 494 4341 peccati
521 4264 657 4327 mortalis
685 4273 806 4340 gerunt,
830 4264 906 4327 nibil
951 4267 1094 4329 bonrines
1108 4265 1202 4345 aliqui
1218 4264 1250 4326 ln
1273 4264 1371 4325 media
1396 4262 1545 4337 Ecclesia,
1568 4264 1637 4325 sine
1663 4264 1810 4329 miraculo

3 4363 5 4405 t
55 4342 136 4415 prius
151 4346 296 4423 cogitant,
314 4360 385 4407 cum
400 4352 618 4409 conuertuntur
632 4348 668 4409 ad
683 4346 793 4419 Deam,
817 4364 906 4425 quarn
947 4348 1110 4431 justificari
1133 4353 1298 4425 nequeant:
1322 4345 1430 4425 quales
1453 4346 1595 4407 nimirum
1618 4346 1661 4409 iili
1683 4355 1810 4419 essent,

4 4446 6 4487 t
53 4430 342 4499 peecalasuartuuc
363 4428 446 4491 enim
471 4429 600 4491 maxime
625 4430 906 4493 conscientiaosti·
951 4436 1002 4511 qui
1024 4438 1076 4494 aut
1097 4430 1204 4493 morbo
1225 4429 1640 4497 autsenectute,autulia
1663 4430 1702 4491 de
1723 4447 1811 4493 caus-

4 4530 6 4575 ι
54 4506 152 4569 mulus
167 4510 309 4581 sentitur,
326 4526 395 4571 curn
412 4512 439 4572 is
454 4511 576 4589 plaeere
590 4510 709 4592 incipit,
726 4528 817 4591 quem
836 4526 907 4591 pec·
950 4532 983 4577 sa
1006 4515 1132 4577 omniuo
1154 4516 1348 4592 peccatorum
1369 4526 1495 4573 suorum
1511 4511 1689 4574 memoriam
1708 4513 1811 4591 perdi,

4 4614 5 4655 ι
53 4589 357 4663 eandoollendimus,
374 4594 507 4671 eteujus
527 4593 654 4673 gratiam
679 4595 905 4659 desideramus.
951 4599 1082 4661 dissent.

5 4708 6 4723 ι
54 4667 135 4739 Quod
151 4674 241 4736 eliam
258 4674 433 4753 experimur
448 4676 479 4737 in
496 4678 589 4739 rebus
603 4677 758 4740 humanis.
773 4677 851 4750 Quid
874 4694 905 4739 e·
993 4680 1092 4743 Tertia
1107 4676 1241 4757 objectio
1252 4677 1401 4739 aduersos
1414 4675 1539 4737 alteram
1554 4675 1809 4755 propositionem,

4 4776 6 4819 ι
53 4752 111 4812 ιιιιι
125 4770 187 4818 nou
201 4756 423 4835 magnllaclunt
437 4758 600 4821 amicitiam
616 4760 759 4836 alicujus,
772 4760 861 4823 tacite
873 4776 904 4823 c·
950 4778 1030 4842 quae
1045 4767 1110 4824 erat
1123 4762 1162 4821 de
1177 4766 1342 4838 praecepto
1355 4758 1559 4820 contritionis.
1573 4757 1810 4835 lmpoenitentia

3 4856 7 4899 ι
55 4830 255 4902 blirlscuntur
270 4838 408 4915 iniurias,
422 4856 499 4919 quas
513 4842 556 4903 illi
583 4842 732 4920 iecerunt3
757 4843 812 4905 ιιι
835 4858 904 4905 cum
950 4862 1012 4907 non
1028 4841 1226 4922 estspeciale
1247 4841 1370 4922 aliquod
1396 4845 1570 4919 peccatum.
1596 4840 1652 4903 sed
1678 4840 1808 4906 circum·

4 4942 8 4985 ι
54 4920 238 4984 reconciliari
256 4922 396 5002 eupiunt,
413 4928 486 4986 tunc
506 4925 544 4986 ad
569 4926 748 4989 memoriam
773 4924 905 4989 redeunt
949 4927 1059 4991 stantia
1074 4924 1212 4989 omnium
1228 4934 1436 5001 peccatorum,
1453 4928 1486 4984 ut
1500 4938 1528 4984 s.
1557 4922 1690 4985 lboruas
1715 4923 1810 4987 docet

4 5024 8 5065 ι
52 5010 153 5065 omnes
168 5004 311 5083 injuriae:
328 5006 373 5067 sic
388 5006 478 5068 etiam
494 5022 577 5071 mors
589 5008 767 5083 imminens,
779 5022 836 5071 seu
848 5024 903 5086 per
949 5014 980 5073 in
995 5012 1027 5072 2.
1042 5011 1074 5072 2.
1090 5026 1123 5089 q.
1140 5007 1190 5071 ll.
1206 5013 1263 5069 art.
1279 5007 1312 5068 2.
1328 5022 1387 5072 non
1405 5006 1496 5084 igitur
1517 5006 1655 5083 speciale
1679 5005 1805 5086 aliquod

5 5105 9 5141 t
53 5084 292 5164 martyriumseu
304 5087 362 5150 alia
372 5088 567 5163 ratione,nou
580 5090 671 5153 modo
686 5106 747 5153 nou
759 5091 901 5169 impedit,
948 5091 1201 5175 praeceptumde
1216 5088 1405 5151 Poenttentio
1418 5087 1560 5149 exstabit.
1786 5134 1792 5147 .

5 5185 9 5231 t
53 5162 103 5223 sod
118 5166 205 5231 etlam
220 5170 330 5233 excitat
344 5172 584 5235 recordationem
600 5174 897 5253 peccatorum.Quod
988 5169 1726 5253 liespondeotlmpoenitentiointerdumspeciale
1738 5185 1810 5249 pee-

54 5240 280 5325 llbrysostomus
295 5252 422 5330 pulcbre
436 5254 546 5331 probat
559 5257 591 5317 in
607 5257 714 5318 boaril.
730 5256 762 5319 t.
789 5257 828 5319 de
843 5256 898 5319 Lc-
942 5265 1043 5323 catum
1058 5264 1118 5325 est,
1133 5255 1286 5319 interdum
1302 5252 1529 5315 circumstantia
1550 5252 1676 5315 alterius
1692 5268 1805 5331 pecca·

5 5363 10 5391 ι
53 5338 126 5398 llio,
141 5336 282 5414 exemplo
296 5334 419 5398 lratrum
433 5334 561 5416 loseph,
578 5340 715 5415 quicum
737 5354 817 5416 pene
835 5339 897 5411 iarn
943 5342 977 5404 tt.
994 5339 1137 5419 Speciale
1152 5343 1310 5414 peccatum
1321 5342 1381 5409 est,
1389 5335 1512 5414 quando
1523 5335 1657 5397 occurrit
1667 5341 1803 5415 tempus,

53 5403 130 5471 obliti
145 5425 250 5481 essent
263 5416 418 5497 injuriam,
433 5434 524 5497 quarn
535 5420 566 5481 in
581 5420 668 5481 illum
689 5422 890 5497 contulerant,
938 5440 999 5503 quo
1010 5430 1152 5492 tenemur
1162 5418 1383 5481 Paenitentiam
1394 5423 1532 5495 agere,et
1544 5431 1612 5479 eam
1626 5425 1727 5480 tamen
1744 5434 1806 5480 non

5 5514 10 5561 t
53 5490 157 5585 redacti
172 5506 277 5575 postea
292 5500 329 5561 ιι
343 5502 512 5577 angustias,
528 5502 680 5565 dixerunt:
694 5504 803 5567 limito
814 5504 893 5569 boec
938 5508 1069 5585 agimus.
1085 5503 1191 5585 licque
1205 5503 1288 5565 euim
1317 5503 1516 5579 praeceptum
1540 5501 1580 5561 de
1608 5499 1799 5563 Paenitentia

5 5597 11 5641 t
53 5576 196 5669 ιαιιιιιιι,
211 5584 557 5665 qotcpcccouimtteic
575 5585 710 5663 fratrem
730 5592 890 5651 nostrum.
939 5588 1071 5667 agenda,
1087 5587 1198 5666 queris
1212 5591 1350 5663 ternpore
1363 5583 1490 5661 obligat,
1507 5598 1577 5645 cum
1592 5582 1632 5646 sit
1645 5580 1800 5645 affirmati·

53 5653 156 5723 trenes.
170 5663 221 5725 ti.
238 5666 275 5728 Et
288 5664 489 5745 scgprlanus
503 5668 584 5731 idern
600 5670 735 5733 ostendit
748 5670 778 5731 in
795 5686 889 5733 serat.
939 5689 1024 5749 rums
1038 5672 1094 5734 sed
1105 5669 1206 5733 solum
1220 5670 1313 5731 certis
1327 5665 1541 5747 temporibus,
1568 5670 1601 5727 ut
1616 5682 1687 5728 cum
1701 5681 1803 5729 uersa·

6 5760 11 5809 ι
53 5730 87 5795 ‘¹⁰
97 5736 198 5825 hiliis,
213 5748 353 5829 exemplo
366 5750 456 5813 trium
471 5766 648 5833 puerorum:
664 5750 824 5831 Ananias,
845 5754 891 5817 in·
939 5771 1007 5819 mur
1022 5754 1054 5818 iu
1065 5752 1204 5836 periculo
1217 5752 1381 5829 ritao,cum
1392 5748 1431 5813 ιι
1447 5747 1678 5813 contessionem
1692 5754 1804 5813 estao-
