4084 6275
792 390 889 453 tinuit
908 388 1031 453 PRIMUS
1677 388 1713 447 tt

64 550 107 615 per
116 526 314 595 similitudines
323 530 425 590 rorant
439 531 653 610 corporalium,
675 530 757 594 allud
772 527 881 593 ccossr·
929 530 1132 591 crumentum.
1144 524 1210 591 lica
1223 529 1434 603 argumentum
1448 526 1549 606 allegit
1571 526 1733 589 botherum
1749 525 1783 585 in

64 632 130 679 mare
144 630 199 677 rem
213 611 411 673 firmissimam
424 614 579 696 paraliam
596 616 696 678 minus
707 614 836 677 ssrmam.
927 614 1089 675 libeantrn
1104 608 1531 673 docblccametlutlreranns
1550 618 1689 671 caeteros
1700 624 1787 670 asse·

94 694 247 761 &candum
261 702 483 774 argumentum.
499 696 637 762 iissentia
665 704 696 759 el
717 702 821 760 natura
837 710 884 756 sa·
927 693 1729 773 rere.ialantcsactucrcderedarmbaptizantur3auatl
1744 699 1785 749 ta·

62 786 253 843 remeaturum
269 792 328 839 noo
351 782 452 855 petest
478 779 602 843 aliunde
629 780 741 843 mellus
768 778 883 857 colligi,
930 794 1000 840 mea
1015 777 1092 838 adro
1107 779 1154 837 est
1167 775 1382 846 absurdumnt
1397 790 1424 835 s.
1440 776 1629 853 Augustinus
1646 777 1675 835 la
1692 777 1785 852 epist.

66 876 181 941 auamcr
194 859 291 921 rerbis
306 858 401 932 illius,
414 862 465 940 qul
480 878 514 924 ca
526 861 668 926 instituit.
685 862 745 925 Sed
760 864 791 923 ln
807 860 886 922 Scri·
930 861 982 923 lii.
998 860 1035 920 ad
1051 858 1225 921 Dardanum
1243 856 1412 930 scripserit.
1443 874 1498 919 ens
1520 857 1662 935 iniuriam
1688 859 1790 917 lrrccrc

66 946 145 1023 proris
157 942 275 1013 sanctis,
290 956 370 1021 quae
384 950 456 1005 suot
470 946 561 1009 rerba
574 947 626 1009 liei
639 944 772 1008 auctioris
787 958 887 1005 saara·
930 941 1074 1005 burnonis
1087 938 1246 1005 sensibus,
1263 940 1314 1017 oui
1327 940 1387 1000 ιιοο
1401 941 1518 1001 diruat.
1544 941 1693 1003 Virlcmas
1706 939 1789 1002 anim

63 1032 216 1097 mentorum,
230 1040 381 1103 nusquam
402 1025 544 1105 dicuntur
554 1024 740 1091 sacramenta
752 1026 887 1088 testimo·
930 1025 1062 1087 rotantes
1076 1024 1113 1084 ad
1126 1028 1299 1083 contactum
1315 1038 1411 1098 carrae
1426 1031 1550 1086 sanatae
1565 1024 1697 1103 planare,
1709 1023 1790 1084 relu-

63 1104 346 1185 oiapmmisslonum.
381 1109 436 1169 sed
458 1110 573 1189 ubique
601 1112 828 1180 describantur,
855 1112 888 1169 ut
930 1124 1003 1185 gnra
1032 1106 1184 1178 acronio,
1202 1112 1349 1178 errantum
1379 1116 1520 1180 possunt:
1551 1110 1632 1184 carrd
1662 1105 1787 1168 cartcsi

64 1186 484 1258 instrumentajustificationis.
500 1192 571 1255 Nam
586 1192 674 1255 Joran.
698 1193 728 1255 3.
756 1190 888 1253 dicirntrr
931 1194 1171 1253 tarccremasum
1187 1186 1313 1249 rationis
1339 1188 1499 1262 trabentes,
1532 1208 1591 1250 nnn
1609 1193 1699 1252 modo
1729 1206 1790 1248 narn

63 1271 129 1335 nasci
141 1272 234 1332 denua
248 1286 304 1349 per
316 1270 513 1351 baptismam,
523 1281 553 1337 et
566 1277 705 1339 similiter
719 1276 756 1337 ad
771 1273 886 1351 lipbes.
932 1280 1134 1353 purgarentur
1144 1270 1186 1331 ab
1198 1251 1338 1349 aragonia
1356 1280 1493 1349 praecata,
1510 1273 1565 1335 scd
1587 1274 1736 1336 adderent
1750 1278 1793 1333 et·

64 1356 88 1417 5.
111 1353 176 1415 dicit
199 1352 389 1431 Apostolus.
418 1354 587 1419 Ecclesiam
616 1356 834 1421 sanctificatam
861 1360 892 1417 et
931 1357 991 1419 lura
1008 1354 1165 1435 preprium
1180 1355 1312 1417 actuata.

63 1442 207 1499 mundatam
218 1437 335 1497 taracrn
349 1452 447 1515 aquae
463 1440 493 1500 in
508 1440 602 1503 rerba
628 1442 716 1515 ritae,
733 1438 814 1501 etad
829 1434 889 1499 Tit.
974 1439 1119 1512 Quintum
1133 1441 1358 1513 argumentum.
1374 1434 1404 1495 Si
1420 1443 1608 1499 sacramenta
1631 1444 1736 1500 essent
1749 1444 1796 1499 tc·

63 1520 168 1582 araca
179 1518 340 1597 Apostolus
352 1518 550 1597 Baptismum,
564 1524 714 1585 lavacrum
728 1535 889 1600 regenera-
934 1522 1076 1585 stimonia
1091 1520 1218 1599 gratiae,
1234 1534 1313 1597 quoe
1328 1518 1359 1579 ln
1373 1520 1548 1598 particulari
1573 1520 1730 1583 conlcrtur
1744 1521 1800 1581 ati·

64 1600 138 1664 tinais
163 1608 190 1661 et
207 1602 422 1665 renovationis.
452 1604 503 1665 Sic
528 1605 620 1667 ctiam
641 1606 680 1668 dc
702 1604 891 1667 liucbarlstia
933 1605 996 1675 cui,
1013 1616 1239 1682 saepenumero
1253 1600 1329 1662 latua
1345 1606 1463 1676 essent,
1496 1602 1638 1664 nimirum
1664 1620 1734 1665 aum
1749 1615 1797 1665 sa·

63 1686 100 1747 la.
114 1684 140 1744 ι.
154 1682 263 1744 dicitarr
283 1680 346 1758 Qoz'
358 1687 538 1750 mandram
552 1688 638 1751 banc
649 1702 782 1767 portem,
807 1686 892 1748 ciaet
934 1692 1123 1750 crumentum
1138 1684 1327 1748 ministratur
1342 1684 1470 1752 bromini,
1487 1686 1538 1763 qai
1567 1684 1655 1764 tingit
1682 1701 1717 1747 se
1732 1702 1799 1747 crc-

65 1770 381 1844 commemorans
397 1769 477 1831 idern
492 1771 532 1831 da
547 1772 615 1833 allis
627 1772 756 1848 probare
782 1782 888 1847 pusse-
934 1772 1019 1839 dere,
1036 1784 1106 1829 aum
1125 1782 1229 1828 rcrcra
1245 1781 1307 1827 noa
1322 1768 1438 1832 arcoat.
1455 1768 1586 1830 Proinde
1601 1786 1662 1831 non
1685 1769 1795 1831 liceret

65 1846 196 1911 meslino
210 1855 339 1927 possunt
360 1856 461 1913 autern
488 1852 545 1916 oisi
568 1853 789 1917 absurdissima
815 1853 892 1911 istae
936 1854 1032 1913 altum
1045 1849 1211 1927 baptizare,
1239 1864 1279 1910 ne
1308 1864 1490 1925 cogeremus
1516 1851 1612 1912 Deum
1642 1851 1800 1913 tcs‘tillcari

67 1930 207 1991 anomaliae
219 1930 257 1991 lta
271 1932 396 2010 exponi,
418 1939 453 1995 ul
476 1944 667 1998 sacramenta
695 1944 890 2013 regenerare,
935 1935 1057 1996 falsum:
1073 1936 1112 1995 de
1126 1932 1213 1993 ualle
1228 1932 1311 1993 enim
1326 1940 1411 2000 acrio
1425 1935 1541 1996 scimus
1557 1935 1701 1997 credulae
1713 1950 1797 2002 rere,

66 2014 278 2083 manturanum
293 2016 384 2075 ritem
399 2019 643 2091 aeternam,nllril
659 2018 739 2080 aliud
751 2018 790 2078 sit
801 2030 891 2093 quam
936 2034 973 2079 an
988 2016 1082 2094 lingat
1096 2030 1132 2076 se
1147 2014 1289 2077 credere.

67 2098 239 2157 testimenium
255 2096 330 2159 dero
344 2096 512 2161 diuinarum
535 2102 786 2180 promissionum.
815 2098 892 2174 Quis
977 2099 1086 2160 Dicent
1101 2098 1241 2159 tortasse:
1258 2097 1492 2160 Sarcromentam
1508 2099 1714 2161 testimonium
1728 2114 1799 2161 esse

65 2178 220 2240 colmierret
232 2192 318 2250 eum,
334 2180 387 2259 qui
404 2180 443 2243 lta
458 2181 586 2245 diceret:
603 2184 776 2261 Baptismus
795 2196 890 2257 *rege
935 2182 1051 2261 gratiae
1079 2197 1140 2243 nnn
1153 2179 1295 2241 absolute
1326 2183 1381 2246 sad
1399 2182 1424 2243 si
1441 2181 1478 2257 is,
1493 2182 1545 2259 qai
1560 2184 1691 2261 suscipit
1703 2198 1804 2245 sacra

63 2266 142 2331 uarat,
155 2260 233 2329 idest,
245 2262 297 2321 dat
309 2264 519 2327 testimonium
533 2267 653 2329 diuinae
664 2262 893 2328 raluntatls'lrcl
937 2270 1086 2335 mentam,
1103 2263 1207 2324 crerint
1221 2262 1431 2339 promissioni.

62 2358 109 2421 ego
122 2348 146 2402 tc
159 2340 281 2419 baptizo,
295 2344 389 2420 idest,
406 2362 463 2426 ega
475 2348 639 2411 testificari
649 2348 765 2427 listune
777 2347 836 2408 lroc
846 2362 893 2407 ar·
978 2346 1041 2409 Sed
1057 2352 1173 2411 contra.
1192 2344 1288 2422 probo
1305 2345 1513 2415 testimonium
1527 2362 1598 2409 esse
1613 2347 1801 2421 absolutum,

63 2431 329 2499 gamoniumcontra
343 2428 536 2494 ertberanos
561 2431 822 2493 efficacissimumz
852 2427 893 2489 sl·
938 2446 1000 2492 non
1017 2428 1271 2490 conditionatum.
1295 2426 1405 2496 Primo,
1423 2428 1575 2491 Lntlrerus
1602 2430 1806 2492 inusserit.

65 2508 166 2585 quidem
180 2506 340 2581 lutherus,
356 2526 448 2587 pacm
463 2515 577 2576 caeteri
592 2515 623 2575 in
641 2515 697 2575 bac
710 2528 745 2575 rc
760 2512 894 2574 libenter
937 2520 993 2573 nrt.
1009 2512 1095 2582 dicit,
1112 2525 1183 2572 cam
1199 2511 1251 2586 qut
1268 2510 1436 2575 concredit
1451 2514 1544 2574 rerba
1557 2512 1686 2573 ministri
1701 2513 1806 2575 dicen·

65 2596 216 2664 sequuntur.
232 2590 264 2652 la
279 2591 337 2653 illo.
354 2599 456 2655 contra
472 2595 670 2664 Gcchtaeum,
701 2596 747 2657 sla
775 2594 826 2655 ait:
853 2592 893 2655 ln
939 2596 988 2656 tls:
1007 2593 1113 2673 ligole
1134 2592 1265 2671 baptizo,
1295 2596 1368 2668 vel,
1401 2594 1463 2674 ligo
1486 2602 1515 2657 tc
1540 2595 1677 2666 absoluo,
1706 2596 1808 2658 lauceae

64 2672 245 2734 arbussocris
268 2674 572 2741 cetmmcntorsimoa
591 2686 621 2743 et
647 2676 890 2742 robutissimus
938 2677 1036 2740 Deum
1052 2675 1245 2741 mendacem.
1262 2675 1354 2757 cujus
1370 2678 1420 2746 ltla
1437 2679 1527 2739 rerba
1550 2684 1634 2739 suot.
1665 2677 1808 2740 distillo

62 2754 130 2815 ban
142 2762 192 2827 est,
206 2770 345 2834 erpttere
359 2758 402 2820 ab
416 2763 609 2825 auctoritate
621 2760 782 2841 megetiae.
800 2759 852 2821 vel
868 2758 892 2818 i·
938 2758 1030 2821 rerba
1046 2755 1290 2837 intelligerentur
1302 2775 1372 2822 cam
1388 2761 1577 2831 conditione,
1609 2760 1634 2820 si
1651 2766 1728 2822 attor
1742 2778 1807 2823 cre·

60 2836 124 2913 gitur
136 2836 281 2913 proterant
295 2839 413 2912 locum,
429 2842 481 2905 ubi
494 2852 682 2909 sacramenta
698 2846 839 2907 dicantur
849 2846 894 2901 to·
938 2843 1000 2905 dat:
1017 2857 1080 2902 nan
1095 2845 1202 2903 essent
1213 2840 1300 2911 laisa,
1317 2858 1375 2903 nac
1391 2837 1478 2907 beret
1492 2842 1575 2905 Deus
1590 2844 1734 2905 meradax.

60 2920 173 2979 simonia
188 2918 436 2998 promissionum,
452 2933 505 2988 aut
518 2932 602 2989 certe
614 2927 775 2997 lateantnr,
801 2924 893 2987 retre-
980 2924 1138 2986 Secunda:
1156 2922 1187 2985 Si
1200 2924 1307 2984 essent
1321 2924 1371 2986 ttla
1388 2927 1479 2989 rerba
1506 2926 1723 2989 conditionata.
1740 2943 1810 2987 rac-

61 3002 254 3064 neatisslmum
282 3010 317 3065 el
331 3005 578 3072 robustissimum
604 3014 815 3093 argumentum
838 3020 895 3069 nos
940 3014 987 3067 ret
1001 3005 1080 3069 lldes
1094 3004 1270 3087 justificans
1282 3007 1612 3076 lutberaaoromliam
1629 3010 1687 3085 ipsi
1704 3014 1809 3072 rolant

63 3084 161 3146 labere.
915 3090 919 3099 ’
940 3091 1098 3153 bominem
1113 3089 1228 3152 debere
1245 3091 1372 3153 credere
1388 3092 1527 3158 absalme
1550 3091 1617 3153 sinc
1633 3091 1694 3153 atla
1712 3090 1810 3156 boesi-

89 3167 143 3228 lria
156 3173 267 3230 tanturn
281 3168 351 3233 laea
364 3173 503 3251 prolerre
518 3175 631 3250 solent,
655 3189 734 3253 puae
756 3173 893 3252 speciem
941 3175 1066 3246 tertione,
1082 3189 1119 3234 se
1134 3188 1205 3232 csse
1218 3174 1413 3251 justurngnan
1430 3176 1512 3238 enim
1529 3176 1621 3236 dalrat
1637 3175 1728 3236 lrnmo
1744 3193 1810 3238 cra·

62 3249 167 3327 aliquam
179 3251 337 3316 rideantur
351 3256 477 3318 trabere.
491 3257 577 3320 Unus
592 3265 640 3320 est
652 3255 765 3321 Genus.
781 3256 832 3317 rt.
844 3252 897 3318 ubl
941 3257 1028 3323 alere,
1046 3256 1106 3317 nisi
1118 3256 1200 3333 qnod
1214 3255 1297 3316 bans
1313 3263 1450 3325 testatur.
1480 3257 1517 3318 bt
1542 3265 1698 3334 practerea
1728 3259 1807 3322 lldcs

65 3333 228 3395 circumcisio
239 3337 352 3399 dicitur
367 3340 490 3417 signum
505 3341 654 3404 laederis.
668 3339 848 3402 lltcrllom.
860 3337 894 3401 l.
940 3339 1035 3400 debet
1046 3353 1118 3400 esse
1132 3344 1225 3411 acab,
1242 3352 1315 3415 erga
1331 3356 1392 3403 corr
1409 3341 1503 3404 debet
1518 3341 1654 3418 pendere
1671 3357 1686 3400 a
1703 3339 1809 3404 condi·

62 3415 101 3475 obi
114 3415 296 3480 circumcisio
313 3420 426 3482 dicitur
440 3422 633 3501 signaculum
647 3422 784 3503 justitiae
808 3421 893 3484 ildei.
941 3423 1038 3486 tione.
1059 3421 1086 3482 si
1101 3421 1195 3482 boma
1210 3421 1327 3482 credat.
1353 3421 1425 3485 llam
1447 3439 1540 3486 rremu
1569 3429 1672 3484 certas
1701 3430 1748 3484 est
1762 3441 1810 3486 sc·

62 3497 168 3574 lartius,
185 3500 212 3559 l.
229 3499 311 3562 Patr.
327 3501 358 3564 3.
375 3503 427 3566 ubl
452 3504 562 3570 l’elrus
583 3506 670 3579 dicit,
699 3502 798 3567 salros
825 3503 898 3565 lanlt
943 3506 1077 3565 nundum
1091 3503 1268 3572 balluarum,
1281 3505 1320 3564 da
1336 3519 1370 3566 se
1385 3521 1423 3568 arn
1440 3517 1510 3570 rara
1535 3507 1653 3567 credat:
1667 3507 1712 3567 sir
1728 3507 1810 3570 enirn

64 3577 280 3658 taprobanen
296 3585 400 3648 carnis
414 3587 566 3667 depositio
580 3589 729 3661 sardium,
753 3587 808 3650 sed
821 3603 894 3648 con·
945 3585 1053 3648 scribit
1063 3585 1213 3647 Latbems
1227 3586 1259 3645 ln
1275 3585 1330 3648 tiu.
1347 3593 1451 3652 ccrrtra
1482 3590 1706 3667 rebaptizantes
1728 3590 1811 3653 edito

61 3662 181 3724 sororiae
195 3665 293 3729 banaa
308 3670 517 3749 interrogatio.
534 3672 599 3734 sire
609 3673 658 3753 (ul
673 3671 732 3750 ipsi
748 3669 895 3748 reddunt)
945 3681 1027 3730 arran
1042 3668 1133 3730 luas.
1148 3668 1334 3746 Baptismus
1347 3686 1416 3734 man
1438 3677 1483 3736 est
1496 3671 1693 3748 mandandas
1706 3687 1811 3752 snpra

60 3745 198 3822 stipulatio,
214 3751 259 3810 ret
277 3759 399 3828 pactum
415 3769 484 3814 curn
499 3753 576 3819 Dec.
944 3753 1048 3828 [idem
1060 3751 1270 3829 baptizantis.
1285 3752 1337 3812 cat
1351 3753 1512 3832 baptizoti
1528 3801 1536 3827 ,
1566 3755 1648 3834 proin
1674 3762 1812 3836 ntmpnc

91 3829 140 3887 sed
155 3829 182 3888 to
197 3831 245 3892 iris
258 3833 337 3896 locis
358 3849 420 3896 nan
443 3837 616 3899 nominatur
640 3834 818 3914 promissio,
846 3837 895 3898 ael
945 3837 1088 3896 trecor-tna
1099 3839 1144 3896 est
1157 3832 1289 3911 deside.
1304 3834 1337 3893 lit
1353 3837 1441 3897 intras
1468 3837 1520 3903 lto
1545 3839 1661 3907 carnit,
1679 3840 1811 3901 cleptat

61 3909 249 3990 testimonium,
262 3931 368 3994 nequo
382 3917 458 3980 lraec
472 3920 537 3982 loca
551 3920 587 3982 ad
601 3935 665 3981 rem
678 3919 837 3991 metuabat
847 3918 894 3980 in·
942 3917 1018 3993 licei
1032 3918 1073 3979 de
1086 3917 1165 3994 lide.
1187 3921 1224 3977 ιιι
1235 3917 1294 3995 qrra‘
1314 3917 1494 3984 arbitratur
1520 3937 1554 3984 sc
1568 3921 1707 3986 credere.
1724 3922 1812 3986 nibil

61 3991 93 4050 tra
106 3994 293 4060 ostendemus
308 4001 341 4059 in
357 3999 511 4064 solutione
523 4007 785 4081 argumentorum.
941 4001 1075 4062 omnino
1090 4000 1222 4062 medere
1244 4015 1343 4078 saepo
1357 4003 1581 4081 concinantur.
1604 4009 1635 4063 at
1649 4010 1782 4066 neon-tra
1800 4054 1808 4074 ,

90 4071 476 4170 lertiuarargumcntum.Si
491 4085 591 4147 solaro
603 4088 892 4148 essentsacramen·
942 4084 1001 4162 poi
1014 4083 1101 4144 raibz't
1118 4097 1153 4144 se
1174 4087 1273 4161 parca
1292 4085 1436 4162 credere,
1457 4085 1647 4154 damatam
1661 4088 1808 4151 macoma

61 4159 248 4223 absumente
263 4163 479 4240 promissionis
507 4174 538 4229 et
552 4167 676 4246 gratiae,
689 4166 737 4228 rel
749 4181 895 4243 superna·
940 4167 1063 4227 credat.

62 4253 148 4312 unca,
174 4242 219 4304 rel
233 4250 322 4308 certe
348 4262 455 4326 parum
469 4251 643 4312 necessaria
672 4252 787 4312 essent.
817 4247 892 4311 Naar
981 4249 1094 4310 l'ertin.
1110 4246 1281 4309 adversarii
1303 4248 1342 4309 ita
1355 4249 1396 4312 de
1411 4249 1469 4312 bac
1483 4265 1518 4316 re
1532 4251 1710 4328 loquuntur,
1727 4255 1761 4313 ul
1775 4266 1807 4315 e·

61 4319 185 4386 labemus
198 4325 442 4391 aliatestimndia
470 4332 564 4411 tange
586 4330 766 4406 efficaciora
797 4329 892 4410 siqui·
941 4330 1046 4393 mnino
1061 4329 1236 4393 absolutum
1258 4347 1330 4393 asse
1358 4323 1566 4408 testimonium
1582 4332 1636 4396 Dei
1657 4331 1688 4393 in
1704 4349 1807 4395 sacra·

61 4403 197 4466 tcabcna
210 4423 302 4488 apere
319 4419 392 4474 suat
413 4412 585 4477 testimonia
601 4414 730 4495 adeptae
756 4413 893 4494 justitiae
937 4414 1050 4474 mantis
1066 4414 1193 4476 eradere
1215 4414 1385 4477 rideantur.
1409 4415 1460 4478 Sia
1476 4417 1559 4487 enirn
1581 4415 1715 4495 loquitar
1737 4415 1804 4477 Plri-

61 4483 275 4564 loogamelicra,
306 4509 396 4571 quara
418 4495 534 4559 ablutio
562 4511 659 4574 annac
686 4497 732 4560 rel
758 4497 892 4572 sumptio
938 4495 1042 4575 lippus
1056 4496 1087 4556 in
1103 4496 1181 4558 tacis
1202 4513 1270 4575 cap.
1287 4498 1326 4558 dc
1340 4498 1513 4575 baptisma:
1543 4499 1622 4580 liga.
1639 4498 1805 4577 lnquitmi·

61 4563 254 4636 Eucharistiae.
267 4575 340 4636 llam
363 4579 447 4640 arulti
484 4578 569 4655 impii
604 4580 795 4659 baptizantur
820 4577 893 4642 dcta
938 4579 1361 4651 nisaaamanocrodiaica,
1378 4587 1408 4642 et
1433 4581 1503 4644 lonc
1534 4580 1650 4648 comate·
1673 4579 1803 4660 baptizo

61 4653 145 4725 eorde,
159 4659 188 4714 el
202 4655 422 4721 bacbaristiaor
438 4669 574 4735 sumant,
591 4661 645 4741 qui
658 4660 788 4741 proinde
806 4661 893 4742 pejo-
939 4667 978 4724 tc.
994 4662 1089 4725 idest.
1117 4662 1176 4724 lunc
1199 4663 1293 4741 signa
1307 4662 1466 4738 testificer·
1479 4663 1573 4733 nblttl
1582 4668 1719 4746 peccam
1733 4671 1803 4738 trra,

61 4745 99 4792 res
111 4741 175 4795 sunt
200 4746 230 4800 ct
243 4741 344 4820 magis
357 4741 447 4804 inuisi
463 4745 536 4809 buo.
554 4761 644 4821 quam
656 4749 755 4814 antea,
781 4745 812 4806 2.
838 4743 895 4807 Go-
939 4749 970 4806 οι
984 4751 1012 4807 ιο
1025 4745 1274 4808 reconciliatam
1285 4762 1351 4809 esse
1364 4763 1440 4809 aero
1456 4747 1518 4808 lien
1533 4753 1593 4825 eta,
1617 4745 1669 4813 ubl
1685 4747 1800 4813 nullam

60 4813 187 4912 namt.
216 4822 327 4886 litorio
347 4831 461 4889 nostra
487 4826 567 4890 boec
592 4832 648 4900 est,
677 4827 896 4890 testimonium
940 4829 1011 4888 tacit
1026 4829 1211 4889 mentionem
1224 4828 1422 4893 conditionis.
1434 4829 1532 4909 atquc
1547 4829 1625 4917 brac
1639 4829 1679 4894 da
1694 4827 1804 4893 dctlut·

61 4903 251 4968 ummnocc
263 4911 407 4978 nostroe,
424 4907 456 4969 2.
473 4909 554 4973 leta.
573 4909 602 4972 t.
616 4909 770 4990 satagite,
786 4913 825 4972 att
836 4925 897 4990 per
942 4909 1027 4974 lianc
1041 4909 1296 4974 Lutberanornm.
1604 4912 1607 4917 ⁴

61 4975 128 5076 itm
141 4995 369 5062 opmacmom
387 4995 531 5055 aeaaom
556 4992 757 5055 necationem
785 4997 815 5054 ct
838 4993 898 5056 ete·
1127 5013 1131 5020 ·

60 5067 356 5145 riorumlacicrms.
372 5071 460 5135 ioan.
474 5071 572 5150 sons
583 5075 662 5154 lacit
670 5073 835 5154 posidium
842 5075 897 5153 p'u·

60 5151 112 5206 llos
124 5156 174 5223 ecl,
189 5157 217 5213 et
230 5154 398 5234 prrlnotttr
420 5157 687 5230 miracimmum
697 5160 820 5236 peccat.
891 5178 895 5186 ·

91 5229 219 5304 Quartam
241 5244 464 5316 argumentum.
481 5239 514 5301 Si
528 5247 719 5302 sacramanta
734 5240 833 5301 solnm
849 5253 898 5302 es·
1291 5298 1298 5314 ,
1329 5301 1336 5314 ,
1354 5301 1361 5316 ,

61 5319 116 5404 sent
125 5317 288 5380 testimonia
298 5320 588 5399 promissionum,ad
602 5321 791 5384 excitandum
805 5319 895 5384 iidem
1011 5293 1217 5375 Menum?
1227 5297 1440 5414 defflfllwfm
1453 5296 1742 5396 *mmmm

61 5399 186 5466 nstrtnta,
201 5400 309 5464 trustra
326 5403 551 5482 baptizarentur
564 5404 696 5468 intentes
710 5408 742 5466 ct
754 5409 895 5468 amentes
1200 5401 1231 5459 el
1244 5397 1537 5479 zmmprmccmm.

61 5485 242 5548 ttoscertum
259 5492 319 5556 cst,
335 5501 396 5546 aaa
411 5487 504 5550 modo
518 5503 580 5550 noa
609 5489 747 5563 credero,
763 5487 819 5548 sed
836 5503 895 5549 acc

62 5569 137 5628 iisse
149 5565 272 5630 credere
285 5574 367 5629 actu.
383 5571 418 5629 tt
445 5569 608 5633 lutherani
624 5584 732 5632 omnes
757 5575 895 5650 pugnant
980 5571 1080 5637 littera
1094 5572 1246 5636 sententia
1262 5570 1302 5633 dc
1317 5576 1423 5633 natura
1438 5575 1620 5668 sacramenti
1650 5579 1698 5638 cst
1721 5589 1796 5652 quo·

63 5651 105 5714 oto
118 5641 265 5725 baptismo
276 5651 469 5727 parvularum
484 5657 589 5714 cantra
605 5653 892 5732 tnabaptistasraon
938 5656 1079 5733 ruodam,
1092 5669 1171 5734 nans
1186 5649 1336 5717 lutherus
1362 5659 1393 5717 ct
1403 5653 1546 5719 delricus
1561 5673 1614 5739 pag
1635 5657 1674 5722 im
1688 5655 1802 5733 plraaa·

1269 5119 1387 5188 CAPUT
1411 5121 1474 5185 XV.

62 5723 136 5798 tatur
149 5743 217 5795 rere
233 5733 353 5798 traduat
367 5734 461 5799 iidem
482 5735 661 5813 Latberaai,
690 5734 764 5818 quid
792 5735 832 5800 stt
846 5749 892 5798 sa·
939 5739 1016 5802 ticos
1030 5745 1151 5804 rnaant.
1167 5733 1204 5797 lli
1220 5737 1332 5804 doceat
1345 5747 1535 5803 sacramenta
1547 5737 1611 5831 nlbl
1635 5753 1706 5804 csse
1722 5737 1805 5801 eliud
