4084 6275
286 324 340 386 aps
713 347 718 358 ·
1005 313 1048 372 oe
1066 310 1168 376 illest

211 467 275 528 tres
291 455 397 522 modos
422 447 593 529 explicandi
617 449 843 530 incaenium,
868 465 948 534 quae
972 446 1073 526 ipsam
1117 454 1268 518 cottonem
1293 449 1453 527 bdelium,
1481 465 1553 518 cnm
1581 450 1634 516 illa
1660 465 1723 516 non
1737 451 1841 533 possit
1869 450 1937 514 elici
1952 465 1987 510 a·

212 559 328 609 cnanoe
343 537 506 609 actionem,
522 535 569 594 rel
596 531 707 596 Christi
733 551 858 613 eorpus,
886 529 1071 596 sacrificium
1115 538 1223 600 blatto,
2023 546 2024 599 l

212 633 332 690 rocant:
349 634 427 700 quos
442 617 549 679 crodos
564 616 740 695 singillatim
756 617 945 690 retenemus,
955 613 1072 677 amisso
1150 621 1311 700 ‚Praeterea
1326 619 1383 680 alsi
1400 617 1581 682 vocobulum
1601 616 1743 680 sacrificii
1768 623 1859 681 esset
1886 616 1987 678 ambi·
2023 616 2025 695 l

212 711 313 772 tertio.
331 703 412 785 quod
424 696 451 760 is
466 699 503 759 00
519 715 554 762 00
570 699 635 760 1000
650 699 769 760 Petrum
785 701 885 763 solum
908 695 1070 778 pertineri,
1112 720 1207 781 guum
1222 710 1252 764 et
1268 709 1372 779 posset
1385 702 1484 781 accipi
1500 717 1555 778 pro
1566 701 1675 780 queris
1688 717 1774 762 sacra
1785 702 1932 762 actione:
1948 707 1989 759 ta·

208 792 265 872 qni
280 790 386 852 dicunt
400 781 582 850 sacrillciuto
598 781 701 844 alteris
717 798 788 844 esse
814 781 1069 862 propitiatorium,
1113 803 1184 847 men
1201 785 1323 865 quando
1337 784 1479 847 tribuitur
1493 801 1528 847 ea
1544 800 1601 847 νον
1617 784 1661 846 rai
1677 783 1990 862 permanentiidest,

211 891 290 956 qnae
306 877 353 934 est
367 868 460 930 altera
475 863 680 928 controversia
695 881 752 927 suo
777 865 846 929 loco
870 863 999 928 interius
1021 877 1071 923 ex·
1115 884 1185 931 cum
1202 872 1324 931 coeatur
1340 865 1526 930 sacrillciour
1540 883 1601 928 non
1617 868 1683 945 ipse
1698 869 1777 928 actio
1802 864 1987 929 sacrificen-

210 955 365 1038 plicandn.
698 1009 700 1016 ,
1115 952 1159 1024 di,
1175 953 1229 1014 sed
1246 967 1296 1012 res
1311 967 1390 1029 quae
1406 951 1458 1011 illa
1473 953 1593 1012 actione
1605 947 1808 1025 saerillcotur,
1825 955 1909 1010 tuuc
1921 964 1987 1007 cer·

252 1040 345 1118 igitur
360 1033 476 1113 primns
492 1028 600 1093 modus
615 1034 675 1102 est,
701 1034 734 1090 ut
758 1029 942 1092 sacriticinur
964 1025 1070 1105 eppei·
1115 1040 1145 1096 tc
1160 1040 1220 1096 non
1237 1040 1337 1111 potest
1357 1034 1481 1111 erponi,
1507 1049 1619 1094 nornen
1646 1031 1787 1094 sacrificii
1813 1047 1877 1111 pro
1901 1047 1988 1092 secra

208 1123 273 1186 icat
288 1119 438 1182 actionem
453 1127 580 1183 coenae,
597 1111 667 1190 onia
683 1114 875 1174 consecratio
893 1119 922 1174 ct
944 1111 1071 1187 dispen·
1115 1118 1246 1179 actione.
1262 1117 1298 1176 tt
1312 1115 1414 1177 Patres
1428 1115 1533 1194 ipsum
1546 1130 1659 1192 corpus
1674 1113 1796 1188 Christi,
1826 1114 1919 1190 oum
1944 1114 1988 1174 ol·

210 1205 286 1266 satio
302 1198 511 1264 Eucharistiae
526 1201 573 1256 est
597 1193 747 1274 00000000
774 1211 860 1257 secte
883 1193 973 1266 0οῑἰο,
991 1205 1071 1271 (litte
1116 1200 1222 1272 terlur,
1239 1197 1423 1261 sacrificinm
1439 1205 1557 1260 rocam:
1574 1198 1646 1259 Nam
1658 1197 1865 1260 determinate
1880 1197 1989 1256 dicunt

207 1274 385 1363 abionrsio
400 1284 523 1343 v⁰ttit¹t
538 1271 1009 1358 Grattii²l⁰ltelittlitiittiessiffl
1025 1289 1073 1368 50·
1115 1282 1147 1344 iu
1174 1299 1258 1344 sacra
1284 1297 1381 1342 coena
1410 1280 1511 1342 ollerri
1538 1280 1603 1343 ileo
1628 1280 1815 1362 sacrificiunt
1842 1283 1988 1356 corporis

209 1368 347 1431 criiiorre
363 1366 522 1435 dixerunt,
553 1363 633 1439 qnod
661 1359 766 1422 6000οἰ
779 1362 885 1422 dicunt
899 1356 1070 1440 ἱερουργεῑν·
1116 1364 1238 1427 Christi.
1255 1363 1318 1426 llon
1335 1363 1427 1442 igitur
1441 1368 1542 1442 polest
1555 1365 1666 1439 exponi
1681 1363 1839 1426 sententie
1860 1362 1986 1422 Petrum

210 1451 245 1513 hl
261 1466 333 1512 aero
349 1447 468 1526 probat·
486 1443 557 1504 lietb
574 1441 685 1504 Pettius
701 1441 738 1504 td
754 1443 840 1504 Rotn-
857 1441 908 1504 lii.
925 1440 1074 1504 describit
1114 1449 1154 1510 de
1168 1463 1253 1509 sacra
1269 1447 1388 1508 actione
1418 1446 1618 1509 consecrandi
1640 1453 1670 1507 et
1694 1442 1907 1525 dispensandi
1931 1444 1986 1503 llu-

210 1551 265 1614 pcr
281 1530 427 1594 vocabula
443 1523 585 1589 sacrificii
601 1530 630 1585 et
645 1523 809 1586 oblationis
823 1525 1028 1586 ministerium
1041 1540 1073 1584 e·
1114 1530 1303 1592 charistiam:
1320 1545 1422 1607 neque
1438 1531 1519 1591 enirn
1537 1529 1588 1590 itta
1604 1529 1684 1590 actio
1698 1536 1758 1603 est,
1769 1537 1830 1590 ,ant
1849 1526 1918 1588 dici
1934 1543 1985 1603 pn·

209 1614 352 1694 rangabi,
369 1613 440 1691 onia
455 1616 502 1670 est
517 1607 668 1687 quaedam
684 1623 769 1668 saera
795 1607 886 1670 actio.
912 1606 950 1668 El
971 1606 1073 1683 bugn·
1115 1618 1176 1675 test
1191 1613 1253 1673 ullo
1269 1613 1361 1674 inodo
1376 1628 1489 1690 corpus
1504 1611 1628 1673 Christi.

209 1700 309 1762 stinus
324 1694 447 1774 epistol.
465 1690 516 1752 te.
533 1690 569 1750 ad
585 1689 759 1760 Paulinum,
773 1696 860 1752 vocat
875 1689 970 1752 sancti
997 1690 1071 1750 alta·
1156 1695 1241 1756 Adde
1257 1695 1473 1772 attimacum}
1488 1693 1660 1756 Romanius
1675 1709 1737 1754 non
1762 1693 1847 1756 bane
1872 1691 1986 1770 proba·

208 1783 251 1844 ris
267 1781 464 1842 oblationem.
481 1788 560 1852 qnae
574 1771 701 1834 otientur
715 1771 791 1846 Deo,
804 1773 928 1851 quando
940 1770 1070 1848 id‚nuod
1115 1777 1156 1838 rit
1171 1777 1252 1857 qood
1267 1781 1446 1853 assumpsit,
1463 1782 1494 1839 et
1514 1779 1545 1851 in
1571 1793 1633 1855 qun
1658 1783 1755 1838 totum
1782 1773 1881 1838 robur
1907 1789 1983 1835 suae

208 1867 239 1928 in
257 1879 361 1925 mensa
378 1857 498 1922 Domini
513 1860 573 1927 est·
600 1854 808 1930 hentditituh
825 1854 1032 1917 000οῑἱο0οῑ00
1042 1859 1074 1915 el
1114 1861 1276 1922 solutionis
1289 1859 1603 1931 constituit,nimirum
1618 1859 1699 1920 idem
1712 1874 1784 1920 esse
1798 1857 1920 1918 Latinis
1935 1873 1981 1917 sa

208 1950 245 2008 ad
263 1940 507 2008 distribuendum
529 1937 746 2000 comminuitur
761 1944 791 1998 et
812 1945 1019 2016 praeparatur.
1035 1935 1072 1996 ttt
1115 1941 1263 2004 criticinm
1279 1940 1496 2005 etsacriilcare
1525 1941 1607 2019 qnod
1632 1940 1756 2005 Graecis
1781 1935 1941 2021 ἱερουργία
1954 1945 1981 1998 et

210 2027 381 2110 Cyprianus
395 2023 452 2086 hb.
468 2021 499 2082 2.
518 2021 610 2098 epist.
628 2019 657 2082 3.
676 2021 727 2090 ubi
746 2020 776 2080 in
803 2020 955 2100 principio
980 2021 1073 2080 totius
1114 2021 1284 2106 ἱερουργεῖν.
1314 2024 1385 2085 Nom
1416 2025 1489 2086 licet
1502 2023 1686 2103 etymologia
1706 2022 1851 2085 sacrificii
1876 2039 1984 2084 suma·

210 2110 359 2191 epistolae
372 2111 586 2186 argumentum
614 2103 701 2180 ponit
726 2103 765 2164 de
791 2103 888 2166 calice
912 2102 1073 2164 Dominicn
1115 2112 1164 2168 tur
1178 2125 1194 2168 a
1209 2123 1295 2170 sacre
1310 2107 1442 2180 cellone,
1458 2123 1527 2168 cum
1543 2105 1769 2169 sitsccriBeare
1793 2121 1921 2168 sacrum
1943 2104 1984 2164 ta·

208 2191 489 2262 sanctificandoet
503 2186 587 2264 plebi
604 2183 817 2260 ministrando,
832 2182 964 2248 subinde
986 2185 1072 2263 inge·
1115 2205 1199 2252 cere:
1217 2197 1317 2251 tamen
1335 2206 1396 2251 non
1412 2189 1568 2268 quaelibet
1582 2205 1666 2251 secra
1682 2190 1761 2250 actio
1786 2196 1836 2251 est
1858 2185 1978 2251 sacriti-

208 2279 304 2340 minat
329 2268 478 2337 uocabula
504 2267 645 2332 sacrificii
673 2274 704 2329 et
728 2267 910 2340 oblationis,
937 2274 967 2330 et
988 2267 1071 2346 quod
1115 2274 1209 2345 cium,
1225 2272 1280 2334 sed
1297 2288 1333 2334 ee
1349 2273 1489 2351 solamne
1505 2272 1568 2334 Deo
1583 2286 1635 2334 res
1648 2271 1747 2350 aliqua
1763 2269 1895 2344 oilertur
1910 2285 1978 2331 cum
2023 2302 2024 2317 .

208 2361 347 2423 Christus
362 2354 493 2433 sumpsit
507 2351 634 2414 calicem
651 2367 712 2412 nnn
729 2351 794 2411 sola
809 2355 899 2430 aqna,
922 2352 977 2412 scd
1000 2350 1072 2412 rino
1116 2361 1200 2418 certo
1216 2355 1348 2432 quadarn
1363 2355 1496 2417 solemni
1510 2355 1570 2416 ritu
1586 2361 1617 2415 et
1631 2355 1705 2416 reali
1726 2353 1811 2416 illius
1834 2357 1882 2415 ret
1910 2369 1984 2413 cou⁴

208 2451 239 2505 et
254 2458 330 2518 aqua
346 2440 486 2502 mixtum.
503 2435 652 2512 illumque
679 2433 837 2496 benedixit
861 2439 892 2495 et
916 2431 1072 2496 distribuit
1115 2439 1305 2514 sumptione,
1322 2445 1461 2516 utsupra
1476 2437 1681 2500 ostendimus.
1707 2435 1806 2510 Quare
1820 2435 1938 2498 Latini,
1953 2451 1983 2494 e·

212 2524 387 2601 discipulis.
403 2519 468 2582 Hoc
484 2516 653 2596 Cyprianus
668 2516 708 2578 ito
736 2513 835 2578 effert:
865 2515 1004 2580 Christos
1019 2513 1072 2578 ob·
1116 2521 1207 2583 ruditi
1223 2521 1408 2598 interpretes
1427 2536 1607 2598 graecorum
1623 2520 1795 2593 librorum,
1821 2535 1889 2581 non
1916 2518 1983 2578 red·

210 2609 283 2672 tulit
297 2603 360 2668 lleo
376 2601 466 2665 Petri
479 2598 815 2679 conculcamentum,
831 2601 889 2662 scd
901 2599 1016 2662 ninom
1037 2614 1072 2659 o·
1118 2605 1195 2664 dunt
1209 2618 1266 2680 per
1280 2603 1462 2667 vocabulum
1477 2601 1620 2664 sacrificii
1635 2602 1695 2665 nisi
1709 2617 1851 2682 graecam
1872 2616 1984 2664 rocem

208 2681 689 2772 quamtatnmtacntlcc.tton
705 2684 787 2745 eninr
808 2683 865 2742 ista
891 2681 1004 2743 oblatio
1030 2683 1072 2743 ri·
1114 2683 1233 2760 Θυοὶαν,
1263 2701 1344 2763 quae
1372 2686 1495 2762 proprie
1520 2684 1673 2764 signifieat
1698 2684 1889 2746 sacrillcium
1907 2727 1917 2759 ,
1932 2689 1983 2744 aut

209 2779 300 2836 detur
318 2786 411 2850 posse
426 2781 497 2830 esse
512 2782 560 2838 en,
577 2781 668 2842 quern
683 2763 827 2826 catholici
850 2765 975 2839 docent;
1002 2778 1072 2824 nam
1117 2775 1201 2831 certe
1216 2783 1320 2830 rocem
1347 2764 1541 2849 ἱερουργίαν,
1571 2776 1623 2829 ent
1649 2767 1739 2829 aliern
1759 2767 1899 2828 similem
1924 2782 1983 2826 am·

208 2873 323 2933 corpus
338 2849 575 2928 etsangninem,
606 2864 667 2910 nnn
699 2847 802 2908 ninom
829 2852 860 2908 ct
886 2861 998 2926 aquam
1023 2861 1073 2906 eu·
1115 2851 1239 2930 biguom
1254 2855 1285 2912 el
1298 2851 1501 2929 generalem,
1525 2850 1648 2930 quondo
1673 2867 1711 2912 er
1735 2849 1981 2915 circumstantiis

209 2938 314 3000 thnlici
333 2938 396 2999 lleo
411 2929 513 2995 nh'erri
529 2929 647 2992 dicunt.
663 2929 756 2990 Vocat
781 2929 873 3007 igitur
899 2928 1071 3008 Cyprianus
1116 2934 1223 2996 rident
1243 2949 1281 2994 eo
1296 2934 1364 2996 loco
1380 2935 1510 3012 positam
1525 2949 1597 2996 esse
1612 2949 1669 3011 pro
1682 2931 1935 2995 verosacrllicio.
1948 2931 1979 2992 lo

207 3021 396 3082 oblationem
412 3017 473 3076 lleo
489 3013 609 3084 tactam,
625 3014 723 3090 ipsam
738 3011 1002 3074 consecrationem
1020 3028 1073 3090 pe·
1117 3016 1198 3094 quod
1214 3014 1303 3078 lecito
1319 3023 1419 3093 potest
1433 3015 1563 3094 intelligi
1574 3031 1612 3079 ex
1626 3015 1811 3078 testimoniis
1826 3014 1984 3075 altemoi·

208 3105 260 3167 nis
275 3111 306 3165 ct
320 3101 394 3175 riui,
413 3093 671 3175 quemadmodum
687 3095 787 3156 lotor.
806 3093 856 3157 lb.
873 3093 1073 3167 tucasoixit,
1118 3099 1160 3160 tin
1174 3097 1361 3161 ellatls.llam
1376 3096 1457 3178 apud
1472 3098 1772 3179 Dionysiummocem
1785 3094 1983 3179 ἱερουργεῐαν,

212 3187 370 3266 apostolos
398 3179 591 3243 ministrasse
620 3177 762 3247 Domino.
792 3194 874 3250 eoru,
905 3178 1073 3257 interprete
1115 3182 1249 3248 reddent
1263 3184 1448 3260 interpretes
1461 3198 1582 3265 sacrum
1598 3181 1814 3251 ministerium,
1842 3197 1909 3243 uon
1931 3198 1982 3241 eo·

212 3270 442 3346 chrysostomo,
457 3262 634 3339 loquetetur
649 3261 687 3323 de
703 3260 929 3339 praedicatione
944 3276 1074 3339 evarrgc·
1119 3272 1180 3327 tem
1196 3264 1393 3339 sacrificinm:
1409 3272 1441 3327 et
1464 3266 1545 3344 quod
1572 3265 1738 3343 lliongsins
1762 3262 1936 3327 crediderit
1954 3263 1983 3322 ta

212 3352 257 3415 lii.
272 3350 360 3412 Unde
376 3346 468 3411 etiarn
480 3344 672 3423 Augustinus
687 3343 810 3422 epistol.
826 3342 877 3405 23.
894 3342 968 3404 dicit
990 3341 1074 3405 Chri·
1119 3349 1218 3410 misse
1229 3344 1330 3409 ollerri
1347 3348 1409 3409 lieo
1424 3362 1529 3410 rerum
1543 3346 1741 3417 sacrillciom,
1757 3352 1843 3426 polet
1867 3345 1983 3409 exiliis

210 3442 291 3497 stum
308 3430 458 3493 immolari
474 3427 576 3495 nobis.
594 3433 624 3488 et
639 3425 671 3497 ip
698 3426 808 3504 psalm.
836 3425 885 3488 ta.
912 3425 996 3498 dicit,
1018 3426 1073 3487 itn·
1118 3430 1221 3492 verbis
1235 3447 1305 3507 cap.
1322 3426 1354 3492 3.
1371 3447 1436 3509 par.
1449 3430 1486 3492 3.
1499 3430 1539 3492 de
1560 3430 1772 3493 ecclesiastice
1797 3429 1983 3493 hierarchica

214 3512 494 3579 molariiidelibos:
522 3508 575 3571 obi
600 3508 839 3589 immolationem
866 3515 953 3570 nocet
978 3510 1076 3587 ipsam
1118 3512 1271 3590 Pontifex
1284 3519 1420 3577 ecceoeot
1442 3528 1487 3584 ee,
1514 3514 1603 3590 qaod
1629 3512 1767 3575 baceom
1789 3512 1980 3581 sotularem,
2023 3525 2024 3550 t

193 3610 195 3613 ·
212 3597 475 3661 consecrationem
492 3593 599 3655 laetam
616 3595 646 3651 in
661 3608 750 3653 usum
765 3590 916 3654 fidelium.
932 3589 1074 3669 Denique
1119 3612 1205 3676 quoe
1218 3611 1322 3675 supro
1333 3597 1476 3674 soipertm
1490 3600 1546 3670 eet,
1564 3595 1875 3672 monocentaurum
1897 3594 1982 3656 Rom.

213 3679 390 3762 Cgrillnsin
407 3675 585 3755 epistolaad
608 3674 790 3745 Nestorium,
817 3682 904 3736 vocnt
931 3674 1076 3737 ineroen·
1125 3679 1174 3740 tii.
1201 3695 1307 3741 rocem
1336 3674 1545 3759 ἱερουργοῦντα
1558 3682 1646 3754 uertit
1670 3678 1823 3756 interpres
1853 3692 1922 3738 non
1942 3692 1984 3737 se-

214 3771 277 3827 tum
294 3760 490 3832 00001ῑο1000,
508 3774 564 3821 500
580 3759 708 3831 latriam,
726 3758 848 3835 quando
864 3757 991 3835 ld,qund
1005 3773 1077 3818 000·
1123 3761 1372 3832 caracallarum
1393 3760 1557 3824 debuisset
1581 3761 1753 3835 seeundum
1778 3759 1980 3823 Kemnitium.
2023 3825 2024 3830 g

218 3848 330 3909 lectum
347 3842 605 3924 est,nominemus
621 3856 734 3920 corpus
748 3844 779 3902 et
792 3842 974 3918 sangninem
993 3837 1078 3901 Chri·
1123 3844 1180 3906 sed
1195 3842 1447 3906 sanctificantem:
1459 3859 1575 3905 rocem
1599 3849 1699 3906 autern
1724 3841 1905 3924 ννροορορὰν
1924 3857 1981 3901 νον·

214 3933 266 3991 sti:
279 3926 408 4006 'qnando
424 3925 603 3987 accedimus
618 3924 655 3983 ad
682 3922 825 4003 mysticas
844 3921 1079 3984 benedictiones
1125 3929 1160 3989 tlt
1173 3926 1347 3988 rectissime
1361 3926 1561 4004 oblationem3
1577 3925 1689 3988 odmen
1714 3925 1863 3989 sacrillcii
1878 3927 1912 3987 in
1927 3931 1983 3985 toto

214 4019 246 4075 et
260 4008 498 4079 sonctillcemur,
515 4005 681 4084 participes
696 4004 798 4069 ellecti
813 4004 952 4081 corporis
968 4010 999 4065 et
1009 4021 1078 4065 san·
1125 4025 1163 4072 aa
1178 4008 1277 4085 capite
1290 4023 1350 4069 non
1363 4008 1485 4087 legitur.
2023 4009 2024 4016 ’

215 4095 319 4173 guinis
342 4094 477 4154 omniurn
500 4089 704 4167 redemptoris
718 4087 841 4150 Christi.
857 4086 940 4149 Haec
955 4086 1079 4148 hemni-
1166 4092 1259 4152 Porro
1274 4090 1462 4169 Augustinus
1476 4092 1581 4170 altaris
1595 4091 1780 4153 oblationem
1791 4089 1985 4169 apertissime

217 4181 290 4243 tius.
1126 4178 1214 4235 vocat
1226 4189 1340 4252 corpus
1354 4174 1487 4247 Domini,
1503 4174 1585 4251 pund
1601 4176 1631 4235 in
1645 4174 1744 4238 altari.
1765 4180 1800 4235 ut
1823 4188 1935 4235 rerum
1954 4188 1985 4233 ac

208 4311 211 4324 .
257 4254 549 4333 Adhuncprimum
563 4252 688 4315 modum
713 4253 910 4330 Respoodco:
932 4252 1080 4315 liemniti·
1127 4255 1482 4337 propriumsacridcium
1498 4256 1712 4319 Deoobertur.
1734 4256 1842 4334 Neque
1865 4257 1986 4319 obstant

217 4358 268 4403 nm
285 4342 375 4419 multe
392 4338 525 4399 dicendo
540 4336 617 4398 nihil
634 4337 749 4409 dicere,
767 4338 822 4399 sed
838 4344 955 4399 tantum
972 4337 1081 4397 menti·
1126 4340 1217 4401 aerbo
1231 4358 1246 4402 a
1261 4338 1415 4401 Kemnilin
1430 4334 1622 4402 citata.'ltem
1640 4339 1833 4417 augustinns
1859 4354 1925 4399 noo
1945 4338 1985 4399 di·

207 4426 277 4487 ‚bos
293 4421 478 4500 simpliciam
496 4436 559 4481 rem
578 4419 760 4493 inuoluendo
786 4419 916 4482 nebulas
942 4416 1081 4481 ohunde·
1128 4424 1180 4498 cit,
1197 4429 1229 4484 ut
1244 4424 1296 4485 ille
1311 4423 1444 4502 pessima
1459 4421 1520 4485 lide
1534 4422 1616 4496 citat,
1632 4422 1819 4484 oblationem
1845 4420 1916 4484 Ilen
1938 4419 1986 4483 lic·

218 4524 265 4569 rc.
282 4504 397 4568 tiamsi
415 4502 484 4565 idco
500 4503 601 4565 solum
618 4503 772 4564 diceretur
797 4502 980 4565 sacrificinm
1002 4502 1081 4563 ectio
1127 4506 1165 4579 ri,
1182 4522 1251 4568 cnm
1268 4505 1348 4585 qnod
1361 4512 1409 4567 est
1422 4506 1454 4567 in
1467 4506 1626 4581 mensa,ad
1641 4504 1892 4567 distribuendum
1909 4520 1987 4567 cour·

219 4604 348 4661 coenae,
364 4587 434 4665 qrrin
451 4592 497 4649 est
511 4584 661 4663 ¹quaedam
677 4600 761 4647 sacra
778 4587 867 4657 actio,
894 4602 948 4648 cnr
965 4584 1079 4647 eodem
1125 4588 1284 4650 minuitur:
1301 4587 1357 4649 sed
1373 4594 1572 4667 posteaquam
1587 4589 1714 4660 dixerat,
1729 4588 1760 4649 id
1777 4588 1861 4665 nond
1889 4593 1940 4649 est
1958 4587 1986 4646 in

219 4674 311 4734 modo
327 4682 388 4731 nou
415 4669 568 4732 diceretur
593 4666 789 4742 sacrificiunt,
816 4669 894 4730 ectio
921 4668 1079 4746 baptismi,
1126 4687 1233 4733 mensa
1247 4670 1390 4733 benedici
1404 4676 1436 4733 et
1448 4669 1615 4733 comminui
1628 4677 1689 4734 etc.
1705 4670 1810 4733 multis
1823 4669 1987 4747 interposi·

220 4770 291 4817 cum
308 4762 338 4815 et
351 4751 403 4813 illa
420 4751 460 4813 sit
474 4768 559 4815 sacru
575 4752 697 4839 detinet
713 4750 852 4828 eiusdem
868 4752 1081 4829 generis,cum
1101 4781 1103 4784 ·
1127 4756 1166 4816 tis
1180 4752 1264 4826 dicit,
1280 4753 1381 4816 norcri
1396 4753 1461 4815 lico
1475 4753 1506 4814 id
1521 4768 1613 4815 omne
1627 4754 1709 4831 qood
1725 4757 1754 4817 ei
1770 4750 1912 4821 offertur,
1929 4769 1987 4813 mn·

220 4838 342 4901 actione
367 4849 511 4909 coenae,
534 4850 604 4897 cnm
630 4840 756 4912 utraque
781 4834 821 4895 sit
845 4839 961 4895 tentum
982 4848 1082 4895 saere-
1126 4837 1319 4899 ximeautcm
1333 4834 1432 4898 sancti
1446 4835 1548 4897 altaris
1563 4835 1762 4898 oblationem.
1776 4833 1987 4911 ltaooelien·

221 4924 358 4995 utentum
374 4918 544 4980 secuudum
560 4915 768 4980 adversarios?
1127 4918 1222 4981 nitius
1237 4918 1397 4999 conjunxit
1410 4917 1467 4979 ista
1482 4934 1551 4981 eum
1566 4918 1790 4998 superioribus,
1803 4932 1840 4978 ae
1852 4916 1881 4979 si
1897 4932 1987 4978 uuam

264 5000 380 5064 lleinde
395 5000 602 5079 calummaris
617 5015 702 5062 sacre
717 5000 796 5061 actio
810 4997 908 5078 pessit
921 4996 1019 5060 noceri
1033 5013 1080 5059 se·
1126 5002 1308 5063 sententiam
1322 5000 1468 5076 lacerent,
1494 5017 1564 5064 cum
1588 5002 1627 5063 ad
1652 5001 1788 5065 dirersis
1813 5000 1987 5065 seuhnties

222 5083 384 5157 orificium,
402 5083 442 5146 ob
457 5083 673 5146 uocabulorum
689 5080 934 5154 similitudinem,
951 5081 1021 5158 quia
1034 5096 1081 5164 sn·
1127 5083 1310 5163 pertineant.

222 5166 369 5229 crillcium
386 5173 474 5229 sonat
488 5182 608 5229 socrum
623 5164 734 5229 lacere:
753 5172 851 5227 tamen
878 5178 939 5227 non
965 5162 1081 5241 quaeli·
1165 5164 1231 5229 iam
1245 5183 1317 5229 rero
1333 5165 1501 5246 Cyprianus
1515 5183 1586 5229 cnon
1609 5166 1642 5228 in
1668 5171 1850 5247 argumento
1873 5170 1987 5244 episto·

221 5250 374 5311 betsacra
390 5252 469 5311 actio
485 5257 587 5327 potest
602 5250 662 5311 dici
678 5248 804 5321 oblatio,
830 5253 865 5309 ut
889 5253 993 5309 nolunt
1020 5252 1080 5309 est.
1125 5248 1174 5310 lae
1189 5248 1276 5326 ponit
1298 5249 1340 5312 de
1364 5250 1459 5313 calice
1483 5247 1706 5330 sanctificando
1732 5255 1762 5310 et
1787 5248 1876 5325 plebi
1899 5248 1986 5311 mini·

222 5332 288 5393 lton
302 5332 384 5392 enim
400 5333 585 5409 quicumque
600 5348 716 5395 sacrem
732 5333 881 5393 actionem
905 5330 986 5402 lacit,
1008 5345 1079 5391 con·
1127 5333 1262 5395 strando:
1281 5348 1335 5409 per
1348 5332 1618 5396 sanctificationem
1634 5349 1696 5395 nno
1710 5330 1856 5410 intelligit
1870 5332 1988 5409 simpli·

222 5414 306 5476 tinno
321 5413 436 5492 aliquid
453 5414 542 5477 offert
557 5415 654 5477 atteri.
670 5415 707 5476 tr
722 5414 825 5477 Patres
840 5414 954 5475 diserte
975 5412 1081 5475 dicant
1126 5430 1194 5477 cem
1209 5415 1483 5491 consecrationem,
1500 5416 1765 5482 consecrationem
1780 5412 1929 5477 videlieet
1942 5431 1989 5475 so
2023 5475 2024 5478 ,

223 5498 254 5556 in
279 5502 373 5557 coena
404 5496 505 5560 olterri
535 5498 598 5559 beo
613 5496 794 5561 sacrificium
817 5495 954 5574 corporis
979 5494 1080 5556 Domi·
1125 5495 1189 5558 lum
1217 5497 1385 5566 ordinatam
1410 5500 1448 5561 art
1473 5498 1735 5565 commonionem.
1760 5497 1817 5559 sed
1843 5496 1989 5574 intelligit

221 5578 265 5639 ni:
289 5593 357 5645 uon.
374 5576 467 5657 igitur
492 5587 622 5659 possunt
647 5580 738 5642 rerba
764 5580 882 5642 Petrum
908 5580 1019 5655 exponi
1040 5578 1080 5640 de
1125 5580 1389 5644 consecrationem
1404 5580 1571 5644 ordinatam
1587 5581 1624 5642 ed
1641 5579 1838 5644 sacrificiunt:
1852 5596 1927 5641 nam
1943 5580 1986 5656 ip·
2023 5611 2024 5656 γ

218 5661 284 5725 sola
312 5662 543 5726 consecratione
573 5661 660 5741 panis
687 5662 823 5725 ordinata
849 5660 886 5723 od
912 5660 1080 5725 communi·
1125 5661 1986 5742 sefrequentordicit'ollerribeosacrilioiornittndllo·
2023 5663 2024 5694 ἱ
