4084 6275
847 296 891 356 nb
909 294 1137 357 secundantis
1154 295 1187 354 td
1207 298 1338 357 ceneten
1808 379 1810 382 Ι

533 430 651 496 carot
684 429 737 493 xt.
1107 431 1305 502 senctllloari,
1322 431 1393 512 qula
1408 428 1703 510 perillomoilieilnr
1728 436 1998 496 sacramentum.

854 588 857 595 ¹
1107 517 1200 578 Porro
1212 516 1288 576 lraec
1303 512 1452 588 delinitio,
1469 514 1525 575 etsi
1542 512 1694 590 potuisset
1705 513 1835 579 iortesse
1861 514 1994 594 pauci·

373 606 459 686 Qnoc
479 609 520 669 sit
535 604 678 685 definitio
693 609 900 670 sacramenti.
1107 597 1213 662 oribus
1227 596 1329 659 verbis
1350 596 1596 674 comprehendi,
1624 600 1725 657 tamen
1748 598 1824 661 satis
1848 598 1996 678 integre

729 724 730 731 ι
1107 679 1321 757 complectitur
1336 684 1426 739 lolam
1442 683 1579 739 uallatam
1592 682 1787 745 sacramenti.

249 762 391 827 Secunda
408 761 571 825 difficultas
586 766 650 837 ost;
675 759 787 836 ortibus
813 760 914 824 verbis
940 760 1060 838 concipi
1148 763 1255 836 Quarta
1270 761 1407 823 delinitio
1421 768 1468 823 est
1483 760 1614 838 Magistri
1630 760 1856 825 Sententiarum
1873 764 1939 825 tib.
1951 761 1991 823 i.

205 844 318 907 debeat
332 843 469 907 delinitio
484 844 677 907 sacramenti.
696 842 770 903 Sunt
787 847 868 905 enim
893 845 996 923 plures
1010 843 1062 904 de·
1107 843 1270 908 dist.l.obi
1286 843 1641 907 sicaiesncromentom
1655 849 1701 905 eet
1712 846 1889 910 intenibilis
1895 862 1994 923 gra·

205 928 361 990 finitiones
376 927 455 1006 apud
472 926 642 1003 theologos,
656 942 734 1001 outre
748 925 879 989 breviter
892 944 1063 1006 proponam·
1106 930 1171 991 tioe
1189 926 1326 989 visibilis
1340 927 1461 1002 formo,
1478 926 1626 1005 &melem
1638 930 1765 1004 gratioe
1784 930 1994 1009 imaginem

207 1014 264 1071 itae
279 1018 310 1074 et
326 1008 525 1088 explicandae
552 1015 635 1069 sunt.
649 1007 713 1069 llna
729 1016 788 1085 ost;
804 1008 941 1085 signnm
953 1012 1062 1072 reiso·
1105 1026 1232 1091 gerens.
1245 1016 1275 1071 ct
1287 1025 1405 1071 consec
1419 1010 1571 1071 emiatcns.
1598 1009 1681 1080 Quae
1705 1010 1855 1085 definitio,
1885 1013 1990 1091 quod

208 1108 292 1155 orne.
309 1093 516 1171 Altera,paulo
530 1089 718 1170 explicatior.
733 1091 906 1155 inadibilis
934 1094 1060 1172 gratim
1106 1096 1143 1156 ad
1160 1107 1287 1154 sensnm
1303 1090 1467 1164 attinet,nil
1482 1089 1583 1151 dillert
1597 1108 1613 1153 a
1629 1092 1743 1170 priore.
1760 1094 1865 1156 Solum
1885 1095 1991 1156 enim

207 1175 344 1238 risibilis
357 1176 474 1253 lomna.
688 1202 691 1208 ·
1108 1177 1139 1238 in
1156 1177 1213 1237 bec
1228 1173 1407 1237 definitione
1423 1174 1590 1237 desiderari
1606 1174 1725 1237 ridetur
1738 1177 1905 1255 explicatio
1935 1176 1990 1237 si·

245 1258 306 1319 liae
321 1256 516 1320 definitiones
542 1254 730 1333 colliguntur
755 1270 791 1317 ex·
820 1256 1002 1336 Augustino,
1020 1256 1061 1317 ita
1105 1258 1171 1339 gni,
1188 1257 1325 1319 naturale
1341 1272 1392 1329 ne,
1408 1273 1446 1318 an
1462 1272 1499 1318 ex
1523 1257 1715 1317 institutione
1739 1260 1791 1319 sit:
1819 1264 1878 1321 sed
1906 1260 1986 1320 boc

205 1340 359 1402 scribente
374 1341 429 1403 lib.
448 1338 549 1404 inde
564 1336 688 1400 civitate
715 1338 765 1399 llei
789 1356 855 1417 cap·
885 1340 915 1401 b.
933 1338 1064 1418 Socriti·
1107 1339 1267 1403 manilesto
1279 1339 1432 1417 colligitur
1443 1354 1480 1401 ex
1502 1338 1552 1399 illa
1578 1338 1736 1417 particule,
1753 1356 1873 1406 corraso
1899 1344 1991 1405 cati·

205 1422 292 1484 cinrn
305 1422 430 1486 visibile
442 1421 625 1485 ‘inuisibilis
644 1418 1062 1499 sacrificiisocromentnm
1104 1424 1333 1488 albinianum
1349 1422 1430 1485 enim
1445 1423 1567 1501 signum
1588 1422 1739 1485 sensibile
1765 1431 1868 1503 potest
1897 1441 1990 1487 csse

204 1504 285 1567 idest
299 1518 420 1569 sacrum
436 1504 559 1584 signum
573 1510 632 1578 ost;
649 1508 679 1565 et
693 1519 873 1583 cpmmunes
894 1514 966 1567 sunt
980 1506 1061 1584 apud
1106 1522 1214 1569 caussa
1230 1505 1354 1582 gratiae,
1372 1520 1430 1566 neo
1443 1502 1526 1565 illam
1544 1504 1747 1569 infallibiliter
1773 1506 1989 1588 significare,

204 1588 432 1662 catholicos‘ut
445 1593 526 1666 petet
541 1602 577 1648 ex
592 1585 721 1664 lingone
737 1587 791 1648 lib.
816 1587 845 1648 1.
863 1604 927 1664 par.
944 1588 975 1649 9.
992 1605 1061 1665 cap.
1107 1592 1165 1653 nisi
1182 1607 1219 1651 ex
1233 1589 1285 1649 ilci
1302 1586 1504 1656 institutione,
1518 1593 1549 1648 ul
1566 1593 1672 1649 notum
1687 1594 1747 1650 est.

205 1670 396 1733 illumatio
412 1672 442 1731 in
457 1684 600 1733 sermono
615 1669 654 1730 do
666 1684 761 1730 coerra
773 1670 904 1742 bomini,
919 1670 1064 1733 stitione
1145 1674 1255 1746 Quinta
1270 1670 1407 1733 delinitio
1419 1678 1467 1730 est
1482 1669 1660 1731 catechismi
1673 1669 1798 1732 concilii
1827 1672 1991 1734 tridenti-

204 1752 233 1812 3.
259 1744 323 1829 par.
341 1758 460 1831 quaest.
475 1750 526 1813 od.
543 1752 628 1814 artic.
646 1750 709 1812 let
724 1752 789 1813 iet
803 1768 839 1813 ex
854 1752 969 1814 Tboms
984 1753 1063 1814 Wal·
1105 1756 1148 1819 ni:
1165 1755 1413 1816 Soorornentnrn
1427 1756 1533 1814 ratres
1545 1750 1693 1822 sensibus
1703 1752 1860 1833 anniceto,
1878 1772 1984 1835 qnae

203 1836 290 1897 densi
314 1840 387 1897 tom.
402 1838 434 1897 2.
447 1832 669 1913 candidique
685 1833 895 1913 baecrpddenr
911 1835 1061 1898 delinitio·
1103 1853 1147 1901 en
1168 1837 1225 1899 liei
1238 1834 1440 1897 institutione
1462 1835 1644 1897 sanctitatis
1671 1841 1702 1896 et
1721 1838 1872 1914 p'rtstitioe
1900 1844 1988 1903 tnm

205 1934 260 1981 nos
275 1916 302 1979 si
317 1916 514 1996 accipiantur,
529 1923 563 1978 ot
576 1917 666 1979 rerba
688 1917 829 1978 absoluto
850 1925 983 1991 sonant,
1006 1918 1063 1979 im·
1103 1918 1351 2000 significandae.
1368 1921 1438 1979 inm
1451 1916 1641 1997 efficiendae
1659 1917 1726 1979 nim
1751 1919 1856 1981 babet.
1878 1919 1987 1993 Quae

204 2001 357 2079 perlectae
372 2004 455 2062 sunt.
472 1999 564 2061 ldulto
579 2000 661 2060 onim
674 1999 759 2076 plura
773 2006 844 2061 sunt
856 2002 942 2079 signa
958 1997 1060 2062 rerum
1105 2004 1241 2067 delinitio
1257 2001 1460 2078 pulcherrima
1476 2005 1549 2076 ost,
1576 2014 1646 2081 oum
1662 2005 1693 2062 et
1718 2000 1899 2063 brevissima
1918 2005 1948 2063 si
1959 2010 1986 2071 t.

205 2099 371 2159 sacrarum,
385 2088 436 2145 aut
450 2082 612 2144 invisibilis
636 2082 762 2159 gratiae,
786 2085 1064 2160 quarnsintsaora·
1106 2094 1136 2148 et
1160 2094 1260 2147 tarnen
1286 2083 1526 2160 comprehendat
1553 2084 1655 2143 omnia
1680 2082 1733 2143 illa
1755 2090 1825 2146 octo
1850 2087 1984 2162 capita,

202 2172 316 2226 tarenta:
335 2171 434 2228 nmen
449 2165 476 2227 sl
491 2166 680 2244 accipiantur
696 2210 704 2235 ,
722 2171 753 2225 ut
767 2171 877 2227 sonant
891 2166 1062 2228 secundum
1105 2168 1232 2248 qunoad
1262 2171 1399 2226 naturam
1425 2163 1609 2226 sacramenti
1635 2166 1791 2243 pertinere
1815 2166 1979 2230 diximus.

204 2262 343 2321 sensum,
366 2254 398 2310 et
410 2248 612 2310 intentionem
636 2246 819 2322 Ecclesiae,
848 2254 878 2308 et
898 2248 1064 2309 ¹domorum
1104 2252 1176 2316 Nam
1192 2250 1301 2328 primo,
1317 2249 1398 2326 quod
1413 2247 1689 2309 sacramentumsit
1715 2250 1848 2327 signum,
1879 2258 1980 2327 patet

203 2329 388 2393 lronaosunt
416 2329 627 2409 eilegitlmac.
644 2328 802 2408 Siquidem
829 2346 884 2409 per
911 2330 1061 2410 signum,
1105 2335 1209 2399 exilia
1234 2330 1393 2409 particula,
1425 2327 1672 2408 significandae
1700 2329 1856 2402 Secundo,
1883 2335 1983 2410 quod

202 2413 380 2494 intelligunt
394 2412 516 2491 signum
533 2410 1063 2490 sensibilesnstitutumprecttcum,
1105 2416 1266 2484 sensibile,
1284 2429 1321 2475 ox
1335 2413 1398 2477 ille.
1412 2411 1557 2475 sertsibtts
1571 2411 1725 2491 mojorem
1753 2414 1865 2486 Tertio,
1882 2418 1979 2489 nond

203 2496 246 2556 roi
263 2497 399 2577 signatae
415 2494 645 2575 similitudinem
657 2510 781 2574 gerens:
798 2510 853 2573 per
865 2512 928 2557 rem
944 2512 1062 2559 sacram
1104 2496 1317 2563 rotuonriorn.
1330 2511 1367 2555 ex
1389 2495 1498 2567 illaec
1522 2495 1579 2557 ilci
1597 2496 1811 2559 irestnotione.
1839 2497 1976 2572 Quarto,

203 2579 378 2659 intelligunt
393 2577 518 2657 gratiam
531 2576 762 2657 justillonntem.
792 2578 978 2656 Quamquam
1007 2577 1060 2661 (sl
1105 2583 1186 2662 qnod
1202 2579 1245 2642 rei
1261 2594 1377 2645 sacrae,
1401 2592 1439 2637 ex
1466 2577 1529 2647 illo,
1551 2578 1735 2640 sonctitotr's
1758 2585 1790 2641 et
1804 2579 1986 2659 jutitiae.

204 2666 287 2723 recle
303 2667 409 2723 monet
423 2660 592 2740 Hugoloco
608 2657 783 2740 nonrmqui
795 2662 911 2739 primus
927 2662 1001 2723 dixit
1015 2678 1063 2723 sa*
1105 2663 1217 2743 Quinto
1232 2668 1261 2722 et
1276 2667 1373 2730 sexto,
1390 2660 1471 2738 qood
1487 2659 1667 2733 sanctitatis,
1685 2676 1764 2739 quae
1781 2666 1854 2723 lunc
1877 2662 1935 2724 ilat
1947 2664 1989 2723 ri

204 2748 393 2805 crementum
409 2758 482 2805 esse
497 2743 541 2803 rei
557 2758 662 2805 sacrae
680 2742 801 2821 signum
819 2789 826 2816 ,
844 2758 904 2803 non
922 2749 981 2823 tam
997 2760 1063 2805 rem
1104 2749 1203 2828 ipsius
1231 2745 1424 2809 sacramenti.
1450 2758 1488 2804 ex
1511 2742 1575 2813 illa,
1594 2743 1663 2805 erint
1683 2742 1789 2806 notet.
1816 2743 1980 2821 Septimo,

202 2825 300 2903 ipsam
313 2830 453 2889 accurate
464 2824 617 2897 delinire,
644 2840 735 2903 qnam
760 2823 893 2887 nominis
913 2825 1061 2905 interpre-
1104 2829 1187 2910 quod
1203 2828 1243 2892 sit
1263 2823 1459 2895 caeremonia
1487 2824 1648 2900 solemnis,
1675 2842 1714 2889 ex
1736 2841 1775 2888 eo
1800 2828 1978 2905 colligitur,

203 2909 349 2969 tationem
364 2908 519 2986 explicaro
530 2908 665 2970 votuisse
681 2906 810 2969 ridetur.
837 2907 984 2981 Quocirca
999 2926 1062 2971 non
1104 2912 1185 2994 quod
1198 2911 1308 2971 dicitur
1322 2924 1392 2968 esse
1407 2923 1458 2968 res
1486 2907 1632 2969 sensibus
1655 2908 1806 2987 subjecta,
1832 2909 1981 2972 instituta

202 2994 286 3052 recle
298 2990 422 3063 iaciunt,
440 2989 491 3068 qui
509 3006 563 3067 pro
580 2990 637 3053 lrec
662 2986 841 3051 delinitione
862 2990 1060 3053 deleniendo
1104 2996 1141 3057 ad
1158 2991 1422 3055 sanctificandum.
1439 2988 1562 3056 Octauo.
1579 2989 1660 3069 quod
1673 2990 1907 3053 similitudinem
1921 3010 1984 3071 ge·

202 3071 331 3135 nimium
343 3072 538 3135 altercantur:
555 3073 733 3152 pracsertim
747 3088 816 3133 cum
832 3088 859 3134 s.
874 3074 1061 3152 Augustinus
1104 3084 1152 3142 rat
1165 3078 1208 3139 rei
1225 3071 1426 3154 significatae,
1453 3088 1515 3133 non
1538 3072 1667 3136 babetur
1691 3088 1838 3152 expresso
1861 3076 1893 3135 in
1913 3076 1982 3139 trac

202 3155 272 3218 loco
288 3157 377 3218 citato
394 3156 433 3218 de
449 3162 640 3219 sacramento
656 3156 807 3234 loquatur,
833 3163 892 3218 tam
907 3160 1005 3236 ampla
1021 3157 1062 3220 si·
1107 3160 1298 3230 delinitione,
1313 3161 1414 3217 tamen
1426 3154 1530 3235 colligi
1547 3161 1647 3233 potest
1661 3171 1698 3217 ex
1725 3158 1776 3217 illa
1805 3159 1975 3233 particula.

201 3237 410 3317 gnillcalioue.
426 3243 459 3300 ut
473 3240 564 3300 eliam
576 3237 760 3300 sacrificium
775 3239 1029 3316 comprehendat.
1108 3240 1358 3323 significondoe,
1371 3253 1409 3299 ex
1423 3238 1486 3309 illa,
1502 3253 1545 3300 oen
1572 3237 1631 3300 Dei
1649 3240 1863 3303 tmtttotiooe.
1888 3241 1981 3304 Deus

244 3319 345 3384 Tertia
360 3319 498 3383 delinitio
509 3327 557 3384 est
577 3319 716 3400 Hugouis
730 3321 798 3382 loco
813 3326 914 3383 notato
928 3369 936 3394 ,
952 3321 1004 3398 qui
1019 3322 1066 3385 sic
1109 3330 1191 3391 enim
1206 3324 1258 3401 qui
1273 3322 1406 3383 suaviter
1418 3322 1520 3382 omnia
1532 3319 1679 3398 disponit,
1695 3337 1862 3400 numquam
1885 3323 1985 3385 insti·

203 3402 323 3466 deurit:
338 3402 586 3467 sacramentnm
606 3410 651 3466 est
671 3404 838 3482 corporale
851 3405 902 3466 oct
913 3406 1066 3468 materio-
1109 3408 1219 3472 tuisset
1232 3422 1297 3468 rem
1309 3419 1400 3465 unam
1413 3403 1451 3463 ad
1466 3401 1556 3464 aliam
1568 3402 1982 3481 significandamnisieum

204 3485 234 3546 te
254 3485 458 3558 elementum,
481 3485 560 3562 iocis
570 3485 766 3550 sensibiliter
781 3487 982 3565 propositum
997 3535 1005 3559 ,
1023 3503 1067 3550 em
1110 3509 1145 3556 ea
1161 3489 1329 3568 analogiam
1340 3486 1474 3565 aliquem
1489 3484 1628 3546 baberet.

202 3568 419 3632 similitudine
439 3575 715 3646 repraesenteris,
743 3574 773 3631 ct
794 3585 837 3632 eea
856 3570 1062 3634 institutione
1149 3575 1251 3634 Exstat
1263 3571 1321 3632 alia
1337 3567 1475 3630 delinitio
1485 3568 1565 3646 apud
1592 3568 1777 3640 Gratianum,
1795 3569 1825 3630 1.
1848 3576 1980 3650 quaest.

204 3649 405 3730 significans,
422 3655 452 3712 et
473 3667 516 3714 erc
535 3649 793 3729 sanctificatione
816 3653 985 3716 continens
999 3654 1067 3715 oli·
1111 3659 1140 3719 l.
1157 3657 1230 3720 Cari.
1247 3651 1331 3715 llulti
1346 3649 1561 3713 saccularium:
1578 3650 1829 3714 sacramentnm
1842 3659 1901 3721 est.
1913 3671 1983 3732 per

205 3747 306 3812 quom
324 3733 520 3798 invisibilem
554 3739 584 3797 et
606 3735 810 3813 spirituatem
830 3736 982 3814 pretinm.
1008 3737 1065 3797 tibi
1109 3736 1579 3820 qnodsnbtepnmentorernrn
1588 3733 1899 3810 ouibdinmdioino
1908 3737 1980 3800 air·

138 3874 143 3881 ,
204 3819 265 3875 rtuo
281 3816 412 3878 notanda
427 3823 510 3880 sunt.
526 3818 636 3890 Primo,
660 3833 715 3893 per
729 3819 914 3880 elementum
937 3833 997 3879 non
1013 3819 1066 3879 de·
1109 3829 1159 3884 tue
1173 3820 1324 3881 secretins
1347 3815 1485 3878 omnen
1501 3822 1667 3893 operetur.
1695 3817 1777 3879 llaec
1802 3818 1982 3886 delinitioa

206 3897 281 3958 bere
294 3898 392 3978 accipi
407 3899 569 3975 elementa,
587 3900 643 3962 sed
657 3916 721 3961 rem
737 3899 981 3977 quamlibet,uta
998 3916 1066 3961 rer·
1109 3905 1250 3967 Gratiano
1265 3897 1406 3962 tribuitur
1420 3897 1577 3978 Gregorim
1592 3915 1609 3960 a
1625 3915 1652 3961 s.
1667 3899 1784 3961 Tboma
1797 3900 1828 3961 in
1843 3901 1877 3962 1.
1898 3901 1978 3964 dist.

206 3979 247 4038 lin
262 3979 470 4060 distinguitur,
478 3981 562 4062 Juxta
579 3981 653 4043 illud
669 3981 842 4061 Augustini:
858 3981 1064 4044 deceditoer·
1111 3988 1140 4049 1.
1157 3988 1277 4064 qrraest.
1295 3984 1323 4043 l.
1341 3981 1483 4043 tribuitur
1496 3980 1678 4056 Augustino.
1695 3983 1755 4044 Sed
1785 3999 1844 4045 nec
1865 3982 1981 4062 hujus,

206 4062 340 4125 blimad
361 4063 563 4136 ilementum,
588 4071 617 4126 ct
640 4065 945 4142 tetsocramentorn.
973 4062 1067 4126 locat
1111 4084 1169 4132 nec
1184 4068 1266 4129 illius
1281 4072 1340 4132 est,
1360 4063 1416 4125 sed
1445 4061 1567 4125 isidori:
1593 4065 1724 4128 babetur
1750 4066 1832 4126 enim
1863 4065 1978 4127 iisdem

205 4151 305 4206 entem
317 4145 415 4224 liugn,
432 4147 596 4230 etquidem
608 4148 670 4217 alii,
687 4147 894 4217 clementum,
925 4148 1066 4208 materias
1110 4149 1214 4212 verbis
1226 4149 1306 4225 eprrd
1322 4147 1474 4208 isidorum
1488 4145 1547 4208 lib.
1562 4147 1594 4208 li.
1610 4147 1861 4227 etymologiarum
1877 4194 1886 4222 ,
1904 4165 1980 4226 cap.

207 4227 342 4289 omnium
358 4235 628 4301 sacramentorum,
650 4231 720 4307 quia
736 4231 767 4291 in
782 4229 880 4307 primo
892 4245 1066 4292 sacramen·
1112 4234 1162 4297 18.
1180 4233 1239 4294 nisi
1255 4232 1333 4292 lortc
1346 4227 1485 4290 isidorus
1500 4228 1583 4289 illam
1599 4234 1753 4307 acceperit
1778 4247 1815 4292 ex
1831 4229 1909 4291 libro
1921 4233 1982 4291 ali-

208 4318 250 4378 to,
274 4309 365 4388 idest,
382 4312 414 4374 in
428 4313 601 4392 Baptismo‚
617 4328 721 4373 verram
737 4314 923 4375 elementum
940 4329 1039 4390 aquae
1056 4360 1064 4383 ,
1111 4333 1173 4396 quo
1189 4315 1280 4378 nobis
1292 4311 1415 4391 cognito
1427 4311 1601 4384 Augustini,
1616 4321 1669 4373 aut
1682 4313 1831 4388 Gregorii.
1847 4312 1906 4374 Sed
1923 4330 1980 4375 cu·

208 4392 331 4462 rnateria
343 4400 402 4458 est:
419 4412 435 4456 a
450 4396 574 4458 materia
589 4395 671 4457 enim
687 4394 774 4473 primi
791 4395 985 4470 sacramenti,
1002 4411 1063 4455 ma·
1108 4399 1295 4480 jussumque
1309 4396 1425 4464 sitnon
1442 4400 1489 4454 est
1502 4409 1558 4455 our
1572 4395 1698 4457 multum
1714 4395 1980 4461 laboremuscum

210 4475 303 4537 terias
325 4477 462 4540 omnium
488 4483 747 4542 sacramentorum
776 4477 934 4540 nominare
960 4481 1063 4540 noluo·
1111 4477 1366 4545 satisconstetab
1381 4476 1499 4537 Isidoro
1520 4476 1666 4547 allatam,
1699 4479 1737 4538 ad
1763 4478 1980 4555 explicandam

208 4563 290 4619 runt.
302 4557 358 4622 Vel
373 4561 464 4622 etiam
491 4561 560 4641 quia
577 4562 763 4622 elementum
778 4559 931 4622 materiam
945 4560 1066 4638 aptissi-
1111 4565 1246 4628 nominis
1257 4559 1524 4637 significationem,
1542 4575 1602 4622 noo
1618 4561 1657 4621 ad
1678 4577 1743 4621 rem
1771 4560 1870 4640 ipsam
1884 4577 1979 4624 accu-

209 4655 258 4700 me
270 4640 433 4720 significat,
450 4661 519 4707 cum
535 4646 575 4706 sit
590 4659 701 4720 corpus
717 4643 941 4722 imporleolum3
957 4649 988 4704 et
1014 4661 1066 4706 na·
1112 4655 1178 4711 rato
1189 4644 1410 4713 deliniendam.

210 4727 275 4783 tura
289 4738 344 4786 sua
360 4727 531 4790 ordinatum
544 4725 582 4788 ad
595 4725 842 4802 componendum
854 4727 993 4787 mixtum:
1010 4743 1067 4788 uu·

210 4803 351 4900 dentiam
365 4806 540 4873 Aristoteles
553 4807 706 4872 materiam
730 4809 856 4886 primam
878 4810 1067 4870 elementum
1439 4851 1554 4918 CAPUT
1565 4851 1623 4913 w

210 4893 337 4950 vocarat.
1567 4890 1576 4912 ⁴
1627 4899 1635 4914 ·

251 4970 395 5036 Secundo
407 4975 575 5038 notandum
591 4977 638 5035 est
650 4972 896 5051 llugonem,cum
912 4973 1066 5047 nit,sacra·
1574 5027 1580 5038 .
1659 5024 1665 5037 .
1897 5025 1903 5038 .

212 5059 346 5118 mentum
360 5071 398 5118 ex
412 5057 654 5120 sanctificatione
675 5057 735 5117 rim
758 5055 873 5117 bebere
886 5055 1067 5119 oonlerondi
1153 5030 1358 5110 *adesim
1381 5030 1581 5140 mmefm
1603 5041 1741 5139 “W
1766 5029 1938 5088 ⁰⁰²²¹²⁰m⁰⁸

211 5136 412 5214 gratiam,non
424 5139 657 5220 intelligerepcr
669 5135 988 5206 sanctificationemut
1000 5155 1069 5216 per·
1249 5129 1463 5194 eomommtt's
1477 5127 1555 5205 lepos
1568 5130 1683 5189 octern
1694 5130 1725 5188 et
1737 5141 1856 5189 noooe.

213 5220 1070 5301 proramintellexitllemnitiusmagdialiquambenedi·

211 5299 355 5376 ctionem,
373 5305 419 5366 rel
432 5305 695 5366 consecrationem
709 5304 956 5382 praecedentem,
973 5311 1007 5367 ut
1024 5310 1072 5368 est
1157 5303 1301 5382 Sequitur
1314 5302 1401 5365 tertia
1413 5306 1443 5362 et
1454 5304 1609 5379 postrema
1628 5297 1781 5379 quaestim
1796 5297 1843 5360 An
1867 5293 1978 5360 delini·

213 5383 276 5457 illa,
292 5402 351 5464 quo
364 5387 559 5450 benedicitur
573 5403 650 5464 anuo
663 5387 746 5463 (nom
764 5385 852 5448 otiam
868 5386 935 5448 sine
947 5387 1002 5448 ista
1017 5387 1071 5450 be·
1118 5386 1217 5447 tiones
1232 5385 1348 5464 positae
1362 5383 1546 5446 conveniant
1558 5386 1750 5446 sacramento
1764 5380 1977 5460 ingeneratio

214 5465 389 5532 riedictiona
401 5475 624 5533 sacramentum
640 5469 784 5547 baptismi
811 5469 940 5532 conteni
959 5470 1072 5548 potest)
1116 5469 1445 5532 sacramentistenlum
1467 5481 1563 5530 norae
1575 5464 1756 5543 legisdtoee
1770 5468 1845 5531 sant
1858 5461 1979 5525 lbeolo·

214 5549 270 5610 scd
284 5552 411 5616 verbum
424 5554 478 5616 llei
494 5552 575 5631 quod
599 5559 651 5614 est
670 5552 763 5614 voluti
786 5552 880 5614 torma
908 5551 1073 5631 perdolens
1118 5567 1226 5628 goram
1240 5551 1425 5613 sententiae.
1442 5550 1540 5612 Prima
1557 5553 1604 5610 ost
1616 5545 1751 5626 Magistri
1762 5546 1795 5608 in
1810 5544 1975 5608 tibidis.

212 5637 451 5700 sacramentum:
469 5635 532 5700 illis
549 5636 630 5700 enim
643 5632 747 5700 vorbis
761 5633 873 5699 dieitur
884 5637 1072 5700 elementum
1120 5635 1148 5699 1.
1165 5640 1196 5700 ct
1210 5633 1323 5698 ibidem
1338 5633 1466 5709 Albcrli,
1480 5631 1625 5706 ibomee,
1643 5629 1884 5706 bonaventurae,
1896 5632 1926 5692 et
1944 5643 1971 5688 a·
