4084 6275
2035 60 2037 125 l

284 307 337 366 152
845 308 894 366 'DE
912 305 1134 366 SAGRAMENTG
1152 304 1399 366 edeelmstile

250 443 360 511 Sextus
374 435 1073 520 010000100000000000001000,
1121 443 1170 504 nio
1185 456 1277 504 asum
1290 439 1453 520 utriusque
1466 438 1584 518 speciei
1599 438 1630 504 io
1647 437 1870 504 Gommunionc
1883 455 1988 519 popu·

208 527 300 606 euius
316 541 391 587 usus
406 527 485 604 apud
502 523 635 586 Graecos
650 528 716 586 erat
741 524 772 586 in
789 528 848 588 tota
874 525 1073 608 quadragesi·
1119 525 1187 586 lari:
1204 531 1235 588 et
1250 523 1322 586 inda
1336 524 1511 603 suspicatur
1525 540 1587 584 noe
1602 524 1670 586 sine
1685 540 1793 587 caussa
1810 521 1987 585 Ecclesiam

120 655 122 660 ,
209 625 285 683 ma,
308 613 437 688 excepto
452 604 670 668 diedominico
685 606 891 682 etsabbatlre,
922 608 952 670 irr
979 608 1072 669 latina
1117 607 1201 668 ittam
1228 608 1268 670 ab
1297 607 1363 686 ipsa
1392 608 1565 684 primaeua
1588 605 1792 680 laudatione,
1812 605 1920 691 idest,
1946 607 1987 666 ab

210 691 347 755 Ecclesia
364 689 419 752 iste
431 705 506 752 usas
521 687 585 762 tuit,
603 688 745 752 etadbue
757 699 859 752 manet
871 689 946 752 teria
961 689 1071 754 0000·
1118 690 1207 754 annis
1223 691 1293 766 plus
1308 688 1988 771 0100000100000000000100000000οἰ00

210 774 510 850 00000000000100.
537 769 610 832 Nam
625 785 664 833 ec
680 771 730 833 dic
747 788 807 834 non
823 773 856 834 llt
867 773 1070 846 consecratio,
1119 777 1246 852 speciei.
1895 812 1898 818 ,

210 863 243 920 et
262 857 330 934 ipsa
344 857 436 918 etiam
450 853 595 916 sacerdos
610 854 640 916 io
653 855 775 932 publiea
790 857 910 918 actione
936 872 1072 918 commu·
1161 855 1241 918 Beda
1258 853 1309 934 qui
1322 860 1392 916 ante
1404 872 1503 918 anuos
1518 853 1591 916 000.
1614 853 1728 925 iloruit,
1760 870 1820 926 non
1849 853 1990 916 obscure

211 940 294 1002 oleat
305 938 364 1001 sub
380 953 439 1000 una
455 933 575 1016 speeie.
603 935 700 1014 Huius
716 938 949 1000 consuetudinis
965 984 973 1010 ,
990 937 1073 1016 quod
1122 939 1237 999 indicat
1250 937 1281 998 in
1296 937 1401 1015 lngtia
1413 939 1451 1000 ab
1464 939 1550 1000 initio
1566 936 1804 1014 praedicationis
1816 937 1992 1012 discipulo·

211 1023 249 1083 ad
271 1021 403 1084 Graecos
415 1021 532 1090 attinet,
549 1018 895 1083 meminitlnodicenum
909 1019 1073 1082 concilium
1122 1038 1190 1083 rum
1207 1037 1234 1082 s.
1251 1019 1388 1098 Gregorii
1406 1037 1502 1101 papae
1517 1023 1660 1097 coepisse
1676 1036 1765 1080 usum
1781 1020 1939 1098 publicum
1954 1039 1991 1080 u-

210 1101 573 1174 000100100000100
596 1102 763 1165 trutlanum
775 1121 845 1166 can.
862 1102 912 1164 52.
930 1103 1016 1177 Quod
1032 1109 1075 1164 at·
1123 1105 1194 1166 nius
1208 1102 1339 1181 speciei.
1370 1103 1421 1165 Sic
1449 1105 1531 1165 enim
1547 1101 1655 1167 scribit
1669 1101 1724 1162 lib.
1741 1102 1772 1164 2.
1789 1103 1898 1163 histor.
1915 1120 1989 1180 cap.

211 1187 288 1249 tinet
299 1186 336 1247 ad
350 1185 483 1259 Latinos,
514 1185 655 1248 meminit
670 1185 870 1248 innocentius
885 1185 911 1246 1.
928 1186 958 1248 in
982 1185 1074 1265 epist.
1122 1186 1202 1249 5010
1216 1186 1299 1265 regis
1313 1184 1474 1263 cujusdam
1485 1185 1647 1248 Gbristiani
1660 1184 1797 1246 0010000
1811 1184 1938 1262 paganis
1954 1184 1990 1245 ii·
2035 1256 2036 1261 ἵ

213 1271 243 1332 1.
259 1267 374 1348 copul.
391 1268 470 1330 liber
490 1275 749 1330 sacramentorum
768 1287 795 1331 s.
812 1267 946 1347 Gregorii
965 1269 995 1328 in
1011 1265 1075 1330 0ai·
1124 1267 1292 1350 tiiszdem.
1309 1269 1419 1346 inquit,
1434 1270 1582 1333 cademot
1606 1264 1791 1346 pontificem
1818 1267 1989 1330 cetebrctis

210 1349 1076 1431 0100000001οε,000000000000000000100100100·
1123 1351 1473 1416 00000010οο10010ίο
1487 1351 1729 1414 0000000000
1747 1351 1867 1428 papate
1883 1349 1988 1421 dore,

206 1434 334 1514 jusdem
349 1433 423 1497 diei.
438 1433 580 1496 liehanos
595 1433 650 1493 lib.
673 1433 704 1494 2.
725 1433 767 1496 de
789 1434 919 1496 institut.
949 1433 1077 1496 elerico·
1124 1434 1286 1509 dicebaut·
1304 1431 1989 1511 000000010010000100000000-
2035 1450 2036 1501 t

211 1535 291 1590 rum,
309 1531 378 1594 cap.
395 1515 1096 1594 3101010000υο·1010000001οε00οοΙ
1126 1519 1241 1591 00100,
1259 1532 1356 1598 qaam
1370 1523 1400 1578 et
1411 1518 1503 1596 petri
1527 1521 1638 1579 eostre
1666 1514 1780 1584 dobes,
1807 1521 1840 1582 et
1863 1517 1989 1593 000010
2035 1504 2036 1569 l

211 1598 490 1670 observationibus,
508 1613 576 1676 cap.
593 1598 644 1660 0.
786 1675 788 1680 ,
1124 1600 1285 1663 00000
1304 1600 1449 1666 acereta
1463 1601 1626 1663 cerame
1653 1598 1799 1662 cesaree
1823 1596 1904 1658 llaec
1932 1600 1988 1670 00,
2035 1580 2036 1635 t

220 1717 223 1724 ι
253 1683 339 1760 Quod
367 1682 399 1742 in
422 1696 586 1759 purascere
614 1679 873 1744 0000001011οῑ
896 1678 1076 1743 00100000
1125 1684 1177 1759 qrri
1194 1700 1263 1745 cum
1279 1682 1448 1759 saepiusid
1465 1687 1660 1762 repeterent,
1689 1697 1855 1759 numquam
1886 1688 1990 1742 tamen
2035 1642 2036 1733 1

211 1765 318 1844 speeie
333 1764 434 1842 panis,
450 1768 535 1840 patet
548 1780 585 1825 ex
600 1763 709 1826 ordine
724 1779 850 1826 romano
866 1765 969 1840 eitato;
986 1763 1028 1824 ibi
1044 1778 1077 1824 e·
1125 1766 1219 1828 ullam
1237 1765 1298 1827 uini
1315 1765 1501 1827 mentionem
1517 1765 1667 1828 lecerunt.

211 1849 275 1909 nim
291 1863 352 1910 nen
369 1846 469 1908 solum
484 1845 626 1918 habetur,
644 1847 676 1908 in
691 1862 855 1924 parasceve
878 1862 940 1908 nen
964 1841 1076 1908 condet
1165 1847 1248 1932 Orda
1263 1864 1420 1917 romanus,
1443 1851 1494 1925 qui
1510 1853 1544 1910 ut
1558 1846 1717 1908 minimum
1741 1851 1813 1906 ante
1832 1861 1932 1906 annos
1958 1862 1991 1908 o·

211 1935 426 2002 sacramenta,
451 1928 615 1990 sedetiam
640 1928 859 1992 communicari
884 1927 1078 1991 sacerdotem
1124 1928 1791 2009 000000100000000100000001100100
1813 1926 1910 1995 Cureti
1929 1945 1992 1990 ma·

212 2019 243 2074 ct
257 2013 403 2092 populum
419 2011 478 2074 sab
493 2011 598 2087 speeie
614 2013 703 2090 panis
718 2015 834 2075 100100
863 2014 983 2091 absque
1004 2027 1075 2074 seu·
1124 2017 1176 2091 gni
1193 2019 1405 2092 praeceptore,
1421 2014 1474 2091 qui
1499 2028 1580 2075 0000
1593 2009 1666 2074 800.
1682 2009 1813 2072 florebat
1827 2057 1837 2081 ,
1852 2011 1991 2077 citetur.

211 2097 306 2174 guina
319 2094 450 2156 bomini:
468 2093 649 2172 sanguinem
664 2094 754 2156 etiam
772 2100 866 2155 totum
879 2092 1019 2157 consumi
1028 2096 1069 2168 iu·
1127 2095 1323 2174 apertissime
1338 2095 1452 2159 indicat
1466 2097 1496 2156 in
1524 2111 1646 2158 romana
1674 2092 1813 2156 Ecclesia
1830 2093 1991 2169 publicum

211 2176 398 2240 00110005.
416 2176 1005 2255 0100100000000000101000000000
1021 2191 1077 2254 pro
1127 2195 1216 2241 usum
1231 2178 1433 2242 luisseaoius
1455 2184 1568 2240 tantum
1589 2177 1719 2254 speciei.
1744 2175 1814 2236 llam
1837 2177 1868 2235 io
1891 2177 1993 2253 capite

212 2259 436 2323 Gommunione
450 2259 610 2335 sequentis
625 2259 687 2321 diei
702 2303 710 2332 ,
726 2275 787 2338 que
802 2266 989 2324 sacramenta
1015 2273 1077 2319 uon
1126 2261 1165 2322 de
1180 2261 1289 2327 ordine
1304 2260 1483 2324 celebrandi
1497 2261 1635 2331 missam,
1659 2257 1812 2337 signibcat
1839 2258 1870 2317 io
1901 2275 1994 2336 perro

173 2409 177 2412 ,
214 2341 827 2422 coniiciuntur.Exouoioteltigimusin
849 2340 1078 2422 publieoetiom
1127 2345 1224 2406 catice
1238 2344 1420 2423 sauguinem
1435 2343 1555 2405 llomiui
1570 2341 1743 2405 consecrari
1759 2339 1995 2402 00100οε0010-

213 2434 304 2488 coetu
315 2424 477 2505 Ecclesiae
489 2439 580 2486 usum
598 2424 696 2488 tuisse
721 2425 814 2488 unios
838 2426 968 2506 speciei,
983 2423 1078 2499 idque
1127 2426 1166 2488 de
1182 2442 1237 2505 pro
1251 2425 1474 2492 Gommuniooe
1485 2425 1592 2505 populi
1618 2440 1657 2487 ex
1672 2440 1709 2486 eo
1725 2438 1817 2501 parre
1831 2422 1931 2484 calice
1949 2423 1993 2483 el·

213 2508 251 2570 ab
267 2509 355 2570 annis
369 2507 441 2587 plus
456 2506 553 2568 mille.
1128 2509 1383 2571 tundimodicum
1399 2509 1560 2588 sanguinis
1574 2507 1694 2570 bomini
1711 2504 1741 2567 in
1759 2521 1901 2583 magnum
1918 2506 1993 2566 eali·

255 2590 364 2664 Quinta
380 2589 455 2652 ratio
470 2589 551 2652 sumi
564 2594 665 2668 potest
679 2605 717 2652 ex
731 2604 887 2651 consensu
900 2593 930 2650 et
945 2587 1080 2650 testimo·
1126 2607 1194 2654 cem
1211 2594 1280 2655 rino
1292 2598 1322 2654 et
1335 2609 1413 2670 aqua
1430 2592 1567 2668 plenum,
1597 2596 1689 2668 atque
1710 2603 1749 2650 ex
1762 2603 1800 2651 ee
1816 2603 1926 2664 magno
1942 2605 1994 2650 ea·

214 2673 266 2735 nio
281 2671 440 2736 Ecclesiae
461 2674 653 2750 posterioris.
684 2671 755 2734 liam
783 2677 902 2734 constat
925 2671 964 2732 00
989 2671 1080 2733 annis
1127 2673 1187 2738 lice
1201 2677 1402 2737 consuevisse
1418 2675 1566 2753 populum
1580 2672 1692 2738 bibere
1707 2678 1777 2750 post
1802 2686 1918 2748 corpus
1932 2669 1992 2732 Ito·

214 2755 285 2834 ptus
303 2755 489 2833 octingentis
503 2755 601 2818 luisse
617 2770 708 2817 usum
728 2755 759 2815 iu
776 2753 958 2832 quibusdam
974 2751 1080 2816 Ecole·
1127 2756 1202 2821 mini
1217 2763 1384 2836 sumptum.
1413 2756 1535 2834 Etonia
1563 2755 1643 2818 calix
1664 2770 1770 2826 unus,
1793 2754 1990 2831 quantumvis

215 2839 271 2901 siis
286 2837 519 2901 communionis
532 2837 590 2899 sub
601 2853 660 2900 000
676 2840 794 2916 specie,
804 2835 895 2916 etiem
907 2836 938 2899 in
954 2835 1079 2914 publico
1126 2856 1267 2917 magnus,
1285 2856 1347 2901 nou
1362 2839 1505 2901 sullloere
1520 2843 1639 2916 poterat
1654 2842 1754 2898 tantae
1776 2835 1963 2897 multitudini
1979 2882 1989 2908 ‚

216 2926 305 2984 coetu
322 2919 475 2993 bdelium,
491 2923 522 2981 et
533 2927 616 2982 extra
633 2917 714 2982 diem
730 2933 924 2997 parasceves
937 2917 975 2980 Et
988 2918 1081 2980 simul
1127 2922 1294 2987 uerisimile
1308 2927 1357 2984 est
1367 2921 1520 3002 (quamuis
1534 2916 1578 2984 ibt
1595 2921 1625 2983 id
1642 2935 1704 2981 aon
1719 2917 1850 2998 legatur)
1865 2919 1992 2996 saepius

216 3009 335 3064 constat
356 3002 488 3065 Graecos
504 3016 670 3080 numquam
693 3001 752 3063 hoc
780 3001 895 3064 Latinis
924 2999 1080 3079 objecisse
1127 3003 1597 3070 euodemcalicemrinoluisse
1624 3002 1789 3080 repletum.
1819 2999 1914 3063 Porro
1942 3018 1994 3062 ca·

217 3092 370 3165 1000000
384 3099 531 3159 errorem,
556 3101 626 3147 cum
643 3091 743 3147 tamen
759 3083 817 3147 alia
833 3082 927 3147 multa
956 3084 1078 3165 objece-
1126 3089 1169 3153 lix
1183 3087 1236 3156 ille
1265 3104 1396 3169 magnus
1423 3088 1582 3151 dicebatur
1608 3085 1688 3149 catix
1712 3082 1897 3161 sanguinis,
1919 3083 1996 3161 quia

216 3170 303 3240 rint,
325 3168 357 3229 in
379 3166 492 3246 quibus
513 3184 530 3229 a
552 3167 645 3231 nobis
664 3167 871 3230 dissidebant.
893 3166 937 3229 Eri
959 3184 1019 3246 quo
1035 3170 1080 3230 in·
1127 3181 1326 3235 consecratus
1343 3177 1409 3234 erat
1422 3178 1564 3233 contactu
1580 3168 1745 3247 sanguinis
1765 3166 1887 3229 llemioi
1907 3212 1915 3237 ,
1932 3183 1996 3227 non

217 3250 385 3329 telligimus
400 3254 492 3311 totam
507 3250 675 3313 Ecclesiam
692 3256 755 3311 turn
771 3249 907 3325 latinam,
920 3255 983 3313 tum
995 3267 1082 3331 grae·
1128 3256 1210 3333 quad
1226 3270 1330 3316 rerem
1345 3260 1431 3317 esset
1444 3255 1572 3334 sanguis
1593 3251 1737 3314 Domini:
1764 3266 1826 3311 oon
1848 3248 1935 3310 enim
1958 3265 1996 3311 ex

221 3350 287 3397 cam
305 3334 389 3395 buno
403 3348 492 3393 usum
505 3332 665 3395 allicitur
681 3332 890 3411 approbasse·
1127 3336 1338 3401 conluctante
1353 3336 1462 3400 0000
1477 3334 1690 3415 pcrutrrtnum
1705 3334 1736 3393 tc
1751 3331 1951 3408 sanguinem.

260 3414 371 3477 Fuisse
386 3420 488 3477 autem
508 3416 590 3477 0000
604 3430 693 3477 usum
709 3416 802 3493 louge
823 3421 963 3494 tempore
977 3416 1008 3478 in
1025 3416 1081 3479 lle·
1168 3420 1223 3483 Est
1236 3426 1338 3482 autem
1353 3420 1528 3490 coniectura
1544 3418 1631 3479 ratde
1644 3416 1857 3492 magna,ettam
1876 3415 1908 3475 in
1924 3412 1993 3475 aliis

217 3498 324 3561 etesiis
338 3496 539 3578 quibusdam,
555 3504 704 3560 testantur
718 3498 861 3571 0000100,
875 3499 1082 3563 constantien·
1128 3503 1283 3574 eeclesiis,
1300 3502 1353 3564 ubi
1375 3502 1534 3565 dicebatur
1546 3502 1680 3580 populus
1692 3499 1732 3560 de
1743 3496 1839 3559 calice
1855 3495 1966 3559 bibere
1982 3542 1991 3568 ,

217 3598 264 3647 se.
282 3597 362 3643 sees.
380 3579 432 3642 13.
452 3581 483 3641 01
502 3580 689 3655 basileense‚
706 3596 787 3644 sess.
804 3580 855 3644 30.
1127 3602 1189 3648 000
1204 3586 1297 3647 0000
1313 3599 1430 3647 merem
1445 3584 1553 3653 luisse,
1565 3599 1656 3661 quam
1671 3582 1796 3644 Romae.
1813 3574 1885 3641 liam
1902 3579 1991 3639 iutel-

259 3663 377 3727 Deinde
390 3680 414 3725 s.
431 3660 541 3724 Tlrom.
558 3664 609 3742 qui
635 3662 738 3725 lloroit
766 3670 836 3725 ante
851 3680 949 3725 annos
964 3662 1080 3728 3003.
1128 3668 1180 3748 ligi
1198 3668 1367 3747 01000000
1383 3671 1501 3745 potest,
1517 3684 1579 3745 quo
1594 3671 1683 3744 pacto
1698 3665 1729 3725 in
1745 3661 1889 3725 ecclesiis
1905 3664 1991 3722 ratde

216 3762 283 3825 par.
301 3742 561 3833 caresianam
579 3746 632 3807 ta.
649 3745 724 3807 dicit
737 3762 791 3807 eas
820 3746 969 3811 eeclesias
998 3755 1081 3810 recte
1132 3751 1306 3813 numerosis
1322 3750 1455 3825 potuerit
1475 3750 1540 3811 duri
1562 3746 1745 3812 cummunio
1756 3748 1810 3807 toti
1825 3745 1943 3823 populo
1957 3760 1992 3805 ex

217 3832 331 3904 lacere,
347 3844 427 3908 quae
454 3843 520 3890 non
531 3828 759 3891 communicant
771 3830 920 3908 populum
946 3831 1005 3893 nisi
1021 3832 1080 3894 sub
1127 3834 1224 3896 calice
1240 3831 1301 3895 reri
1317 3832 1478 3911 sanguinis
1493 3831 1624 3893 bomini.
1637 3828 1742 3909 Neque
1757 3830 1840 3891 enim
1857 3843 1991 3903 000000

216 3929 278 3974 ⁰⁰⁰
296 3912 414 3989 800οῑ0·
1083 3921 1085 3926 ’
1126 3915 1181 3978 luit
1195 3932 1271 3980 usus
1286 3914 1488 3977 consecrandi
1503 3916 1597 3977 simol
1612 3911 1725 3986 multos
1738 3910 1865 3983 calices,
1891 3916 1927 3971 ut
1939 3926 1989 3987 pe·

151 4045 153 4051 .
260 3994 293 4057 S.
308 3994 482 4058 bernardus
498 3992 550 4073 qui
565 3999 635 4055 ante
650 4009 749 4056 annos
764 3991 836 4056 100.
860 3994 942 4066 uixit,
967 3994 1001 4071 in
1017 4012 1082 4057 mo·
1124 4003 1220 4062 teter
1235 3997 1362 4076 epistola
1378 3996 1515 4075 Gregorii
1529 3996 1583 4058 lll.
1598 3997 1635 4057 ad
1652 3994 1840 4057 Eonilaeium
1869 3992 1988 4071 episco-

217 4083 351 4139 nastorio
367 4094 423 4141 suo
438 4078 497 4141 sub
524 4093 582 4138 000
604 4077 710 4153 specie
726 4075 980 4140 communionem
994 4092 1081 4156 prae·
1126 4098 1201 4159 pum
1217 4080 1432 4159 moguntinum
1449 4125 1458 4151 ‚
1474 4079 1527 4143 ubi
1542 4078 1743 4159 reprehendit
1757 4074 1922 4155 quosdam,
1938 4074 1989 4152 qai

217 4160 321 4232 bebai,
336 4166 367 4221 ut
378 4168 484 4239 aperte
505 4159 660 4241 colligitur
676 4176 712 4220 ex
730 4162 784 4222 00.
805 4164 834 4223 1.
851 4176 919 4239 cap.
937 4161 985 4222 11.
1004 4162 1081 4222 ritae
1127 4170 1232 4226 contra
1246 4179 1365 4225 morem
1379 4162 1539 4225 Ecclesiae
1555 4163 1661 4241 plures
1675 4160 1790 4223 eutices
1805 4159 1836 4219 in
1852 4159 1939 4219 altari
1951 4157 1992 4219 si·

216 4242 329 4321 ipsius.
346 4242 459 4307 Scribit
474 4241 555 4303 enim
572 4241 743 4305 Guilelmus
765 4243 861 4306 abbas
887 4260 913 4305 s.
937 4243 1081 4306 Bernordi
1128 4246 1193 4307 mul
1207 4244 1482 4323 habebantNeque
1496 4245 1553 4307 luit
1564 4261 1641 4307 usus
1657 4258 1794 4321 unquam
1808 4256 1993 4303 consecran-

216 4323 367 4404 eequalis‚
383 4324 414 4387 in
431 4324 545 4390 celebri
561 4323 690 4403 quadam
706 4326 900 4387 solemnitate
915 4341 942 4388 s.
956 4326 1080 4389 Eeronr·
1128 4329 1159 4391 di
1176 4327 1277 4390 riuum
1295 4329 1326 4390 io
1342 4327 1473 4389 atterite
1487 4329 1583 4389 catice
1609 4322 1713 4404 otique
1739 4323 1928 4391 uastissima.
1942 4322 1993 4399 eui

217 4408 259 4469 ‹lo
280 4406 501 4470 Eucharistiam
527 4408 730 4479 ministrante,
754 4407 927 4471 accessisse
948 4409 1028 4471 inter
1052 4426 1081 4470 a·
1126 4405 1991 4489 10010001οἰ0000001.000010000001000100000001·

215 4490 465 4552 liosmuoacbum
481 4490 743 4568 quendam,quem
759 4492 799 4553 ob
811 4496 927 4553 ‘cerum
944 4493 1079 4570 cuipam,
1127 4493 1225 4556 lleiut.
1241 4491 1355 4556 Debuit
1370 4494 1452 4556 enim
1469 4492 1547 4555 calix
1562 4507 1625 4552 nou
1647 4490 1725 4553 adeo
1750 4504 1881 4567 magnus
1895 4502 1967 4549 csse
1983 4532 1994 4556 ,

211 4570 302 4635 idem
317 4579 442 4637 sauctus
461 4575 512 4635 eir
535 4571 686 4634 accedere
714 4574 923 4651 prohibuerat:
951 4590 1080 4651 rerum,
1129 4583 1163 4638 ut
1177 4582 1313 4655 possete
1330 4576 1491 4639 sacerdote
1506 4572 1619 4637 elevari
1634 4583 1666 4634 et
1684 4590 1705 4635 a
1721 4572 1853 4634 diacono
1880 4571 1943 4631 buc
1964 4576 1997 4629 ct

216 4653 289 4732 cuia
303 4656 480 4719 reseeculia
493 4654 673 4730 erat,datam
690 4654 735 4717 illi
748 4656 1079 4734 etiamEucbaristium,
1129 4659 1204 4722 illuc
1221 4658 1346 4721 deterri.
1361 4658 1467 4737 lteque
1480 4656 1679 4719 inueniuntur
1708 4654 1762 4717 ulti
1792 4654 1907 4715 eutices
1932 4658 1996 4713 100

218 4736 275 4799 sed
290 4736 393 4800 diuino
409 4737 555 4801 miraculo
570 4751 630 4798 non
643 4740 782 4816 potuisse
795 4740 978 4801 00000000
995 4741 1082 4805 0100
1129 4742 1255 4819 magni,
1281 4756 1353 4802 cum
1368 4747 1470 4802 tumea
1485 4739 1572 4801 multi
1586 4742 1618 4800 in
1632 4738 1736 4800 multis
1757 4736 1902 4799 ecclesiis
1917 4734 1996 4794 auti·

215 4818 438 4883 Eucharistiam
464 4819 627 4899 deglutire·
657 4820 765 4885 Elaitis
793 4829 894 4884 autem
920 4823 1082 4887 solemniis
1127 4822 1730 4900 001001011000010010000000000000
1751 4818 1833 4893 irrit,
1862 4824 1896 4878 ut
1910 4815 1996 4878 idem

218 4902 393 4966 necessisse
408 4903 591 4965 00000000
607 4902 645 4964 ad
667 4903 819 4979 abbatem,
851 4912 881 4965 et
909 4910 1013 4983 aperte
1028 4922 1082 4970 ore
1126 4906 1207 4969 calix
1225 4905 1351 4985 saepius
1365 4906 1536 4985 repleretur
1550 4903 1629 4965 inter
1642 4902 1744 4982 ipsam
1767 4916 1886 4965 coeeae
1898 4901 1996 4961 ectio·

218 4985 405 5059 ostendisse,
421 4984 494 5064 quid
506 4989 672 5065 pateretur:
689 4993 720 5047 et
735 4994 797 5050 tum
823 4987 945 5049 demum
962 4988 1082 5052 eunies·
1126 5005 1212 5064 nem,
1229 4995 1262 5050 ut
1276 4988 1366 5051 modo
1381 4988 1511 5052 iacimus
1525 4987 1557 5049 in
1571 4984 1787 5049 distribuendo
1800 4984 1872 5045 uino
1885 4983 1924 5043 ud
1938 4980 1996 5043 ab·

212 5084 282 5132 sum
298 5076 328 5129 et
341 5069 540 5141 absolutum,
565 5073 757 5132 sacramenta
785 5068 904 5131 bomini
921 5070 1080 5135 liberrime
1128 5069 1413 5135 lotionemGertum
1429 5077 1530 5133 autem
1546 5073 1594 5134 est
1608 5084 1670 5131 noa
1684 5065 1824 5145 potuisse
1837 5066 1869 5129 io
1882 5065 1996 5129 eadem

218 5151 255 5213 ud
270 5149 387 5215 uiscera
403 5151 573 5229 trajecisse.
600 5150 643 5211 Ex
672 5152 731 5215 bec
753 5152 894 5230 exempto
920 5154 1081 5217 00000010
1126 5155 1249 5217 actione
1265 5154 1361 5231 repeti
1380 5152 1794 5232 saepiuseonsecratiooem:
1818 5150 1922 5211 riuum
1937 5148 1996 5223 igi·

217 5240 353 5311 apparet,
370 5234 466 5297 solaro
489 5233 627 5311 speciem
651 5234 741 5311 panis
765 5240 903 5298 asaneto
925 5234 1081 5301 bernardo
1127 5244 1187 5306 ter,
1204 5254 1265 5299 non
1289 5238 1416 5316 sanguis
1431 5236 1549 5299 bomini
1564 5235 1689 5312 populis
1713 5232 1854 5295 dabatur.
1880 5230 1997 5293 Aduer-

175 5346 177 5352 ,
216 5315 280 5378 dari
296 5318 428 5395 selitam;
443 5332 513 5377 nam
528 5314 666 5394 speciem
692 5317 754 5379 riui
769 5316 886 5381 tamdiu
900 5317 932 5381 iu
947 5334 1000 5383 ore
1016 5336 1082 5383 ser·
1126 5318 1200 5381 surii
1212 5320 1338 5399 quidem
1355 5336 1418 5381 noo
1433 5316 1619 5381 laborantia
1634 5316 1694 5378 bac
1709 5331 1755 5377 re.
1777 5314 1852 5376 Gum
1862 5313 1948 5375 enim
1959 5328 1995 5373 e·

216 5412 288 5460 rure
303 5400 355 5462 itte
371 5415 431 5461 000
447 5397 611 5477 potuisset.
1124 5402 1284 5465 xistiment
1298 5402 1414 5465 nullam
1426 5399 1541 5479 requiri
1556 5399 1821 5462 consecrationem
1837 5396 1918 5468 ,sed
1935 5396 1998 5457 trec

257 5478 427 5545 Gardioatis
442 5478 556 5543 llosius
572 5480 603 5541 io
619 5479 740 5558 dialogo
762 5482 801 5545 de
817 5488 944 5563 utraque
968 5485 1077 5564 speeie
1126 5484 1350 5562 ipsocorporis
1377 5482 1581 5563 etsanguieis
1608 5480 1727 5546 ltomini
1755 5480 1895 5560 symbola
1921 5493 1995 5541 esse

215 5576 253 5625 ex
279 5562 415 5627 historiis
442 5572 473 5627 et
494 5565 701 5625 monumentis
727 5566 887 5641 polonicae
915 5564 1077 5631 Ecclesiae
1123 5584 1235 5645 panem
1249 5574 1279 5630 et
1294 5569 1409 5640 ricem,
1424 5568 1505 5645 qued
1521 5566 1554 5627 in
1584 5581 1691 5627 mensa
1718 5572 1876 5643 ponuntur
1904 5560 1994 5623 etdi·

214 5644 333 5719 scribit,
350 5661 411 5708 uun
426 5660 519 5725 posse
535 5646 650 5725 colligi,
667 5646 761 5709 luisse
784 5664 917 5728 unquam
941 5649 971 5710 in
988 5650 1075 5713 l’oio·
1121 5650 1325 5713 strtbuuntur:
1343 5650 1433 5714 tacite
1449 5656 1578 5729 pessunt
1594 5649 1721 5726 saepius
1734 5646 1843 5725 pocula
1854 5646 1994 5726 replere,
