4084 6275
804 370 900 429 ttebtt
917 370 1068 442 obteras
1702 378 1753 434 733

8 525 10 583 3
69 502 122 564 toli
139 503 347 581 persolvendig
364 518 422 565 nec
437 504 582 581 denique.
610 503 635 565 si
659 503 824 579 aliquando
839 504 923 569 heus
967 516 1026 577 est:
1038 508 1092 570 sed
1106 507 1180 570 illud
1196 523 1257 569 non
1270 513 1316 571 est
1328 522 1441 580 rerum,
1456 525 1511 589 per
1524 508 1675 573 Christum
1701 524 1824 587 semper

68 586 186 663 cuipam
203 594 232 646 et
247 602 369 648 omnem
386 603 516 664 poenam
532 588 571 646 ita
587 588 751 656 condonet,
762 596 793 648 ut
809 590 922 651 nuttam
968 592 1090 653 liberari
1106 607 1163 653 nos
1177 592 1215 651 ab
1231 592 1313 653 omni
1326 592 1413 653 iectu
1434 608 1552 669 poenae
1582 594 1768 670 temporetis:
1782 602 1825 653 et-

67 670 167 747 exiqat
181 668 432 742 satisfactionem,
449 676 659 747 praeterquam
675 669 774 731 laudis
789 679 819 732 et
830 671 922 732 actio·
967 675 1054 735 iamsi
1070 674 1151 735 nulla
1165 674 1345 736 interveniat
1359 674 1540 736 satisfactio.
1556 674 1586 737 st
1602 692 1672 738 τωο
1689 692 1743 754 pcr
1758 692 1822 737 rea·

65 752 115 811 nis
130 752 305 829 gratiarum.
322 754 436 815 idcirco
452 754 480 814 id
498 758 678 830 perpetuum
695 753 762 814 erit.
967 761 1031 817 turn
1047 756 1236 835 stgnttcetur
1257 757 1357 835 culpe,
1374 757 1438 819 sive
1453 756 1594 833 utiensio,
1612 760 1650 821 ob
1667 775 1754 836 quam
1772 760 1825 819 de·

108 834 279 910 Septimum
295 836 503 897 testimonium
519 834 755 897 estiennot.
773 834 924 914 Superio·
968 837 1063 899 bitum
1087 854 1204 916 poenae
1226 840 1356 900 tuendae
1371 840 1579 902 contrabimus
1596 858 1605 918 ς
1631 842 1704 903 laisa
1721 842 1825 903 eondi-

63 930 116 976 res
130 917 204 987 loci,
218 919 316 995 inquit
337 918 492 980 Getrinas.
508 932 586 994 quos
601 918 781 989 citavimus,
795 918 853 980 hoc
868 936 924 981 no·
969 920 1090 983 tiouatis
1105 921 1234 985 assertio
1250 929 1308 983 est.
1324 920 1357 983 Si
1371 939 1387 982 e
1403 930 1485 981 reatu
1502 923 1678 997 liberamur,
1694 940 1824 1000 poenam

8 1061 9 1082 ,
64 1001 219 1061 minutim
231 1002 354 1071 uolunt,
368 1002 429 1063 hoe
442 1016 501 1063 nos
516 1000 701 1062 conditione
715 1002 816 1078 recipi
831 1020 852 1061 n
863 1002 926 1065 lieo
967 1018 1091 1065 cessare
1107 1010 1237 1082 opertae
1254 1005 1346 1065 inulto
1362 1010 1433 1065 sunt
1446 1006 1541 1078 enim,
1558 1022 1636 1083 quae
1651 1007 1718 1068 sine
1734 1007 1825 1068 certis

64 1083 102 1142 in
116 1085 268 1160 qratiam
283 1090 321 1147 ul
335 1083 498 1162 quidquid
512 1098 640 1144 eramus
660 1098 786 1159 poenae
806 1086 923 1158 meriti,
969 1087 1156 1149 caussisuon
1166 1089 1408 1163 crirerrtur,quue
1421 1094 1519 1148 tamen
1529 1093 1592 1150 orta
1602 1096 1825 1163 maronianus·

63 1167 218 1239 remittat,
235 1168 368 1245 culpam
387 1166 596 1243 iqnorcendo.
613 1166 650 1227 dr
672 1167 796 1244 quoties
810 1166 924 1249 Dauid,
967 1168 1020 1240 sis¹
1033 1168 1245 1247 pereuntibus.
1268 1168 1446 1231 accinctum
1468 1172 1535 1232 sine
1557 1171 1749 1233 aedificatore
1765 1186 1826 1233 non

64 1255 124 1308 uret
138 1250 198 1310 alii
211 1251 385 1328 prophetoe
398 1254 603 1326 peecatorum
631 1250 761 1309 neniam
781 1256 924 1326 petunt,
968 1251 1067 1326 tieret3
1089 1253 1170 1329 quod
1193 1251 1219 1311 si
1235 1254 1331 1313 semet
1348 1251 1457 1313 luctum
1475 1254 1573 1324 tuerit,
1592 1254 1739 1327 manebit,
1756 1254 1828 1317 ticet

63 1331 164 1391 simul
179 1348 319 1410 poariam
333 1334 560 1408 deprecentur.
571 1330 670 1391 immo
687 1332 793 1394 diuini
803 1332 928 1410 judicii
969 1335 1115 1395 continuo
1136 1332 1310 1395 aeuttcaror
1332 1342 1448 1409 pereat.
1464 1335 1568 1413 ltaque
1582 1343 1663 1397 recte
1679 1353 1706 1399 s.
1724 1340 1823 1415 Augu·

61 1428 179 1474 sensns
194 1415 257 1475 huc
271 1431 325 1477 coa
347 1414 496 1492 impetiit:
517 1428 634 1473 rursus
654 1429 728 1473 cum
756 1414 926 1477 chemino
969 1418 1071 1478 stinus
1086 1422 1172 1477 tract.
1191 1416 1261 1477 ΙΞΙ.
1279 1417 1309 1477 Ιη
1327 1416 1414 1479 ioan.
1430 1418 1641 1492 Producitur,
1658 1418 1768 1495 inquit,
1784 1423 1829 1483 esi

64 1496 326 1559 miscricordiam
339 1498 542 1574 promittunt,
568 1510 696 1574 semper
715 1496 782 1571 iere
797 1513 839 1558 eac
851 1514 926 1574 pro·
967 1514 1088 1577 poena,
1104 1514 1205 1577 quum
1219 1500 1328 1578 culpa,
1341 1516 1382 1561 nc
1396 1517 1502 1579 parua
1520 1506 1692 1579 putaretur
1706 1501 1804 1581 culpa
1820 1548 1828 1575 ,

63 1578 148 1652 fesso
161 1582 201 1641 dc
213 1581 517 1659 purpurarumque
531 1578 719 1639 remissione
730 1581 924 1641 concionari·
970 1584 1002 1645 ri
1017 1598 1092 1644 enm
1105 1582 1167 1645 ilia
1186 1578 1335 1659 hnirclur
1349 1589 1379 1645 el
1398 1598 1515 1661 poeno.

64 1669 130 1722 turn
150 1663 235 1727 Certe
250 1678 326 1725 cnm
345 1662 501 1724 Dominus
516 1663 607 1736 opud
631 1660 830 1724 Ezechielem
852 1678 927 1740 pro·
1010 1665 1107 1741 Atque
1124 1666 1162 1725 itu
1178 1665 1276 1725 solutu
1293 1674 1416 1729 manent
1432 1667 1481 1727 itta
1505 1666 1604 1726 omnia
1619 1673 1797 1745 argumenta
1815 1712 1823 1735 ,

62 1745 314 1823 nunciatricem
326 1762 360 1807 se
373 1745 603 1822 impositurum
625 1742 815 1823 babylonico
827 1746 927 1807 cecilio
971 1762 1049 1824 quae
1065 1746 1206 1808 Caluinus
1223 1747 1397 1809 insolubilia
1426 1764 1510 1817 esse,
1540 1750 1627 1809 solita
1657 1748 1826 1811 temeritate

62 1827 572 1906 idquepropterscmonpropler
585 1825 738 1888 ludaeos:
750 1830 929 1904 qruluilum
967 1829 1143 1908 jactaveras
1160 1836 1325 1907 supersunt
1341 1836 1440 1892 tumen
1463 1832 1563 1893 arthuc
1592 1832 1649 1892 aliu
1678 1830 1827 1908 quaedam

8 1911 9 1964 ἶ
65 1924 134 1969 esse
154 1919 328 1989 tetrumque
355 1913 434 1972 sutis
463 1910 670 1969 demonstrat.
697 1908 840 1989 Denique
863 1913 929 1971 ria
970 1918 1159 1990 erqurncnta,
1178 1928 1255 1989 quac
1271 1913 1369 1975 obiter
1398 1913 1540 1975 Calvinus
1560 1914 1599 1975 in
1628 1914 1829 1991 sequentibus

63 1998 162 2053 reatu
174 1993 352 2055 liberamur
364 2010 422 2072 per
440 1991 928 2072 cirrislumpoenoe,quaeinde
972 1996 1181 2073 paragraphis,
1199 1998 1271 2056 dum
1287 1996 1368 2058 atiud
1385 2003 1499 2075 ageret,
1517 1998 1621 2069 idest,
1652 1998 1722 2057 dum
1740 2013 1827 2076 ergu-

61 2079 274 2151 proventum.
290 2092 413 2138 cessare
425 2080 560 2151 oportet.
972 2085 1072 2140 ruente
1088 2078 1306 2141 cutboliccruru
1321 2081 1440 2141 solvere
1456 2079 1615 2155 niteretur,
1634 2080 1775 2143 inseruit.

109 2158 385 2235 ttcspandeo:(iuid
398 2160 575 2234 superiores
590 2156 648 2217 toci
663 2158 850 2226 contineant,
864 2158 926 2235 jam

62 2240 208 2316 ridirnns,
222 2242 339 2301 nullum
362 2244 443 2301 enim
467 2240 739 2317 praetermisimus,
755 2245 784 2300 et
800 2240 828 2299 in
844 2242 928 2303 nullo
1302 2284 1418 2347 CAPUT
1439 2284 1503 2347 XVI

62 2324 238 2384 invenimus
250 2326 331 2400 quod
349 2322 490 2385 Calvinus
506 2324 564 2381 huc
580 2325 647 2381 ioco
664 2328 721 2381 tam
736 2321 928 2385 confidenter
1013 2375 1017 2382 Ι
1508 2332 1514 2349 ’

62 2404 203 2479 affirmem
226 2408 283 2467 tnrc
306 2422 362 2466 nos
377 2406 553 2467 conditione
569 2406 663 2483 recipi
680 2424 695 2465 u
712 2405 775 2467 beo
792 2406 821 2466 in
838 2408 926 2482 grati·
1310 2430 1330 2479 v,
1448 2466 1455 2480 ,
1486 2466 1492 2479 ,

61 2504 123 2559 crin,
147 2497 178 2549 ut
200 2489 349 2569 quidquid
373 2504 494 2548 errimus
517 2503 635 2561 poenae
652 2490 761 2555 meriti,
779 2490 924 2554 remittat.
1096 2462 1352 2527 &liminiana
1367 2464 1492 2529 callim
1506 2471 1711 2543 aidumfflia·

8 2629 9 2642 ,
60 2573 182 2648 eulpam
200 2571 402 2651 ignoscendo:
420 2580 449 2630 ct
461 2578 576 2636 contra,
601 2585 658 2629 trus
673 2571 767 2629 multu
785 2574 925 2648 exempta
1298 2632 1302 2642 ,

8 2663 9 2736 3
60 2655 246 2731 protulimus
268 2670 385 2722 eorum,
404 2654 516 2730 quihus
533 2652 613 2712 licus
626 2654 745 2726 culpam
760 2653 884 2728 ignorit,
898 2659 929 2714 et
1012 2647 1108 2725 igitur
1123 2649 1152 2709 in
1170 2648 1278 2709 eadem
1291 2664 1359 2724 cap.
1376 2648 1406 2709 Ι.
1421 2647 1437 2727 i
1452 2648 1502 2709 33.
1519 2648 1642 2709 adducit
1658 2663 1685 2707 s.
1704 2644 1835 2709 ioannis

8 2745 9 2750 ’
60 2754 193 2813 poenam
206 2746 305 2798 tamen
318 2738 529 2813 temporariam
547 2751 606 2795 non
620 2735 785 2809 reinisit‚ut
800 2734 925 2813 iloysis,
972 2730 1175 2809 chrysostomi
1189 2732 1395 2793 testimonium
1412 2747 1448 2791 er
1464 2732 1518 2791 lib.
1541 2729 1572 2793 3.
1602 2730 1639 2791 de
1666 2730 1831 2806 pranden-

8 2879 9 2888 ,
60 2822 204 2899 aaronis,
221 2820 343 2879 [luridis
358 2827 388 2878 et
403 2819 542 2877 aliorum.
973 2816 1023 2886 tiu,
1041 2819 1072 2873 nt
1084 2812 1297 2889 probetiieum
1315 2829 1375 2874 non
1392 2812 1504 2875 interra
1519 2812 1672 2892 supplicio
1691 2859 1699 2883 ,
1716 2818 1747 2873 ut
1763 2828 1836 2889 peo-

108 2904 198 2963 Porro
229 2902 319 2962 tiarid
343 2908 372 2961 et
394 2900 561 2979 prophetae
583 2900 790 2965 melerinum
807 2900 926 2960 reniam
972 2902 1037 2957 eata
1053 2896 1172 2973 puniet,
1189 2896 1244 2966 sert
1259 2901 1386 2967 lantum,
1402 2902 1435 2956 ut
1451 2903 1630 2973 peccatores
1660 2896 1770 2956 excitet
1794 2894 1833 2957 ad

63 2993 261 3060 peccatorum
276 2988 395 3059 petunt,
408 2999 469 3043 non
482 2982 573 3041 simul
587 2999 715 3057 paenam
729 2983 927 3059 temporalem
972 2979 1230 3055 resipiscentiam:
1248 2985 1277 3039 et
1293 2978 1374 3039 idem
1391 2978 1548 3040 contirmat
1571 2977 1744 3039 testimonio
1760 2977 1831 3039 ilie·

8 3129 10 3153 s
65 3083 192 3144 semper
213 3068 429 3145 deprecantur.
452 3064 573 3124 llaridis
595 3065 643 3122 itta
666 3080 721 3123 ror
745 3073 803 3132 cst,
822 3065 852 3123 ⁸2.
868 3064 924 3124 Re·
972 3063 1088 3121 remiae
1103 3068 1133 3121 et
1149 3059 1247 3123 Oscae
1262 3063 1492 3141 prophetarum3
1510 3062 1555 3121 sic
1571 3068 1671 3121 autem
1686 3060 1834 3138 loquitur:

8 3160 9 3219 ς
63 3167 137 3223 qum
148 3149 270 3228 ⁶24.qu
282 3163 354 3210 sum
366 3149 607 3228 quindenaria
619 3164 675 3224 eqo
687 3147 800 3224 inique
813 3147 930 3224 eqiu'sti
974 3145 1187 3207 stultissimae
1216 3143 1340 3220 inerit.
1373 3147 1403 3207 si
1423 3147 1495 3224 quis
1517 3142 1709 3209 arbitretur.
1739 3159 1834 3220 prae·

8 3226 9 3303 f
64 3232 207 3309 quiores
218 3229 848 3310 cual.qnidsecernallnertnlurobsccro
860 3228 928 3291 ina·
972 3229 1072 3289 sentis
1096 3233 1180 3290 uitae
1202 3227 1401 3289 calamitates
1423 3231 1460 3290 in
1480 3229 1605 3306 perculi
1623 3241 1751 3288 nonum
1771 3239 1837 3287 esee

8 3310 9 3397 j
62 3331 129 3375 nus
144 3319 203 3376 tua
216 3320 333 3376 contra
346 3320 441 3386 me,el
462 3314 719 3374 contradomam
732 3312 835 3387 putris
848 3314 948 3372 mci·
971 3311 1064 3372 uobis
1084 3311 1263 3388 impositas.
1287 3310 1325 3372 ld
1345 3309 1427 3372 mihi
1446 3311 1573 3372 uidetur
1595 3308 1834 3390 chrysostomus

8 3406 9 3419 ¹
61 3396 183 3458 Deinde
194 3397 287 3458 itanu
311 3403 341 3458 ct
353 3399 521 3474 prophetae
532 3398 655 3458 arroteri.
670 3395 744 3454 nitrit
758 3401 804 3455 est
817 3398 924 3454 mirum
968 3393 1121 3464 coluber,
1138 3408 1212 3452 cum
1226 3393 1274 3453 ila
1288 3393 1425 3470 scripsit:
1450 3392 1486 3453 Si
1513 3393 1551 3455 cb
1573 3392 1631 3454 hoc
1643 3407 1768 3470 poenae
1781 3394 1833 3452 in·

8 3548 9 3561 ,
60 3480 87 3540 si
112 3495 244 3556 poenam
266 3477 924 3556 saepedcprccabantur:eteiusrernissin-
969 3473 1243 3553 percurrentia
1266 3475 1362 3535 mulis
1388 3483 1626 3554 perreuerentes
1649 3475 1694 3536 ad
1719 3474 1832 3536 Poeni·

8 3570 9 3587 ¹
61 3578 135 3623 nem
158 3563 271 3641 populo
294 3562 521 3638 promittebant,
546 3577 613 3621 carn
635 3560 726 3621 sinrut
740 3562 775 3618 ad
793 3577 922 3636 poenam
969 3560 1103 3622 lentium
1126 3563 1235 3631 aocet;
1261 3562 1388 3618 ostensa
1412 3555 1639 3633 Paenitentia,
1666 3555 1834 3635 superfluo

8 3634 9 3655 ³
66 3652 180 3720 sponte
201 3645 431 3720 suscipiendam
454 3645 606 3717 exemplu,
623 3652 652 3702 ct
668 3644 760 3703 rerba
773 3644 919 3717 populum
963 3645 1037 3723 jam
1052 3641 1111 3702 crit
1123 3655 1241 3716 poena.
1260 3639 1364 3716 Quare
1385 3645 1482 3716 prout
1505 3639 1763 3718 uniuscnjusque
1782 3639 1833 3700 in·

60 3729 268 3800 hortarentur3
281 3744 412 3804 aequum
425 3733 471 3786 est
486 3726 579 3786 enim.
593 3734 626 3786 ut
637 3725 718 3786 Deus
731 3731 834 3801 pareat
848 3726 924 3793 iltis,
969 3726 1064 3803 qenio
1081 3723 1235 3800 empedirc
1249 3723 1348 3792 uouit,
1364 3723 1413 3783 ita
1427 3723 1513 3783 terrac
1524 3721 1643 3798 arciori
1653 3721 1835 3798 asperitate.

64 3810 118 3886 qui
135 3811 175 3870 ob
191 3810 259 3889 ejus
275 3825 409 3870 aurorem
425 3808 484 3869 sibi
501 3809 560 3885 ipsi
576 3824 636 3868 non
653 3811 791 3884 parcant.
969 3810 1064 3870 illum
1079 3803 1263 3881 beniqniori
1279 3809 1392 3866 tractat
1410 3806 1629 3883 indulqentiu.
1655 3805 1766 3882 licque
1780 3803 1837 3865 nbi

102 3891 326 3954 Testimonium
347 3899 448 3952 cutem
470 3891 507 3952 ab
523 3891 685 3952 Eeecbicle
703 3892 828 3964 pctitum
846 3888 923 3948 nihil
970 3894 1084 3953 docere
1098 3889 1176 3958 null,
1193 3904 1226 3948 se
1240 3903 1310 3949 reon
1323 3903 1388 3949 esse
1401 3889 1439 3949 in
1451 3889 1565 3965 poenis
1587 3887 1755 3966 emiqcndis
1777 3887 1836 3948 im·
1894 3895 1897 3917 Ι

60 3975 189 4036 omuino
203 3974 274 4035 lacit
288 3975 326 4035 ad
342 3991 418 4035 rem:
435 3990 504 4034 num
517 3989 554 4033 ec
568 3975 635 4034 loco
648 3974 794 4048 propbeta
807 3974 844 4032 dc
860 3987 926 4048 gru·
968 3975 1146 4039 modicum,
1169 3970 1344 4048 reprobent
1368 3972 1452 4032 duro
1479 3976 1507 4031 cl
1522 3971 1679 4032 obstinato
1697 3969 1834 4048 populo,

59 4059 99 4116 tia
124 4059 193 4118 nort
215 4057 401 4118 Testamenti
422 4057 545 4134 proprie
560 4055 752 4126 vaticinatum
774 4055 814 4113 nit
829 4055 923 4114 enim:
970 4057 1252 4135 quodpercnssua,
1268 4069 1337 4116 non
1352 4058 1461 4116 tamen
1474 4053 1682 4130 inciutfinem
1703 4066 1838 4130 pecean-

58 4137 350 4219 Effnndamsaper
365 4155 419 4201 ros
434 4155 556 4218 nquam
569 4139 771 4221 mundamur
784 4136 925 4197 mundu-
969 4141 1016 4201 di.
1034 4137 1097 4199 Hoc
1111 4151 1208 4198 sensu
1219 4137 1443 4216 conqueritur.
1467 4137 1624 4214 Ephraim
1649 4149 1714 4202 csse
1740 4135 1837 4214 quusi

58 4223 179 4284 himiai
195 4221 235 4284 ub
251 4223 398 4284 omnibus
417 4221 677 4300 inquinamentis
690 4221 799 4282 cestris
816 4266 824 4290 ,
841 4226 870 4280 et
885 4217 925 4279 ab
968 4223 1155 4300 placentum
1169 4219 1209 4280 ub
1224 4235 1295 4280 una
1306 4227 1400 4298 parte
1416 4217 1630 4290 rmridamab
1646 4219 1749 4279 altero
1761 4232 1838 4295 por·

56 4306 451 4368 nnicereuidoliscestris
463 4303 628 4369 nrrrnduho
640 4302 926 4373 roscedaooucors
971 4313 1000 4366 le
1013 4307 1185 4366 incoctum:
1205 4303 1285 4379 quin
1297 4303 1495 4365 sciliceluon
1515 4300 1728 4381 perterrebant
1744 4300 1782 4362 in
1803 4314 1838 4360 a·

8 4402 9 4421 ³
60 4405 116 4448 cur
130 4394 295 4460 adsumet
305 4389 457 4465 spiritum
470 4402 591 4448 aarum
616 4401 740 4464 ponam
763 4386 799 4446 in
820 4384 925 4464 medio
969 4388 1077 4448 nimos
1091 4385 1228 4462 ferulae,
1242 4391 1279 4446 ul
1292 4385 1378 4447 uitiis
1393 4384 1687 4464 cccocrrspoputas
1701 4385 1770 4460 ipse
1785 4397 1838 4443 cu·

7 4466 10 4504 ²
60 4472 207 4540 uestriet
223 4469 375 4548 ausorum
386 4485 441 4531 cor
452 4469 662 4548 irrideamur
677 4466 761 4530 dubo
773 4467 860 4528 robis
875 4482 930 4547 cor
969 4485 1042 4548 parc
1055 4469 1169 4548 ueniae
1183 4466 1283 4543 tieret.
1303 4467 1388 4532 Certe
1403 4469 1460 4546 qui
1472 4469 1518 4530 sic
1530 4465 1837 4547 loquiturmstendit,

8 4547 11 4583 r
59 4556 475 4616 curncumetc.truncantcm
485 4554 732 4628 qratiamcerturn
743 4555 928 4628 estpropter
971 4553 1070 4614 simul
1084 4567 1122 4611 ac
1137 4552 1272 4628 quisquc
1286 4553 1468 4630 resipuerit,
1483 4567 1516 4612 sc
1528 4566 1607 4613 marc
1617 4545 1840 4627 sorcplucnbi·

60 4637 169 4695 rnerita
183 4636 398 4700 israelitarum,
417 4634 514 4716 licum
530 4635 643 4694 iecisse
659 4636 792 4693 humano
807 4632 925 4708 generi.
973 4637 1046 4698 lem.
1059 4633 1183 4712 sibique
1197 4639 1309 4696 nostru
1322 4635 1506 4712 peruicacia
1520 4633 1772 4711 reprimiquem
1783 4645 1840 4691 cm·

7 4714 11 4757 ¹
57 4718 180 4778 Deinde
195 4718 313 4779 etiamsi
325 4719 361 4777 ad
379 4718 497 4777 literam
511 4716 702 4794 potissimum
720 4715 759 4776 dc
775 4715 927 4775 liberatio·
973 4721 1056 4778 creat
1081 4717 1229 4793 riqorem-
1250 4716 1289 4778 in
1303 4717 1502 4797 castiqandis
1517 4717 1652 4788 delictis,
1666 4711 1841 4777 calculan-

7 4796 12 4841 Ι
61 4800 292 4862 nenserritute
318 4799 500 4878 babylonica
524 4798 830 4877 propbetathuutus
855 4797 928 4857 iuis·
973 4800 1430 4863 tariacorreetiooccurrerel.

7 4881 12 4931 Ι
58 4889 119 4954 set,
139 4883 211 4961 quid
234 4883 294 4943 boc
310 4883 425 4944 iaceret
441 4887 544 4943 contra
561 4879 819 4950 Satisiaetionem,
835 4897 926 4957 quam
1013 4884 1208 4958 ttcspandeo:
1225 4880 1429 4958 calamitates,
1446 4899 1525 4965 quae
1545 4881 1650 4960 impiis
1672 4879 1841 4941 immittun-

7 4948 12 5009 Ι
58 4983 116 5026 rias
129 4965 327 5027 defendimus
340 4967 376 5026 nd
393 4964 713 5042 expiandampocnarn
727 4964 927 5040 temporalem
974 4972 1022 5024 tur
1037 4983 1051 5025 a
1067 4965 1142 5025 Deo:
1160 4979 1384 5043 saepenumero
1401 4970 1436 5029 ud
1460 4981 1529 5030 eum
1555 4964 1648 5026 tinem
1671 4964 1840 5023 immittun-

7 5050 13 5103 t
57 5047 186 5111 atterius
202 5049 330 5121 saecuti,
347 5054 378 5110 ct
392 5048 558 5125 unicuique
581 5047 751 5126 propriant
766 5061 882 5123 paenas
897 5059 928 5106 c·
974 5059 1034 5117 tur,
1050 5055 1083 5108 ut
1097 5047 1142 5108 itti
1159 5049 1354 5125 resipiscant:
1372 5050 1401 5111 id
1419 5059 1518 5112 tamen
1549 5064 1609 5110 non
1636 5061 1706 5110 essa
1732 5057 1841 5121 perpe-

8 5202 9 5211 ,
58 5133 122 5191 nim
137 5131 231 5209 huius
246 5132 361 5193 soeculi
378 5138 409 5191 et
421 5131 599 5207 praesertim
613 5145 794 5190 communes
810 5128 861 5188 toti
875 5142 927 5206 po·
974 5140 1071 5204 tuum,
1089 5136 1239 5191 testantur
1255 5136 1369 5194 mortes
1395 5134 1633 5202 Sodomitarum,
1659 5129 1839 5194 Pharaonis,

7 5212 13 5258 ¹
58 5215 145 5290 pulo,
159 5215 223 5293 jam
240 5221 328 5274 antea
344 5213 508 5274 docuimus
525 5229 585 5274 non
601 5227 726 5291 semper
740 5210 926 5273 satisfactio·
973 5213 1127 5284 Antiochi,
1144 5211 1288 5291 Herodis,
1304 5221 1334 5274 et
1349 5216 1491 5292 aliarum,
1515 5215 1568 5292 qui
1593 5212 1698 5274 divino
1722 5205 1839 5287 judicio

7 5302 14 5371 Ι
59 5296 154 5358 nibus
176 5294 315 5375 expiari,
344 5297 603 5375 quemadmodum
634 5313 695 5356 non
720 5309 842 5373 semper
871 5293 926 5354 im·
972 5297 1124 5374 percussi,
1151 5297 1267 5358 misere
1291 5297 1488 5362 interierunt.
1516 5297 1695 5365 Caeterum,
1722 5290 1842 5354 tametsi

8 5378 14 5427 i
58 5380 150 5440 mitti.
347 5390 361 5408 ·
972 5378 1124 5457 ejusmodi
1140 5378 1341 5456 calamitates,
1358 5398 1436 5459 quae
1459 5379 1692 5444 conversionem
1717 5388 1841 5454 praece·

8 5462 15 5512 Ι
100 5460 242 5540 lienique
265 5462 313 5524 illa
343 5458 561 5522 conditionalis
582 5461 724 5536 asserli03
748 5459 785 5521 Si
798 5465 927 5522 arealu
972 5463 1060 5534 dunt,
1076 5477 1183 5539 saepe,
1200 5469 1233 5523 ut
1247 5462 1322 5533 diti,
1338 5465 1375 5526 ad
1391 5463 1635 5540 resipiscentium
1659 5461 1839 5522 reseruntur:

7 5551 14 5598 t
62 5544 241 5608 liberamur
268 5562 327 5624 per
357 5545 543 5613 Christum,
576 5559 699 5622 poenus
728 5559 814 5622 quoe
843 5543 921 5603 inde
973 5561 1028 5607 cao
1043 5551 1145 5606 umen
1162 5561 1241 5621 qaae
1257 5554 1327 5625 post
1341 5549 1579 5611 conversionem
1593 5548 1776 5622 sequuntur,
1801 5540 1840 5600 de

7 5628 16 5681 Ι
55 5629 265 5704 proueniunt,
288 5644 413 5691 cessare
434 5631 569 5704 oportet.
598 5633 628 5686 ar
659 5642 714 5704 per
742 5633 859 5687 rentum
876 5625 918 5684 in·
968 5627 1080 5704 quibus
1095 5644 1152 5689 nos
1165 5629 1514 5710 hoclocoagimusnon
1530 5629 1566 5690 ad
1580 5627 1836 5706 resipiscentiam,

7 5713 15 5764 l
60 5712 236 5790 telligamus
266 5711 486 5790 obligationem
508 5711 545 5773 ad
568 5725 729 5788 poenam,
763 5706 921 5772 verissima
967 5705 1838 5793 sedadoiiensamaliquomodocompensandarnrele·
