4084 6275
261 351 315 413 lez
990 349 1037 408 DE
1053 351 1153 410 trisse

190 499 327 560 mentum
340 488 377 551 ab
393 487 456 551 iilis
475 485 593 567 liguris,
610 501 737 566 quaram
752 493 800 550 ast
827 485 941 550 incerta
956 483 1050 546 inter·
1095 483 1176 565 tegis
1188 481 1383 564 quantamvis
1397 487 1536 559 eruenta,
1548 483 1664 564 figuras
1678 483 1780 552 luisse
1806 483 1900 549 docet
1914 503 1969 548 sa·

189 577 330 655 pretatio;
346 569 527 649 qualcillad
544 574 607 632 erat
619 585 656 631 ax
671 569 810 634 canticis:
830 569 885 634 ma
899 568 998 632 cabaa
1011 567 1051 630 in
1094 567 1201 630 erilicii
1213 565 1434 646 Eucharistiae.

188 658 335 730 meridie,
353 653 433 735 quud
464 669 588 730 semper
616 651 791 722 Donatistae
815 653 989 735 jactabant,
1017 656 1051 711 ut
1135 648 1202 712 lam
1218 664 1303 718 nuru,
1320 648 1403 726 quud
1428 648 1587 713 attineiad
1613 650 1745 714 alterum
1766 649 1966 725 absurdam,

189 742 355 822 probarent
369 741 401 798 in
417 737 480 798 sula
496 736 594 798 dirica
620 749 691 799 esse
716 734 885 798 Ecclesiam
903 754 912 813 ;
938 733 1051 814 quibus
1096 734 1179 794 nulla
1193 738 1240 793 cst
1255 729 1507 794 difficultasliarn
1522 733 1604 810 quod
1621 736 1653 794 in
1665 733 1821 811 Scriptura
1835 735 1966 808 dicitur,

191 822 376 903 Augustinus
390 825 475 882 recte
489 819 597 896 objicit
612 818 687 878 iliud
711 819 820 896 psalm.
849 819 900 880 ll.
931 818 1051 880 Latera
1095 832 1205 892 agnum
1220 813 1396 892 paschalem
1411 814 1588 878 debuisses
1604 822 1664 878 tuta
1676 816 1871 878 multitudine
1886 819 1968 880 iiliu-

89 951 92 959 ·
190 905 355 988 nunilonis
376 902 585 980 ciuitasrepc's
599 901 724 979 inagna·
753 907 782 963 et
811 900 921 962 sirnilia
951 914 1050 979 acque
1095 895 1970 978 ronrlsrailimmutari,nensicintelligitor,qoaside·

190 991 334 1054 obscura.
593 1013 595 1018 ·
1096 978 1220 1042 buerint
1234 979 1346 1056 singoli
1363 978 1402 1041 de
1417 981 1533 1058 popolo
1561 997 1675 1058 agnum
1698 983 1859 1044 immolare
1874 1002 1882 1043 :
1907 984 1968 1044 sed

231 1072 329 1140 adde,
345 1065 426 1147 quud
443 1065 632 1143 Augustinus
648 1067 678 1126 in
695 1079 732 1126 eu
749 1065 839 1135 libro,
855 1064 926 1128 idea
941 1064 1019 1145 petit
1034 1079 1051 1122 a
1096 1063 1178 1142 qrrnd
1194 1061 1336 1122 debuerit
1350 1060 1381 1122 in
1394 1062 1526 1141 singulis
1541 1062 1685 1125 dumibus
1714 1081 1750 1126 ae
1762 1066 1888 1128 lamiliis
1906 1067 1964 1128 im·

188 1143 354 1217 Donatistis
371 1148 541 1211 testimonia
555 1147 730 1226 scripturae
756 1149 947 1228 apertissima
965 1195 973 1222 ,
993 1161 1051 1210 nec
1095 1146 1214 1214 molari,
1232 1143 1447 1222 patrefamilias
1470 1147 1594 1222 proprie
1608 1153 1639 1207 et
1651 1161 1706 1224 per
1720 1163 1755 1208 se
1770 1147 1966 1219 immutante,

189 1238 323 1299 libenter
334 1232 463 1295 admittit
477 1231 618 1296 obscura.
636 1230 706 1310 quia
723 1231 933 1310 habebatipse
950 1247 1004 1308 pra
1016 1244 1052 1292 sc
1095 1227 1226 1304 reliquis
1242 1242 1297 1304 per
1325 1226 1412 1288 illum
1439 1227 1671 1290 immutantibus
1692 1236 1723 1295 et
1747 1230 1905 1293 vuluntate
1927 1249 1966 1293 ac

190 1317 381 1397 apertissima
398 1313 582 1376 testimonia.
600 1314 669 1374 haar
692 1314 838 1391 agebatur
858 1315 897 1376 de
912 1315 980 1376 tace
997 1315 1052 1375 Ec·
1095 1310 1328 1389 participatione
1339 1309 1370 1369 in
1383 1308 1566 1372 sacrificium
1583 1312 1963 1390 consentientibus.Qau‹l

190 1403 369 1471 etesiae,nn
386 1395 578 1460 esscrnirica
595 1397 672 1464 sula,
690 1413 727 1456 aa
744 1397 824 1458 tolus
847 1397 931 1458 orbis
958 1402 1052 1458 terra·
1096 1395 1186 1455 etiam
1198 1393 1229 1452 in
1247 1389 1387 1453 Ecclesia
1403 1390 1483 1453 circa
1505 1393 1732 1456 Eucharistiam
1754 1395 1964 1458 observatur:

189 1501 269 1548 rurn.
285 1483 322 1545 El
336 1480 407 1558 quia
430 1485 501 1541 sunt
513 1477 641 1556 piurima
659 1480 843 1550 testimonla,
874 1495 952 1557 quaa
978 1481 1048 1543 sine
1097 1475 1268 1554 presbytcri
1281 1475 1379 1546 enirn,
1392 1473 1444 1551 qui
1460 1473 1492 1536 in
1507 1474 1618 1538 Christi
1634 1476 1746 1538 inmitia
1763 1485 1965 1555 patrassent,

189 1568 252 1632 ulia
267 1563 454 1628 obscuritate
470 1561 765 1624 ducentEcclesiam
779 1563 809 1621 in
826 1567 886 1622 tutu
903 1563 978 1632 orbe
995 1568 1053 1624 ter·
1097 1561 1220 1636 proprie
1242 1573 1277 1616 ac
1292 1571 1348 1635 per
1374 1571 1409 1618 sc
1423 1555 1596 1630 immolant,
1613 1560 1750 1638 pupulus
1776 1567 1879 1622 autem
1912 1578 1969 1639 per

90 1639 96 1654 '
189 1665 291 1714 rarum
308 1661 379 1709 esse
393 1643 537 1720 ialoram3
553 1645 662 1706 merito
677 1644 863 1722 augustinos
875 1645 1003 1722 requirit
1014 1645 1053 1708 ab
1098 1641 1168 1702 illus
1183 1640 1331 1712 immolat,
1348 1645 1380 1699 ci
1393 1639 1487 1700 simul
1502 1641 1657 1703 volontate
1683 1650 1715 1705 et
1728 1644 1966 1722 participatione

193 1729 367 1794 adversarie
382 1727 493 1790 similia
507 1726 692 1788 testimonia:
719 1743 778 1788 non
795 1729 876 1787 enirn
893 1727 1008 1788 debent
1023 1747 1054 1790 ι·
1096 1723 1128 1784 in
1142 1721 1326 1784 sacriiicium
1344 1722 1510 1784 consentit.

190 1821 274 1894 perta
289 1819 320 1875 ct
334 1810 469 1889 propria,
483 1809 624 1870 obscuris
639 1815 669 1870 et
683 1808 820 1886 liguratis
835 1809 957 1872 eadere.
975 1811 1011 1871 nt
1021 1812 1054 1872 in
1137 1805 1277 1881 lienique
1294 1806 1414 1866 tertium
1426 1804 1691 1886 absordum‚quod
1705 1805 1880 1871 nunninus
1896 1824 1967 1886 pru·

193 1898 260 1959 aliis
276 1893 509 1975 quaestionibus
525 1891 757 1974 obscurioribus
775 1936 783 1959 ,
813 1892 913 1969 qualis
942 1891 998 1953 luit
1012 1910 1051 1955 eu
1078 1888 1225 1961 ¹ierebat,
1240 1886 1354 1948 nullius
1368 1885 1514 1965 ponderis
1530 1894 1588 1950 cst.
1604 1889 1676 1950 llam
1691 1889 1903 1954 Eucharistiae
1919 1908 1968 1952 sa·

192 1987 332 2058 ternpore
354 1973 492 2056 quaestio
517 1975 556 2036 de
578 1975 743 2051 Baptismu,
774 1973 964 2054 Augustinus
991 1991 1051 2038 non
1097 1970 1258 2041 orificium,
1283 1976 1315 2031 ui
1331 1967 1476 2043 diximus,
1494 1987 1557 2033 nun
1573 1973 1640 2034 solo
1655 1989 1736 2050 agno
1751 1974 1965 2051 paschaiised

191 2065 338 2142 proruent
352 2059 389 2121 ad
405 2064 507 2133 aperta
530 2055 705 2136 Scripturas
732 2056 917 2132 testirrrunia,
944 2059 999 2120 sed
1016 2060 1054 2120 ad
1097 2053 1204 2114 multis
1219 2052 1288 2112 aliis
1304 2051 1608 2130 typisadombralum
1636 2053 1703 2117 icit.
1731 2053 1768 2116 Et
1790 2054 1918 2134 auidam
1935 2074 1968 2116 a·

188 2144 346 2206 Ecclesiae
361 2141 582 2210 auctoritatem,
600 2155 679 2219 quae
704 2156 765 2201 non
783 2144 883 2217 potest
898 2155 1001 2202 errare
1022 2141 1054 2202 in
1097 2151 1178 2215 gnus
1193 2134 1349 2214 paschatis
1366 2142 1455 2214 typus
1469 2134 1680 2199 Eucharistiae
1695 2137 1763 2206 luit,
1790 2155 1852 2201 nun
1869 2146 1901 2199 ut
1918 2155 1968 2200 sa·

189 2227 347 2305 Scriptura
362 2223 555 2304 explicanda,
569 2230 602 2284 ιι
618 2227 700 2301 patet
712 2238 748 2284 ax
764 2223 831 2284 locu
843 2224 934 2284 citato
949 2229 1055 2285 eontra
1098 2218 1248 2280 eritieium
1264 2218 1517 2294 propitiatorium,
1534 2222 1589 2280 sed
1606 2227 1638 2281 ut
1659 2224 1965 2285 commemoratorum

190 2308 401 2375 cresconiana.
418 2305 516 2382 Quare
531 2307 558 2365 si
573 2305 747 2366 llemnitios
776 2310 883 2381 potat,
915 2322 1056 2368 caussam
1098 2300 1305 2376 liberationis,
1321 2306 1396 2361 etot
1411 2303 1533 2378 proprie
1545 2301 1799 2365 Eucharisticum:
1813 2303 1968 2368 saorihcia

190 2407 279 2458 suam
290 2390 423 2453 similem
440 2403 511 2449 esse
526 2403 655 2449 caussae
678 2389 851 2466 augustini,
877 2387 1008 2465 pruierat
1022 2406 1053 2450 a·
1099 2390 1212 2456 autem,
1229 2398 1309 2460 uuae
1324 2383 1455 2460 plurima
1470 2383 1501 2444 ia
1514 2384 1585 2464 lega
1597 2401 1653 2464 pru
1668 2394 1796 2464 peccalo
1822 2387 1938 2448 llebnnt
1956 2431 1966 2451 .

190 2481 309 2555 perium
326 2471 532 2534 testimonium
549 2471 745 2549 scripturae,
770 2469 852 2549 quud
879 2487 940 2532 nun
967 2479 1059 2549 egeat
1099 2466 1239 2545 ejusdem
1255 2464 1515 2537 Eucharistiae.ot
1529 2468 1672 2532 sacrificii
1688 2469 1905 2550 propitiatorii,
1923 2476 1968 2549 lp·

189 2554 425 2634 interprete,ubi
439 2551 797 2632 legamusEocharistlae
812 2553 1055 2616 celebrationem
1101 2552 1131 2627 pi
1147 2567 1183 2610 ae
1203 2547 1319 2627 liparae
1333 2546 1468 2610 luerunt.
1575 2602 1584 2622 s

190 2657 251 2704 nen
265 2653 336 2702 esse
348 2634 546 2706 saerillcium,
564 2643 594 2696 et
610 2643 672 2696 inm
684 2633 755 2713 jare
784 2637 896 2714 putarit
911 2652 981 2698 curn
995 2636 1054 2698 do·
1140 2630 1243 2693 Tertio
1258 2629 1365 2709 objicit
1378 2629 1553 2694 liemnitius
1571 2661 1589 2703 ,=
1606 2647 1719 2712 agnam
1737 2634 1917 2713 paschalem
1934 2634 1969 2694 li·

190 2724 313 2804 gastine
329 2719 458 2800 rejicere
474 2723 652 2796 argumenta
669 2733 706 2779 ea
719 2717 838 2796 liguris.
1098 2729 1205 2792 garam
1219 2715 1358 2791 gessisse
1374 2715 1532 2790 passionis
1543 2714 1733 2793 Dominieac‚
1749 2717 1780 2780 id
1794 2717 1876 2797 quud
1893 2733 1969 2794 upe—
2038 2736 2039 2807 r

195 2825 198 2832 ·
230 2803 385 2872 Secundo,
401 2800 575 2863 llcmnitius
590 2801 709 2880 objicit,
726 2815 762 2860 ea
787 2799 883 2878 ilgara
913 2800 982 2878 agni
999 2817 1057 2878 pa·
1099 2812 1168 2857 ruse
1184 2795 1314 2872 probare
1329 2796 1434 2858 aititur
1448 2814 1485 2865 ex
1497 2798 1676 2876 Scripturis,
1693 2807 1723 2862 et
1737 2816 1775 2862 er
1789 2802 1858 2878 ipso
1874 2801 1967 2862 etiarn
2038 2864 2039 2871 ,

190 2888 306 2951 schaiis
320 2885 415 2946 multa
431 2883 519 2962 sequi
535 2883 708 2954 absarensi
722 2897 760 2943 ea
777 2883 814 2943 ad
832 2881 1053 2946 Eucharistiam
1097 2877 1316 2941 Ecclesiastico
1332 2879 1561 2956 testimonium
1575 2882 1764 2958 praelatione
1781 2883 1894 2946 missae
1910 2883 1964 2944 de·

190 2967 370 3050 applicanda
386 2966 438 3027 sil.
451 2963 525 3026 llam
538 2966 569 3025 in
592 2965 699 3043 primis
715 2979 776 3024 nun
802 2965 1005 3042 respondebit
1018 2965 1053 3026 il·
1099 2967 1254 3038 prompte.

189 3069 262 3131 gara
280 3051 491 3128 liguratu,eum
507 3047 673 3108 immulatio
689 3046 759 3125 agni
776 3047 931 3124 paschalis
942 3063 1052 3109 craen-
1138 3043 1199 3106 Sed
1214 3048 1427 3122 argumentum
1441 3051 1502 3123 jam
1517 3051 1588 3107 anic
1607 3046 1743 3109 solutum
1773 3052 1831 3110 est.
1862 3050 1967 3128 dgnus

190 3141 218 3198 ta
235 3134 335 3208 iucril;
352 3129 541 3193 Eucharislia
563 3130 603 3192 sit
622 3130 795 3193 incruenta.
811 3127 929 3192 Deinde
954 3147 1054 3212 agnos
1098 3126 1183 3188 enirn
1197 3126 1353 3207 paschaiis
1368 3128 1529 3207 utriusque
1543 3129 1588 3191 rei
1603 3135 1694 3210 typus
1717 3130 1783 3202 init,
1799 3135 1831 3194 ei
1845 3133 1967 3209 passiu-

191 3216 343 3295 paschalis
358 3228 419 3275 uun
435 3230 450 3273 a
465 3212 690 3285 sacerdotibus,
713 3218 745 3275 ot
759 3212 950 3274 Eucharistia
968 3259 975 3283 ,
995 3215 1056 3301 sed
1100 3208 1149 3271 nis
1164 3217 1195 3271 et
1206 3208 1418 3271 Eucharistiae
1432 3228 1441 3287 3
1457 3210 1552 3272 immo
1566 3229 1628 3275 nun
1643 3214 1740 3291 potuit
1753 3215 1967 3277 Eucharistiae

190 3320 206 3361 u
223 3297 416 3361 multitudine
431 3294 657 3357 immolabatur.
667 3294 702 3355 Et
716 3295 853 3372 denique
868 3296 1054 3358 sacrificium
1103 3298 1193 3370 typus
1209 3308 1292 3361 esse.
1310 3294 1382 3372 quin
1399 3296 1489 3355 eiiam
1505 3296 1658 3372 passionis
1680 3303 1765 3359 esser
1781 3343 1789 3365 .
1818 3312 1889 3359 eom
1904 3297 1965 3358 Eu·

191 3383 259 3461 agni
276 3378 432 3459 paschalis
445 3394 505 3439 non
519 3384 583 3439 crat
595 3377 836 3457 propitiatorium
848 3392 904 3457 pra
917 3386 1056 3457 peceato,
1101 3374 1258 3441 charistia,
1271 3377 1511 3453 repraesentatio
1533 3385 1564 3438 et
1584 3379 1832 3441 commemoratio
1848 3382 1968 3457 passio·

190 3473 223 3527 ut
239 3480 294 3527 nus
309 3461 531 3523 Eucharistiaua
553 3476 623 3523 esse
636 3461 768 3523 dicimus
785 3506 793 3534 ,
816 3462 872 3525 sed
893 3461 926 3525 in
941 3478 1057 3526 memu-
1102 3456 1335 3537 alsaciense
1351 3458 1380 3518 id
1397 3460 1552 3537 proprium
1568 3466 1616 3523 est
1630 3463 1700 3540 agni
1723 3462 1891 3541 paschaiis
1907 3464 1964 3523 sed

190 3550 265 3610 riam
280 3543 373 3607 licbnt
388 3543 580 3605 liberationis
596 3544 634 3605 da
646 3542 792 3623 aegypto.
855 3570 864 3591 ·
1101 3555 1266 3603 commune
1281 3538 1425 3603 omnibus
1439 3541 1600 3605 sacriliciis
1622 3544 1701 3620 legis
1716 3544 1839 3615 veteris,
1869 3550 1902 3607 ut
1924 3549 1966 3606 si·

234 3626 429 3707 itespendcu:
447 3626 634 3689 Eaclrarislia
651 3641 710 3687 nun
727 3644 743 3686 a
759 3626 826 3688 solu
838 3642 917 3705 agnu
928 3628 1057 3706 pascha·
1102 3624 1165 3683 mol
1187 3629 1218 3685 et
1233 3623 1388 3700 passionis
1409 3624 1582 3688 dominicae
1598 3633 1629 3689 et
1650 3627 1862 3694 Eucharistiae
1885 3628 1964 3706 ligu-

190 3712 225 3786 li,
242 3712 298 3774 sed
311 3709 401 3771 eiiam
417 3726 432 3770 a
448 3710 602 3771 saurillcio
617 3708 893 3785 Melchisedeuhmt
905 3726 921 3770 a
933 3726 1057 3782 manna,
1104 3720 1156 3768 rae
1171 3704 1296 3769 luerint.

191 3800 223 3857 ei
236 3795 274 3856 ab
290 3793 358 3855 aliis
373 3792 467 3854 rebus
481 3794 513 3855 in
528 3792 722 3855 Testamenta
738 3794 830 3855 reteri
846 3791 970 3870 ligurata
987 3792 1055 3854 tuit:

192 3878 263 3939 ideo
280 3892 339 3937 aun
355 3876 468 3946 omnia,
486 3890 564 3953 quae
588 3876 619 3935 in
641 3890 720 3953 agno
750 3873 885 3953 paschali
914 3873 1050 3951 flebant,

191 3958 370 4037 adtigeram
386 3957 595 4019 Eucharistiae
611 3955 778 4034 pertinent,
794 3956 913 4018 sedilia
928 3963 1056 4031 tanturn,

194 4056 273 4121 uuae
289 4056 349 4102 nan
366 4049 503 4118 pugnant
517 4056 587 4101 cum
603 4038 783 4117 impletione
804 4039 930 4099 aliarum
946 4038 1057 4115 ligura·
1136 4071 1138 4074 ·
1231 4045 1236 4056 ’

193 4141 274 4187 rum.
291 4124 396 4200 ltaque
412 4135 450 4183 etr
470 4121 565 4202 ligura
581 4123 651 4200 agni
672 4122 840 4200 paschalis,
859 4120 1010 4185 babemus
1026 4124 1057 4183 in

191 4204 382 4270 Eucharistia
398 4219 647 4267 reramaearnem
672 4210 704 4265 el
729 4206 911 4283 sanguinem
943 4203 1057 4267 Christi
1096 4202 1101 4210 ’

254 4288 282 4301 ..
450 4286 470 4319 .,
662 4287 669 4300 .
905 4288 910 4301 .
1030 4288 1036 4302 .
1102 4234 1261 4299 Probatur
1270 4232 1473 4313 coctiliciam
1483 4205 1601 4301 nasce
1613 4254 1656 4302 eus
1668 4238 1786 4319 figaria
1796 4240 1965 4301 aemorum

191 4304 263 4366 agna
275 4287 470 4351 inmaculati.
487 4286 543 4349 sad
560 4286 649 4349 modu
661 4295 834 4360 incruento,
859 4293 889 4348 et
904 4304 935 4348 rn
952 4303 1057 4365 specie

192 4372 281 4443 panis
297 4377 327 4433 et
342 4370 415 4443 nini,
431 4375 465 4431 ut
478 4370 579 4432 lucam
597 4369 708 4432 babeat
722 4370 778 4431 alia
800 4368 896 4448 figura
912 4370 1055 4432 sacrificii
1239 4339 1481 4418 wmficimm
1494 4341 1685 4405 mamm
1695 4340 1821 4405 vem·

192 4451 419 4517 Melchisedech
433 4454 464 4513 in
480 4468 558 4530 pane
574 4459 604 4514 ct
617 4454 687 4515 vinu
703 4452 806 4515 oblati.
824 4454 922 4531 ntnue
944 4452 982 4514 ita
999 4454 1053 4515 ob·

191 4536 263 4598 tatia
278 4543 309 4598 et
320 4535 513 4597 manducatio
528 4536 609 4615 agni,
640 4536 677 4596 ad
693 4534 822 4613 liguram
843 4536 1053 4598 Eucharistiae
1138 4538 1272 4601 Tertium
1288 4543 1500 4619 argumentum
1514 4538 1647 4601 sarniiur
1660 4554 1698 4601 er
1713 4553 1782 4616 cop.
1799 4534 1963 4605 2i.Exudi,

157 4656 162 4671 ‚
192 4620 335 4699 pertinet,
352 4618 461 4680 modos
476 4624 620 4681 cruentae
633 4618 846 4690 mactationis,
873 4619 909 4681 ad
926 4618 1004 4682 hune
1019 4618 1053 4680 il·
1097 4622 1150 4683 uhi
1162 4622 1346 4684 describitur
1360 4622 1515 4684 dedicatio
1542 4638 1578 4683 ae
1593 4619 1760 4683 celebratio
1774 4619 1964 4681 Testamenti

191 4718 297 4781 garam
310 4716 372 4763 nun
387 4700 531 4779 pertinet,
549 4702 620 4779 quia
635 4708 785 4780 pugnaret
814 4718 882 4763 curn
897 4700 992 4781 ligura
1005 4718 1054 4763 sa·
1099 4706 1223 4765 veteris.
1239 4704 1312 4766 llam
1326 4710 1397 4783 pust
1420 4706 1521 4767 datam
1549 4703 1650 4782 legem
1677 4704 1708 4765 in
1739 4708 1843 4765 monte
1863 4702 1964 4780 Syna,

192 4782 298 4845 crifleii
315 4782 556 4859 Melchisedech,
573 4783 653 4846 sicut
668 4785 850 4847 econtrario
878 4784 973 4846 turma
995 4799 1052 4845 seu
1101 4789 1219 4865 pepigit
1233 4787 1315 4850 Deus
1329 4785 1438 4849 luedus
1452 4802 1523 4850 cum
1534 4786 1696 4857 Hebraeis,
1712 4802 1749 4847 ae
1764 4786 1905 4863 premisit
1917 4786 1965 4845 eis

192 4866 315 4947 speeies
331 4870 455 4927 externa
472 4865 560 4943 panis
573 4872 603 4927 ct
617 4867 677 4927 vini
699 4866 730 4926 in
757 4866 907 4928 sacrificiu
929 4865 1055 4927 llelclri-
1100 4870 1194 4932 multa
1210 4870 1301 4942 buna,
1318 4874 1349 4932 at
1362 4868 1422 4948 ipsi
1437 4869 1573 4931 vicissim
1588 4868 1797 4931 obedientiam
1809 4867 1967 4929 mandate·

191 4949 319 5023 sedech,
335 4949 378 5010 ad
390 4946 514 5025 liguram
532 4948 742 5011 Eucharistiae
756 4949 898 5026 pertinet:
912 4947 1056 5010 substan·
1100 4968 1168 5014 rom
1182 4952 1390 5031 promiserunt
1404 4952 1478 5014 beu.
1506 4952 1661 5014 Sancitum
1689 4959 1792 5014 notem
1819 4948 1876 5010 luit
1904 4950 1966 5012 bec

193 5033 231 5093 tia
248 5032 337 5110 panis
352 5032 455 5093 cirini
472 5032 599 5094 interior
612 5032 649 5093 ad
666 5031 745 5093 hane
767 5030 892 5109 liguram
910 5047 969 5091 nun
986 5046 1056 5109 per·
1101 5035 1211 5096 iuedos
1225 5034 1358 5096 solemni
1372 5034 1526 5097 sacrillcio
1539 5040 1568 5096 et
1579 5034 1740 5111 sanguinis
1754 5031 1962 5110 aspersione,

1434 4000 1553 4066 aanor
1573 4001 1653 4068 ara.
1711 4084 1716 4093 ‚

75 5122 80 5137 ·
192 5112 620 5193 tinct,quiapugnaretcarn
650 5112 747 5193 ligura
772 5114 842 5193 agni
872 5114 1052 5191 paschalis,
1103 5116 1293 5179 iliisrerbis:
1317 5116 1374 5178 ilie
1399 5123 1445 5179 eal
1467 5118 1604 5195 sangnis
1629 5116 1843 5188 Testamenti,
1874 5118 1966 5193 eamd

192 5211 384 5275 quaererem
397 5198 498 5259 earnis
512 5194 713 5259 substantiam
726 5196 853 5272 requirit
870 5198 899 5259 in
913 5194 1052 5275 llgoralo,
1099 5199 1270 5263 nraadeoit
1284 5200 1394 5263 adnue
1409 5199 1504 5268 Dens,
1522 5208 1555 5261 ut
1569 5201 1732 5278 apestolus
1744 5196 1965 5275 recitat‚ilebr.

194 5294 234 5339 ne
249 5281 290 5341 sit
308 5277 470 5357 figuratum
483 5296 537 5341 sua
553 5279 648 5359 ligura
663 5277 856 5351 vitiusttaod
872 5284 973 5341 uatem
990 5296 1054 5343 mu·
1100 5283 1131 5343 a.
1153 5282 1291 5362 allegans
1306 5282 1398 5343 rerba
1419 5282 1543 5362 liugas,
1557 5283 1652 5345 Erod.
1669 5282 1721 5345 iti.
1736 5281 1821 5343 lianc
1833 5280 1964 5359 ligoram

163 5362 252 5447 ⁸dus
266 5361 317 5422 illc
330 5368 474 5423 cruentae
487 5362 676 5423 mactationis
692 5376 752 5421 nun
767 5360 987 5442 impediat‚quo
1000 5364 1057 5425 nri·
1100 5366 1256 5443 impletam
1272 5380 1343 5427 esse
1359 5364 1390 5425 ia
1404 5367 1508 5428 ottima
1524 5380 1634 5437 coena,
1657 5367 1687 5427 in
1710 5364 1904 5431 institutione
1916 5379 1967 5425 sa-

192 5458 251 5505 nus
266 5460 364 5523 ugnas
376 5445 532 5521 paschalis
547 5442 641 5521 ligura
657 5442 748 5503 luerit
764 5442 986 5513 Eucharistiae,
1005 5462 1055 5522 pa·
1101 5448 1248 5509 crementi
1265 5446 1486 5523 Eucharistiae,
1508 5464 1569 5509 nus
1590 5447 1788 5527 prabavimus
1813 5462 1906 5523 supra
1932 5446 1968 5509 in

194 5531 237 5587 lat
252 5526 465 5605 exhugostinu
478 5528 531 5591 lib.
543 5522 785 5589 lidedirihbci
801 5526 1054 5605 cap.·20.ctlib.l.
1103 5531 1132 5592 l.
1149 5529 1202 5591 lib.
1219 5528 1258 5592 de
1270 5530 1472 5592 Eucharistia:
1490 5547 1549 5593 neu
1564 5530 1683 5593 ridetur
1703 5532 1766 5592 ulla
1794 5529 1889 5591 modu
1911 5544 1967 5591 ne·

194 5614 297 5670 contra
309 5610 428 5671 advers.
445 5610 540 5689 leget
555 5608 695 5689 prophet.
709 5607 826 5671 eldat
840 5610 942 5671 henne
957 5626 1052 5673 serm.
1098 5613 1163 5691 gari
1178 5628 1282 5690 posse.
1299 5610 1373 5674 llam
1384 5612 1419 5675 ln
1436 5614 1543 5689 primis
1558 5628 1705 5692 expresse
1721 5613 1819 5676 lucas
1840 5611 1968 5689 capii.

195 5692 226 5755 8.
243 5692 282 5755 de
297 5693 441 5775 passione
455 5692 588 5768 Domini,
601 5691 765 5770 quiumnia
781 5692 1054 5757 sacrillciaaeieris
1100 5700 1131 5757 cl
1145 5694 1299 5759 Paulosl.
1322 5694 1392 5759 Gur.
1409 5696 1460 5758 tt.
1490 5695 1610 5760 dicunt:
1640 5694 1700 5761 iiie
1728 5696 1820 5759 cotia
1843 5709 1970 5758 nouom
