4084 6275
294 400 347 458 dii
970 396 1257 455 tte-notttttln‘nttt

219 540 279 609 est,
295 534 353 598 sed
368 535 447 595 male
462 535 635 609 conserens
648 545 720 595 eum
734 529 796 601 liis,
812 544 890 609 quoe
903 530 994 593 nobis
1005 531 1082 594 laiso
1124 532 1234 609 pratia
1249 535 1278 592 ct
1292 530 1411 609 orliuti,
1426 528 1524 607 {idem
1539 543 1582 591 ear
1606 526 1724 591 auditu
1749 530 1987 610 concipientes,

219 619 336 700 passim
349 616 491 694 imponit.
934 676 937 680 ,
1023 630 1026 639 ’
1125 613 1460 677 liberemocenturin
1474 612 1587 684 neam,
1614 614 1778 675 eredentes
1803 630 1883 675 reru
1911 630 1993 673 esse.

260 700 363 764 Sexto.
381 700 452 779 Pop.
470 698 543 761 9332
560 703 716 759 auctorem
739 695 872 774 primum
897 696 1082 759 sacramenti
1125 712 1210 775 qnae
1225 698 1382 759 divinitus
1395 697 1538 759 revetata
1553 699 1582 756 ci
1601 697 1762 773 promissa
1786 705 1864 758 sunt
1892 703 1994 775 atque.

216 781 614 847 Poenilentiaeliemnitius
631 780 752 841 Petrum
766 778 971 841 Lambardom
994 778 1079 854 iacit,
1123 780 1400 859 illudinprimis,
1427 795 1449 841 a
1476 778 1539 839 Deo
1559 777 1741 855 iustificari
1764 780 1907 857 impium
1932 796 1996 857 prr

215 866 269 945 nni
284 872 355 946 post
368 883 483 927 annum
499 862 620 926 Domini
648 860 740 923 tlon.
766 860 881 923 floruit:
912 860 1005 937 Quia,
1031 862 1077 923 in·
1123 863 1267 939 pretinm
1293 862 1373 938 ejus,
1400 878 1461 940 per
1484 861 1740 938 redemptionem
1765 878 1853 942 quae
1882 870 1930 924 cst
1956 864 1996 924 in

214 950 292 1026 nuit,
309 948 510 1011 bombardae
523 948 668 1026 primum
680 962 723 1006 eac
736 946 942 1022 poenitentia
966 962 1077 1007 sacro·
1125 945 1247 1007 citrino
1262 944 1351 1009 iesu:
1367 953 1396 1007 et
1411 946 1491 1009 dum
1504 951 1688 1021 peccatores
1708 962 1743 1007 sc
1770 961 1838 1008 esse
1863 946 1992 1007 intolli-

214 1039 362 1095 mentem
383 1032 518 1109 iecerat,
546 1033 723 1107 coeperunt
745 1032 858 1105 postea
886 1026 1080 1091 Secutastici
1122 1034 1241 1103 pentes..
1260 1045 1282 1090 a
1297 1030 1431 1091 divinae
1444 1026 1593 1107 insidiae
1618 1028 1742 1091 timore.
1770 1042 1834 1107 pao
1862 1030 1993 1089 utiliter

215 1130 384 1190 quaerere,
402 1129 490 1194 qnae
503 1112 546 1175 sit
558 1112 710 1179 materia.
728 1117 758 1171 ct
778 1126 863 1189 pirae
886 1110 994 1187 forma
1017 1117 1077 1173 etc.
1123 1114 1368 1186 concutiamur,-
1384 1113 1429 1173 od
1443 1110 1718 1193 considerandam
1731 1109 1789 1173 nn
1803 1113 1992 1173 misericor·-

214 1196 280 1259 Hoc
295 1213 366 1262 esse
381 1196 577 1259 mendacium
592 1210 685 1269 nemo
700 1192 859 1263 dubitarit,
886 1192 941 1272 qui
962 1193 1078 1273 aliquid
1123 1193 1215 1254 diem
1228 1210 1262 1257 se
1277 1194 1503 1262 connectendo,
1519 1194 1557 1254 in
1567 1208 1657 1269 spem
1672 1195 1854 1271 eripentur,
1878 1195 1993 1271 fiden-

215 1279 247 1341 in
263 1280 420 1343 veteribus
434 1279 557 1357 legerim
573 1278 689 1354 passim
705 1278 788 1337 enirn
813 1274 1007 1355 conjungunt
1027 1293 1079 1339 re·
1123 1280 1168 1335 tes
1184 1276 1285 1340 Deum
1299 1277 1361 1341 sibi
1372 1284 1507 1357 propter
1524 1275 1682 1337 Circesium
1695 1278 1878 1355 propitium
1903 1278 1990 1352 sorr,-

215 1369 298 1425 teres
313 1364 536 1427 Paenitentiam
551 1376 608 1422 seu
624 1357 909 1421 reconciliationem
932 1376 1001 1421 cum
1025 1359 1078 1421 Bo·
1121 1354 1281 1439 ilinrnque
1298 1367 1467 1438 tamqnam
1482 1360 1587 1420 omnis
1596 1358 1745 1435 jrrstitice
1767 1361 1893 1436 sontem
1915 1362 1991 1421 diti-

214 1447 339 1523 ptumo,
356 1445 489 1524 aliisque
504 1441 705 1506 sacramentis
721 1441 846 1518 proprie
861 1441 963 1503 dietis.
990 1442 1075 1519 Quae
1120 1456 1195 1517 perc
1209 1445 1384 1520 incipiunt.
1403 1460 1441 1503 oc
1455 1450 1626 1519 propterea
1640 1452 1810 1504 monentur
1828 1444 1991 1504 adue—rsus

214 1529 389 1591 testimonia
405 1544 463 1591 sno
477 1528 547 1588 loco
561 1525 765 1587 adducentur:
783 1540 866 1585 nunc
882 1541 975 1585 unum
989 1526 1076 1587 sttu-
1120 1532 1255 1602 peecata
1269 1543 1328 1604 per
1343 1527 1455 1588 odiunt
1469 1526 1606 1603 atiqrrod
1622 1532 1650 1585 et
1665 1526 1916 1587 detestationem
1931 1535 1989 1586 etc.

211 1612 327 1687 possint
344 1610 553 1674 testimonium
570 1607 662 1670 nohis
678 1605 824 1681 sufficiel3
841 1606 869 1667 is
889 1607 972 1667 enim
997 1607 1028 1669 in
1046 1624 1077 1669 c·
1167 1609 1209 1671 lix
1226 1610 1275 1670 tris
1290 1610 1453 1682 titubemus,
1472 1606 1574 1678 iidem,
1592 1622 1670 1686 quae
1687 1614 1734 1669 est
1750 1608 1990 1671 tundamentum

210 1694 285 1772 pist.
304 1694 375 1755 rso.
391 1697 429 1756 art
445 1694 647 1755 Honoratum:
663 1687 715 1751 An
727 1705 797 1752 non
811 1690 1002 1767 capitemns,
1031 1690 1077 1751 in·
1120 1693 1343 1764 Paenitentiae,
1359 1708 1420 1753 non
1444 1706 1514 1752 esse
1531 1691 1587 1765 (at
1612 1691 1758 1753 mentitur
1783 1690 1990 1762 Kemnilius)

210 1778 288 1851 nuit,
305 1794 381 1840 enm
408 1778 453 1839 ad
475 1777 613 1837 ntorum
637 1772 863 1851 periculorum
885 1774 1077 1849 peruenitur
1120 1776 1367 1857 persuasionem,
1385 1775 1466 1851 quod
1493 1772 1666 1835 actionibus
1693 1772 1913 1835 Poeniterrtiue
1937 1776 1989 1832 im·

211 1866 370 1930 contremo,
384 1876 446 1921 nec
463 1869 508 1919 est
520 1862 659 1935 potestas
673 1854 745 1917 utta
758 1856 921 1931 [eumenidi
934 1864 1076 1933 queritas
1119 1865 1277 1940 petremus
1293 1858 1411 1917 reniam
1428 1864 1620 1935 peccatorum
1637 1862 1667 1917 ct
1687 1858 1989 1932 reconciliationem

210 1943 249 2003 in
266 1940 610 2018 Ecclesiafieriscleat
635 1937 676 1998 ad
701 1945 954 2018 etroqncseaem
978 1946 1075 2018 atque
1120 1938 1734 2019 sedquodrerasintllcipromissn‚el
1760 1940 1836 2001 iilud
1865 1939 1899 1999 iu
1930 1958 1987 2015 prr·

210 2020 1074 2099 aocurntcerareeoncnrsns‚atienapttmnunrtupt·
1123 2021 1356 2103 mis,justiiiaari
1373 2020 1500 2099 impium
1518 2039 1572 2097 per
1586 2022 1713 2099 gratiam
1726 2020 1779 2083 Dei
1795 2040 1851 2100 per
1865 2024 1988 2082 redem-
2039 2022 2040 2109 l

209 2108 366 2177 tontibus,
384 2109 458 2169 aliis
472 2104 787 2168 reconciliationem,
812 2103 888 2165 adis
911 2105 1013 2165 etiarn
1025 2106 1075 2181 ip·
1120 2109 1271 2187 ptionem,
1287 2120 1367 2181 quae
1383 2112 1430 2166 est
1445 2104 1475 2165 in
1494 2103 1627 2166 Christo.
1644 2103 1679 2164 Et
1694 2105 1785 2165 simul
1815 2105 1986 2171 habemus,

207 2192 275 2252 eins
291 2190 513 2253 Paenitentine
527 2190 700 2249 actionem.
718 2185 868 2246 cornilius
883 2188 1075 2249 consolatio·
1119 2207 1180 2252 non
1197 2188 1318 2251 errrtudi
1335 2188 1425 2249 iidem
1442 2203 1476 2247 nc
1492 2193 1626 2248 terrores
1640 2204 1655 2247 o
1670 2188 1872 2253 Paenitentia,
1890 2190 1987 2247 immo

208 2290 284 2338 nem
299 2280 623 2335 etsucramentornm
637 2268 883 2344 confectionem,
905 2276 934 2331 et
961 2286 1075 2347 cropo-
1117 2272 1248 2345 includi,
1263 2284 1326 2334 non
1343 2278 1375 2332 ul
1390 2276 1502 2347 partes,
1521 2269 1576 2331 sed
1594 2276 1626 2329 ut
1640 2287 1767 2333 caussas
1784 2275 1982 2353 praeceden-

207 2358 349 2418 tionem?
362 2358 419 2419 nli
433 2358 463 2419 si
476 2354 622 2417 ministri
636 2353 1074 2428 domurn-nemumcmtmm
1117 2364 1164 2419 tes
1180 2354 1413 2417 Poenitenllam:
1432 2369 1534 2430 neone
1550 2352 1630 2413 enim
1657 2348 1785 2415 credere
1813 2360 1844 2413 et
1871 2354 1982 2413 terreri

207 2448 365 2516 renuatur·
379 2440 506 2520 casani
520 2440 561 2499 de
574 2437 635 2497 isto
648 2435 781 2497 saecuto
795 2434 846 2497 ccl
859 2449 928 2496 non
941 2452 1071 2513 repens·
1117 2446 1165 2502 est
1180 2438 1351 2517 poenitere,
1368 2437 1422 2497 sed
1440 2452 1477 2495 ox
1493 2436 1551 2497 tide
1568 2442 1599 2496 et
1621 2436 1790 2498 terroribus
1816 2436 1984 2497 Paeniten-

206 2524 418 2593 rotiearermt,
434 2522 485 2583 nel
500 2521 611 2595 lipari?
1115 2522 1154 2582 tia
1172 2521 1318 2601 gignitur.
1335 2518 1439 2595 Neque
1456 2519 1583 2578 muttum
1611 2519 1716 2588 relect,
1743 2520 1825 2596 arrad
1854 2520 1884 2579 in
1915 2520 1984 2579 luco

248 2604 397 2684 Septimo.
429 2606 500 2679 Pup.
528 2602 601 2663 eti.
629 2608 660 2660 ct
685 2597 758 2661 ets.
786 2598 835 2661 rix
859 2600 945 2660 credi
970 2606 1074 2679 potest
1113 2604 1174 2676 jum
1191 2605 1282 2665 citato
1302 2602 1468 2663 concilium
1485 2601 1618 2679 explicat
1632 2601 1983 2679 justificationemque}

209 2695 322 2761 quanta
339 2688 529 2767 impudentia
546 2682 720 2745 ilemnitius
737 2690 797 2741 tum
816 2684 991 2749 incutiatur,
1008 2691 1070 2744 turn
1114 2690 1144 2749 in
1161 2687 1317 2763 Baptismo
1332 2684 1512 2763 acquiritur.
1531 2699 1591 2743 non
1616 2700 1682 2744 eam
1712 2702 1791 2764 quae
1818 2686 1849 2745 in
1878 2702 1985 2745 sacru·

206 2772 328 2832 concilii
357 2770 514 2832 tridentini
541 2767 727 2830 seutentiam
753 2765 880 2825 ouruinu
906 2773 1069 2841 pervertet.
1114 2776 1220 2831 mento
1235 2767 1458 2841 Paenitentiam
1482 2782 1551 2827 uam
1569 2768 1649 2827 idern
1667 2774 1714 2827 est
1738 2768 1983 2843 dispositionum

205 2850 375 2929 Nepareral
390 2855 557 2915 concilium
575 2855 678 2925 partes
694 2848 903 2907 Paenitentiae
919 2863 990 2908 csse
1014 2856 1072 2910 ter·
1115 2850 1371 2915 etconnersionis
1397 2864 1594 2928 progressus,
1623 2848 1698 2911 licet
1721 2849 1935 2913 Paenitentiae
1951 2870 1984 2911 o·

203 2949 292 2997 rores
319 2944 350 2998 ct
363 2936 468 2999 iidem:
487 2951 555 2995 nam
573 2939 708 2993 terrores
723 2936 753 2989 et
769 2930 846 2989 tides
860 2930 951 2989 etiam
972 2932 1001 2989 ia
1016 2934 1071 2992 im·
1115 2952 1188 3014 pera
1204 2934 1300 2996 multo
1317 2931 1454 2993 taeittora
1470 2932 1507 2993 ad
1522 2931 1724 3010 Baptismum‚
1750 2950 1841 3013 quam
1868 2934 1908 2993 nd
1936 2950 1983 2994 se.

207 3018 442 3093 poenitentibus
459 3032 530 3079 esse
546 3022 690 3092 possunt.
717 3029 787 3071 euru
812 3010 948 3074 lacobus
976 3014 1069 3085 dicat,
1115 3017 1367 3081 conciliationem
1383 3016 1555 3091 erigantur.
1638 3055 1642 3063 ·

205 3098 376 3163 daemones
392 3102 520 3179 credere
551 3104 581 3160 el
596 3093 848 3165 corrtremiscere,
862 3113 941 3169 onos
952 3104 1070 3159 certum
1157 3099 1282 3163 Octavo.
1298 3098 1370 3178 Pap.
1386 3096 1640 3160 Pii.incredibili
1657 3098 1770 3159 matitia
1786 3098 1833 3160 rel
1846 3098 1983 3162 inscitia.

203 3189 252 3244 est
267 3183 487 3246 Paenitentiam
505 3196 672 3254 numanam
687 3183 823 3240 acturos:
850 3179 889 3240 de
905 3196 963 3256 qua
977 3181 1068 3242 etiam
1113 3200 1151 3246 ex
1166 3201 1235 3246 can.
1251 3181 1284 3243 i.
1300 3198 1382 3243 sess.
1400 3182 1450 3243 ii.
1468 3179 1592 3243 concilii
1620 3179 1776 3242 tridentini
1804 3182 1983 3243 liernnitins

204 3280 239 3327 re
254 3282 313 3327 suo
330 3268 400 3328 loco
416 3267 568 3328 dicemus.
585 3262 623 3324 tt
637 3261 811 3322 ilemuilius
826 3278 863 3322 er
887 3264 990 3340 capite
1011 3281 1070 3326 suo
1114 3266 1244 3345 colligit,
1263 3271 1357 3328 totum
1374 3264 1566 3339 evangelium
1583 3280 1620 3325 cr
1635 3263 1824 3325 Paenitentia
1842 3283 1858 3324 n
1875 3267 1982 3325 cathri-

202 3349 243 3408 ita
260 3350 386 3411 concilii
402 3348 584 3410 sententiam
601 3346 738 3420 exponit:
763 3345 802 3406 Pr
831 3349 968 3407 terrores
997 3349 1068 3425 pui-
1114 3347 1277 3413 ticistotli:
1296 3345 1574 3424 (luendamque.
1596 3353 1735 3426 quartus
1763 3363 1873 3409 canon
1898 3364 1982 3409 ana·

203 3431 289 3496 dem.
307 3431 418 3509 inquit,
436 3432 537 3494 aDeo
547 3444 624 3492 noce
636 3428 714 3502 lepis
728 3429 948 3490 conscientiae
959 3430 1067 3491 incus·
1112 3433 1249 3496 mentale
1263 3432 1401 3496 damnat
1426 3443 1490 3493 eos.
1518 3429 1576 3509 qui
1598 3428 1711 3491 dierunt
1734 3429 1837 3506 sideni
1867 3447 1980 3492 cance-

204 3530 271 3574 sos:
286 3515 361 3577 ideo
372 3515 490 3578 nolunt
505 3529 571 3576 esse
595 3517 722 3587 partem
737 3509 972 3577 Paenitentiam.
988 3514 1069 3590 quia
1110 3522 1204 3595 plum
1219 3531 1261 3577 ere
1276 3513 1456 3590 eoanpelio.
1471 3513 1523 3573 oct
1543 3511 1757 3581 absolutione,
1782 3529 1851 3590 qun
1874 3517 1979 3574 credit

202 3599 431 3660 contritionem
444 3598 556 3660 notant
573 3611 639 3656 csse
654 3591 799 3655 dotorem
812 3595 996 3658 voluntarie
1008 3613 1068 3674 pro
1110 3600 1183 3680 quis
1197 3597 1259 3660 sibi
1270 3613 1330 3676 per
1347 3596 1505 3658 clurinum
1519 3595 1655 3657 remissa
1670 3611 1737 3656 esse
1751 3601 1904 3672 peccata.
1920 3613 1975 3657 nc-

200 3681 342 3756 peccalis
368 3688 538 3761 tamqnam
559 3678 739 3741 uindictam
768 3685 980 3754 manantem.
1011 3681 1070 3758 qni
1110 3682 1287 3744 cessarium
1301 3685 1429 3758 partem
1454 3693 1520 3738 esse
1547 3677 1770 3740 Paenitentiae
1795 3680 1841 3740 ad
1870 3695 1983 3741 consr-
2039 3705 2040 3752 ι

202 3761 263 3824 troc
278 3779 375 3842 opere
388 3769 613 3842 promereatur
633 3760 893 3821 misericordiam
915 3761 983 3822 Pei.
1006 3766 1067 3826 sed
1110 3765 1277 3845 quendem
1290 3763 1514 3824 remissionem
1527 3765 1746 3837 peccatorum·
1773 3763 1857 3840 quid
1880 3763 1977 3824 atiud

202 3845 351 3908 mentitur
366 3846 396 3907 in
413 3855 506 3924 eaput
520 3861 622 3917 suum,
639 3858 700 3903 noo
718 3841 800 3904 euim
822 3843 989 3905 concilium
1015 3863 1066 3906 ns·
1113 3845 1541 3926 lacitqunmquodtotnm
1565 3843 1769 3920 eocnpelinm
1794 3861 1838 3906 ea
1864 3843 1981 3905 Poeni·

199 3933 298 4004 nuam'
309 3928 620 3992 dixilsconlritionem
636 3940 707 3986 esse
719 3941 799 4002 opus
814 3926 1003 3987 meritorium
1016 3945 1063 3989 re·
1111 3932 1215 3993 tentia
1229 3928 1354 3999 tollit,ct
1368 3927 1477 4003 ipsum
1487 3941 1599 3987 nocem
1611 3927 1981 4005 eeanpetiiproprioru.
2039 3999 2040 4008 χ

197 4010 360 4072 missionis
373 4019 583 4087 peccalorum.
600 4008 656 4070 sed
673 4013 778 4070 contra
795 4008 898 4086 potius
923 4026 1004 4070 sess.
1028 4011 1059 4072 9.
1109 4015 1192 4076 sicut
1206 4028 1228 4074 a
1241 4007 1546 4090 propnettsdttmsro
1563 4015 1591 4070 et
1606 4009 1760 4087 apostolis
1776 4012 1902 4071 tradite
1924 4017 1980 4077 est.

198 4106 313 4154 canon.
329 4092 361 4154 8.
378 4097 504 4158 disertis
520 4091 622 4155 verbis
637 4090 863 4166 pronunciarit,
881 4090 952 4154 idco
967 4095 1062 4171 gratis
1106 4097 1262 4158 damnat?
1277 4093 1311 4153 nt
1325 4109 1396 4172 pag.
1413 4091 1484 4152 nto.
1503 4089 1585 4166 Quid
1599 4091 1764 4169 reliquarm
1787 4094 1848 4154 crit
1873 4111 1973 4154 ecan-

195 4190 253 4252 per
265 4175 421 4238 Christum
439 4195 495 4240 nos
506 4171 670 4256 justilicari
684 4175 855 4236 secondom
869 4174 1061 4253 Apostolum,
1105 4179 1244 4256 paliari
1259 4177 1351 4238 tollas
1366 4175 1444 4237 inde
1460 4174 1629 4245 coriscum,
1647 4172 1746 4249 iidem
1756 4177 1793 4237 in
1811 4173 1975 4238 Cirris-turn

194 4257 267 4334 noia
282 4258 359 4319 nihil
372 4276 479 4322 eorum
491 4277 574 4337 auae
587 4255 844 4336 justificationem
858 4260 1061 4336 praecedunt,
1107 4267 1135 4322 et
1148 4261 1372 4324 remissionem
1386 4265 1604 4336 peccatorum,
1622 4273 1708 4339 quoe
1722 4255 1785 4334 lide
1799 4275 1861 4335 per
1885 4261 1975 4319 illiri-

194 4340 260 4402 sire
275 4339 366 4414 tides,
384 4342 448 4417 sire
463 4343 675 4422 opero,ipsam
688 4341 919 4421 justificationis
934 4343 1061 4421 gratiam
1102 4352 1188 4407 stum
1204 4339 1388 4419 accipitur?
1398 4346 1427 4403 et
1445 4348 1553 4402 tamen
1566 4339 1781 4402 tridentinam
1793 4342 1977 4402 concilium

193 4432 421 4501 promerentur.
1106 4433 1316 4490 annueretur
1330 4422 1537 4486 anathemate
1553 4425 1725 4490 darnncrc,
1742 4429 1771 4484 si
1785 4425 1859 4504 quis
1882 4425 1977 4486 dine·

235 4504 819 4584 Etoniaconciliumsicnepatsrdem
844 4514 963 4586 partem
988 4524 1060 4573 csse
1105 4511 1159 4577 rit.
1188 4513 1315 4588 partem
1344 4506 1565 4568 Paenitenlioe
1594 4522 1661 4566 esse
1687 4503 1785 4582 tidem
1810 4523 1854 4568 aas
1880 4523 1977 4567 erari·
2039 4509 2040 4568 l

191 4587 415 4664 Poenitentiae,
433 4599 465 4652 ut
480 4598 582 4654 tamen
597 4593 635 4654 ad
652 4591 873 4654 Paenitentiam
890 4591 983 4653 fidem
1006 4610 1061 4656 ne·
1104 4593 1188 4671 pelio
1203 4595 1401 4670 conceptam,
1420 4605 1487 4668 qua
1502 4590 1574 4668 peris
1596 4589 1698 4650 credit
1720 4587 1781 4649 sibi
1801 4606 1862 4668 per
1889 4590 1978 4650 Glari·

190 4673 360 4734 cessariam
376 4690 449 4735 esse
464 4675 626 4742 concedat.
639 4683 669 4739 ct
685 4675 819 4752 theutopi
836 4674 931 4738 tidem
950 4673 1060 4737 Poeni·
1103 4675 1347 4745 stmnreimissa
1363 4687 1429 4735 csse
1440 4677 1584 4748 peccato.
1601 4671 1634 4730 Pl
1647 4687 1716 4749 pap.
1730 4671 1977 4750 ‘ltiddperpe-

189 4754 802 4822 tentiaetundenrentomessedoccant:
819 4757 1057 4838 explicalllem·
1104 4766 1217 4831 tnnm,
1247 4757 1368 4836 inquit,
1393 4755 1443 4816 rei
1469 4755 1660 4816 memoriam
1687 4761 1801 4816 nolunt
1824 4755 1978 4817 silueree

189 4837 288 4898 nitius
304 4846 440 4900 mantem
458 4840 582 4902 concilii
595 4859 631 4903 ac
647 4841 861 4911 theologorum
877 4843 927 4902 tris
941 4843 1057 4917 verbis:
1103 4839 1267 4903 Ecclesiae
1299 4839 1356 4900 Pei
1388 4838 1567 4900 concilium
1598 4837 1812 4898 tridentinum
1837 4841 1976 4914 promil-

193 4917 580 4999 Qnondo-diountiidem
593 4925 928 5003 esseiundamcntum
941 4924 1058 4986 Poeni·
1103 4931 1168 4986 tcre
1199 4920 1422 4984 Paenitentiac
1449 4919 1752 4982 reconciliationem
1779 4936 1855 4981 cunr
1883 4921 1977 4986 Deo.

188 5004 327 5075 tentiae,
342 5005 1069 5082 intellipnnttalemnersuasionenrrsiartic!
1102 5013 1133 5069 et
1157 5005 1381 5068 remissionem
1407 5011 1644 5082 peccatorum.
1674 5003 1745 5064 sinc
1766 5001 1856 5078 tide.
1888 5021 1979 5083 quae

187 5101 246 5148 nes
261 5085 340 5147 iilos
354 5085 577 5151 Paenitentiae
592 5109 614 5153 a
634 5090 817 5166 Pontificiis
836 5092 1058 5169 praescriptos
1099 5090 1233 5168 rpeidem
1266 5103 1323 5149 ems
1343 5087 1513 5165 aucupetio
1546 5092 1704 5164 concepta
1736 5088 1801 5152 sil.
1837 5092 1868 5146 et
1901 5105 1974 5167 qua

188 5170 264 5247 anis
282 5172 459 5247 susceperit
472 5181 501 5233 et
513 5176 733 5250 praestiterit,
750 5177 840 5251 quod
863 5175 930 5237 illis
955 5177 1054 5237 actio·
1101 5172 1175 5252 quis
1191 5171 1302 5233 credat
1315 5186 1377 5246 per
1401 5169 1561 5232 Christum
1581 5167 1645 5230 sibi
1662 5177 1799 5248 peecata
1819 5173 1977 5232 remissa.

186 5251 286 5314 nibus
303 5252 452 5329 impetret
464 5255 597 5318 ueniam
621 5262 832 5336 peccatoram
858 5264 887 5320 et
909 5259 1055 5320 reconci·
1100 5255 1183 5318 Haec
1199 5254 1264 5315 ille:
1282 5246 1477 5332 quiquidem
1494 5259 1554 5313 tam
1572 5251 1731 5330 pueriliter
1747 5259 1837 5324 errari,
1869 5259 1905 5313 nt
1929 5272 1979 5314 mc

188 5331 287 5396 tietur·
303 5333 413 5409 Peo,·et
426 5336 486 5398 lroc
499 5345 545 5400 est
558 5341 649 5418 qnod
662 5341 778 5404 dicent
788 5340 889 5419 iidem
900 5357 967 5404 csse
977 5342 1054 5419 sun·
1101 5354 1177 5400 saue
1193 5337 1309 5416 pudeat
1322 5335 1401 5397 haee
1416 5341 1476 5396 tam
1491 5335 1569 5396 leuia
1586 5333 1765 5408 refutarent
1780 5351 1841 5395 uon
1862 5353 1976 5414 parum

186 5415 381 5481 dementem
390 5419 623 5486 Paeniteat-iae.
639 5427 675 5486 tt
688 5426 781 5502 longe
806 5424 894 5484 aliler
916 5432 1050 5484 mentem
1106 5419 1266 5488 tiemnilii
1283 5418 1422 5498 quamvis
1438 5417 1617 5486 adversarii,
1635 5416 1791 5478 miserear.
1818 5416 1931 5496 licque
1947 5437 1978 5479 e·

181 5510 271 5558 suam
289 5498 574 5576 ipsumcoucilium
589 5508 733 5584 explicet:
749 5506 796 5567 sic
808 5506 892 5568 enim
915 5504 1051 5582 loquitur
1107 5505 1170 5566 nim
1187 5500 1354 5580 concilium
1369 5505 1473 5578 negat,
1490 5499 1581 5562 tidem
1608 5517 1646 5562 ex
1672 5500 1833 5576 cvangelio
1861 5519 1978 5563 concc-

182 5593 267 5640 scss.
285 5579 317 5642 o.
332 5599 402 5662 cap.
417 5583 449 5647 o.
467 5586 519 5647 ubi
534 5589 659 5665 exponit
672 5604 766 5664 auem
781 5588 884 5650 locum
901 5586 979 5648 tides
996 5589 1055 5650 hn·
1107 5591 1188 5665 ptam
1206 5585 1243 5647 ad
1259 5583 1482 5646 Paenitentiam
1497 5599 1569 5646 osse
1584 5583 1806 5644 necessariam:
1835 5587 1891 5645 scd
1923 5603 1978 5644 nc·

184 5661 258 5722 beat
274 5660 305 5733 in
321 5667 445 5743 negotio
467 5667 708 5747 justillcationis:
736 5668 974 5746 reponerem,
1004 5672 1050 5732 in·
1105 5675 1166 5748 gat,
1184 5675 1247 5729 tum
1263 5667 1355 5730 iidem
1373 5674 1489 5744 partem
1506 5681 1580 5726 esse
1594 5665 1818 5730 Paenitentiac.
1843 5683 1915 5727 cum
1943 5686 1977 5728 nn

185 5746 265 5822 quit,
285 5748 450 5824 adipsum
465 5751 639 5829 justitiam,
666 5754 747 5816 duur
770 5753 907 5815 excitati
932 5750 1051 5816 diuino
1105 5751 1208 5832 potius
1224 5749 1270 5829 (ut
1293 5765 1385 5829 supra
1411 5747 1561 5831 diximus)
1590 5749 1814 5814 Paenitentiam
1842 5751 1978 5830 pignum
