4084 6275
825 362 923 423 ubtttt
940 364 1114 425 SECUNDUS
1715 368 1763 425 121

63 502 96 559 et
106 496 245 559 solidam
257 496 360 576 posuit
369 496 533 559 eonsilium
544 494 739 564 florentinum
753 507 785 565 et
799 498 934 563 trioentt-
978 499 1012 561 iu
1028 499 1129 563 merliu
1143 498 1213 563 libri
1228 514 1296 578 oap.
1311 498 1350 563 de
1365 494 1600 561 Conllrmatione
1621 496 1705 573 dioit,
1736 516 1836 565 senon

61 594 156 654 num,
172 596 267 660 supra
288 580 424 642 eitutum.
452 581 487 640 tt
513 578 685 643 liemultius
712 584 834 664 explosa
862 598 933 645 rera
977 580 1123 645 damnare
1136 589 1256 661 septem
1270 581 1528 654 sacramentased
1541 584 1655 645 tantum
1678 597 1790 663 negare
1802 601 1838 647 ea

61 676 193 738 oaossa,
209 662 403 743 amplectitur
415 662 503 735 istam
515 663 756 742 congruentiam,
769 672 802 730 ot
812 662 933 730 solidis·
977 666 1192 744 exscriptoris
1218 664 1339 743 probari
1355 679 1459 741 posse.
1486 663 1522 729 tt
1536 678 1598 725 non
1614 663 1694 727 bene
1709 666 1769 727 boo
1784 680 1837 729 oo·

60 745 178 806 simam
201 747 363 809 rationem.
796 754 802 763 “
977 747 1085 809 haeret
1098 764 1168 811 oum
1182 748 1267 810 initio
1283 746 1364 820 libri,
1380 745 1433 808 ubi
1450 744 1535 811 dicit.
1546 746 1684 823 neganda
1700 762 1772 811 esse
1787 764 1836 811 se·

101 826 281 891 Ostendam
293 828 387 907 igitur
401 830 432 889 et
444 826 525 891 bano
536 826 683 890 rationem
699 846 761 894 non
776 847 847 894 esse
860 828 932 892 soli·¹
976 833 1071 907 ptem,
1089 835 1120 892 et
1133 830 1187 892 tria
1204 829 1356 909 ponenda:
1373 844 1434 890 non
1451 827 1533 890 enim
1558 828 1641 890 aliud
1655 835 1702 891 ost
1714 829 1836 891 damua-

59 907 148 971 dam.
165 911 241 973 liam
255 913 288 972 in
303 910 411 989 primis
424 909 517 971 bomo
544 926 606 973 uon
620 910 721 974 solum
745 930 803 991 per
815 912 933 990 Baptis-
976 927 1021 985 re,
1039 912 1119 974 aliud
1135 926 1247 991 negare
1262 917 1381 989 septem
1396 911 1644 977 saoramenla.lix
1658 910 1833 989 baosinoon·

57 1006 161 1065 mum,
177 994 237 1056 sed
252 994 345 1057 etiam
355 1008 410 1072 per
419 991 512 1054 iidem
528 1036 537 1060 ,
552 997 584 1053 et
595 992 723 1055 uerbum
736 996 789 1058 Dei
804 1012 932 1074 genera·
975 998 1084 1057 stantia
1107 994 1232 1058 Lutberi
1256 1002 1344 1057 natae
1372 999 1445 1055 sunt
1471 993 1570 1059 variae
1592 994 1833 1057 lutheranorum

56 1078 110 1136 tur
123 1076 340 1154 spiritualiter,
355 1081 389 1136 ut
401 1073 564 1136 adversarii
584 1077 758 1140 concedunt
773 1125 782 1153 ,
805 1086 836 1142 et
849 1082 932 1157 patet
974 1081 1066 1154 alque
1080 1076 1209 1140 aliomm
1224 1076 1448 1139 haeretieorum
1474 1074 1656 1150 sententiae,
1672 1093 1749 1154 quas
1764 1076 1834 1141 bre·

57 1171 98 1218 ex
113 1157 226 1232 Panto,
242 1159 273 1219 1.
285 1158 421 1221 corinth.
435 1154 467 1218 1.
489 1156 552 1219 Per
575 1160 779 1237 euangelium
796 1176 854 1241 ego
873 1176 931 1224 oea
974 1158 1050 1221 riter
1063 1159 1262 1221 enumerabo.
1650 1222 1653 1231 ,

59 1242 181 1317 penui·
197 1246 228 1303 et
243 1238 532 1303 tamenbdeiaetus
555 1245 588 1300 et
598 1242 765 1305 oonoiones
776 1259 872 1322 saepe
883 1260 929 1306 re·
1013 1241 1111 1303 Prima
1137 1242 1229 1319 igitur
1257 1247 1315 1314 est,
1332 1244 1552 1303 unumtantum
1575 1254 1645 1303 esse
1660 1256 1833 1305 sacramen·

57 1324 388 1399 petuntur.Praeterea
402 1320 679 1392 Seoundo,etiamsi
694 1325 850 1401 generatio
861 1342 929 1389 eor·
973 1327 1048 1395 turn,
1062 1326 1209 1401 quamvis.
1225 1325 1310 1403 plura
1332 1324 1394 1385 sint
1419 1322 1650 1385 sacramentalia
1675 1323 1774 1401 signa.
1790 1324 1834 1387 Ita

56 1406 181 1481 ponatis
195 1423 258 1468 una
270 1412 385 1467 tantum
399 1402 440 1464 sit
451 1404 643 1475 naturaliter,
665 1410 766 1469 tamen
777 1424 930 1486 superna·
971 1404 1123 1469 Lutberus
1138 1408 1207 1469 loeo
1222 1407 1324 1469 ritato.
1339 1405 1399 1469 Sed
1426 1420 1489 1467 nou
1505 1404 1612 1465 babuit
1635 1404 1666 1465 in
1696 1406 1753 1467 bae
1768 1408 1834 1484 opi·

56 1488 204 1550 toraliter
228 1494 333 1567 potest
345 1486 455 1564 repeti,
481 1484 575 1549 immo
599 1486 702 1566 reipsa
724 1496 879 1569 repetetur
894 1492 926 1553 in
970 1489 1066 1552 uione
1079 1494 1246 1553 sectatores
1263 1507 1270 1549 :
1289 1504 1395 1551 omnes
1410 1488 1491 1550 enim
1514 1484 1564 1549 alii
1582 1486 1667 1563 pluro
1690 1499 1832 1566 ponunt,

55 1571 305 1643 resurreetione,
330 1586 422 1648 quam
447 1566 595 1630 llominos
619 1574 707 1632 noent
721 1575 927 1650 regeneratio·
971 1577 1002 1633 ot
1015 1573 1187 1635 seeundum
1200 1588 1290 1635 usum
1302 1571 1476 1649 Soriptnrae
1492 1584 1526 1631 eo
1539 1582 1655 1645 ponere
1667 1584 1702 1631 se
1713 1577 1833 1647 putant.

56 1666 146 1724 nem,
162 1653 270 1715 ilaub
289 1652 338 1714 lil.
355 1650 429 1712 Cum
441 1665 515 1727 ergo
529 1650 756 1729 Baptismussit
768 1656 925 1731 generatio
1011 1652 1153 1717 Secunda
1169 1655 1276 1733 opinio
1288 1661 1336 1717 est
1347 1664 1464 1727 eorum,
1481 1652 1532 1728 pui
1546 1656 1661 1713 tantum
1683 1652 1744 1715 duo
1770 1671 1826 1719 nu·

57 1735 320 1812 supernaturalis,
338 1734 411 1813 quid
426 1731 580 1812 probibet.
596 1749 667 1796 eom
682 1736 800 1813 repetit
812 1738 924 1812 lertio,
970 1742 1089 1798 merant
1110 1742 1299 1800 sacramenta
1327 1736 1450 1814 proprie
1475 1735 1572 1803 diota,
1603 1733 1788 1813 Baptismum
1803 1744 1834 1801 et

56 1816 183 1878 etiamsi
199 1817 358 1898 generatio
369 1815 541 1896 eorporalls
555 1815 644 1878 nullo
659 1816 750 1880 modo
762 1824 924 1894 possetre·
968 1816 1203 1891 lluobaristiam.
1216 1820 1316 1897 iluna,
1339 1824 1373 1880 ιιι
1387 1817 1459 1891 diri,
1489 1816 1640 1879 lutherus
1663 1816 1830 1893 indicavit,

55 1899 134 1974 peti,
152 1906 335 1963 tamennon
350 1898 458 1961 eadem
472 1902 521 1961 est
533 1898 609 1961 ratio
621 1898 788 1977 spiritualis
798 1918 924 1979 genera·
968 1899 1000 1961 in
1014 1901 1071 1965 lib.
1085 1902 1124 1965 de
1136 1909 1216 1985 oapt.
1232 1902 1337 1981 Babyt.
1353 1901 1438 1963 idom
1453 1898 1726 1976 sensitvlrtlippus
1741 1900 1771 1961 in
1789 1902 1831 1963 io·

56 1980 164 2043 tionis.
177 1982 254 2045 llam
266 1988 302 2064 ut
322 1996 405 2044 mors
418 1980 586 2059 corporalis
606 1998 667 2043 una
683 1988 797 2045 tantum
813 1990 870 2053 est,
884 1985 925 2047 ita
967 1982 1014 2045 eis
1028 1985 1100 2046 anni
1116 1985 1167 2047 21.
1183 1991 1215 2048 ιιι
1227 1984 1279 2045 2-2.
1303 2000 1371 2061 eap.
1388 1984 1426 2045 de
1439 1982 1550 2061 signis.
1567 1980 1617 2043 ubi
1649 1982 1750 2043 solum
1775 1983 1830 2047 istu

54 2064 202 2127 nativitas
227 2064 407 2145 corporalis.
422 2062 459 2125 tt
473 2078 556 2125 mors
579 2063 747 2139 spiritualis
762 2066 923 2144 multiplex
967 2064 1028 2128 duo
1043 2067 1270 2146 agnoseitltem
1286 2066 1426 2147 Illyrious
1441 2065 1471 2127 in
1490 2062 1691 2127 Conlessioue
1705 2064 1831 2129 intuer-

54 2153 116 2221 est,
132 2155 167 2209 ut
179 2153 275 2226 patet:
293 2164 349 2210 our
361 2146 454 2226 igitur
468 2162 529 2207 non
544 2146 644 2224 possit
657 2148 747 2211 etiam
764 2149 924 2227 multiplex
967 2146 1079 2223 piensi,
1096 2168 1165 2230 oap.
1180 2152 1230 2212 il.
1246 2151 1285 2212 de
1300 2146 1509 2215 sacramentis,
1527 2153 1636 2221 et'oap.
1653 2145 1701 2209 18.
1716 2148 1755 2210 de
1770 2148 1829 2210 tu-

54 2244 129 2291 esse
154 2230 326 2307 spiritualis
349 2228 525 2308 generatio?
548 2228 672 2302 Quarto,
689 2228 845 2295 Ordinatio
860 2248 921 2295 non
967 2230 1131 2295 solutione.
1147 2232 1288 2295 Nicotaus
1310 2231 1513 2295 Selneeoerus
1544 2232 1573 2290 in
1599 2229 1630 2290 2.
1659 2246 1725 2305 par.
1755 2248 1831 2294 suae

56 2318 104 2372 est
118 2314 293 2391 generatio,
310 2317 340 2375 et
354 2319 455 2373 tamen
471 2327 533 2374 nou
546 2316 646 2389 potest
657 2312 920 2391 repetitionibus,
966 2312 1185 2393 paedagogtae.
1202 2332 1269 2393 erp.
1283 2314 1321 2377 de
1336 2310 1548 2381 sacramentis.
1563 2317 1593 2373 et
1607 2310 1780 2377 ilemnitius
1798 2312 1830 2375 in
1951 2336 1955 2341 ·

56 2394 109 2471 qui
125 2394 199 2457 sine
213 2393 275 2456 ilde
290 2395 480 2474 baptizantur
496 2439 504 2466 ,
520 2408 624 2458 rerem
652 2410 714 2457 non
737 2410 921 2474 regenerari·
965 2394 997 2456 2.
1013 2408 1079 2472 par.
1095 2395 1259 2471 litaminis,
1273 2412 1343 2475 oop.
1360 2396 1398 2459 do
1412 2410 1539 2457 numero
1554 2402 1825 2472 sacramentorum,

59 2484 121 2549 tur,
137 2481 170 2538 et
194 2483 296 2540 tamen
312 2476 492 2555 rebaptizari
516 2491 578 2537 non
592 2482 734 2553 possunt:
758 2485 789 2539 et
802 2487 919 2551 eontra,
965 2494 1037 2555 pag.
1056 2476 1106 2541 12.
1122 2485 1153 2540 et
1164 2480 1378 2558 sequentibus.

55 2557 108 2635 qui
123 2564 199 2621 sunt
211 2560 386 2639 regenerati
410 2564 481 2621 ente
493 2557 679 2636 Baptismum
702 2576 757 2637 per
770 2560 873 2631 fldem,
890 2570 922 2625 et
1005 2560 1103 2622 'tertia
1115 2561 1220 2639 opinio
1232 2567 1280 2623 est
1293 2560 1475 2637 eorumpnui
1501 2558 1554 2620 tria
1570 2563 1756 2621 sacramenta
1772 2576 1829 2623 nn·

57 2642 325 2716 contritionem,et
337 2640 525 2705 desiderium
539 2640 704 2720 baptismi,
720 2642 920 2709 nihilominus
964 2640 1094 2713 merant,
1110 2642 1531 2721 Baptismum,liurbaristinm
1547 2646 1577 2703 et
1593 2640 1824 2705 poenitentiam.

56 2729 165 2799 postea
178 2724 382 2803 baptizantur,
398 2731 433 2787 ut
446 2730 530 2802 patet
543 2723 583 2786 de
597 2722 917 2798 eornetiomatorro
963 2723 1047 2786 Haeo
1061 2730 1108 2787 est
1130 2725 1331 2799 eommunior,
1354 2732 1384 2787 et
1404 2723 1505 2802 magis
1524 2731 1646 2799 reoepta
1673 2720 1754 2801 apud
1766 2724 1825 2787 Lu·

57 2804 122 2867 lou
137 2806 234 2888 igitur
246 2808 299 2871 illa
313 2812 362 2872 est
375 2806 465 2870 ratio.
965 2807 1122 2871 lberanos.
1140 2807 1212 2869 llam
1228 2806 1379 2887 inprimis
1399 2805 1552 2869 Lutberus
1582 2804 1700 2869 etiamsi
1726 2806 1824 2885 rigide

963 2887 1026 2952 duo
1042 2894 1243 2953 tantumesse
1257 2888 1397 2959 noluerit,
1420 2888 1451 2949 in
1465 2888 1519 2949 lib.
1550 2887 1588 2949 de
1616 2893 1696 2965 capt.
1719 2889 1824 2969 ltabgt.

962 2972 1064 3034 tamen
1080 2972 1171 3035 etiam
1186 2973 1241 3036 tria
1258 2987 1328 3036 esso
1340 2971 1414 3035 dixit
1429 2969 1555 3040 ibidem,
1572 2974 1603 3031 et
1618 2970 1675 3031 boe
1702 2986 1826 3051 semper

961 3062 1069 3132 postea
1083 3055 1236 3132 repetivit,
1252 3061 1285 3118 ιιι
1299 3070 1378 3117 anno
1390 3052 1441 3117 21.
1458 3053 1488 3115 ιιι
1505 3052 1560 3114 lib.
1590 3051 1627 3112 acl
1652 3051 1822 3131 Pragenses

248 3106 642 3207 cottrnovltrtsrt
672 3122 769 3210 lt·
855 3211 863 3225 Ι
961 3134 1214 3202 reinsumimus
1237 3138 1407 3209 ministris,
1432 3141 1558 3200 alanno
1588 3133 1688 3198 anm
1714 3134 1824 3200 trama

961 3220 1055 3284 missa
1065 3221 1190 3300 privata,
1213 3227 1244 3284 et
1258 3222 1394 3300 denique
1407 3235 1489 3282 anno
1504 3215 1555 3278 15.
1578 3217 1630 3296 qui
1646 3215 1701 3280 iuit
1715 3222 1823 3296 penul·

353 3326 356 3331 ¹
478 3373 486 3388 ,
567 3376 570 3380 ³
960 3302 1053 3366 timus
1068 3304 1145 3366 ritae
1167 3304 1277 3384 ipsius,
1300 3299 1331 3366 in
1347 3301 1570 3366 assertionibus
1600 3305 1703 3372 eontra
1729 3300 1822 3364 Lora·

75 3371 138 3456 De
152 3398 317 3458 munero
333 3381 381 3457 el'
388 3369 532 3456 ordine
545 3380 900 3456 sacramentorum.
960 3385 1099 3450 aienses.
1115 3387 1166 3449 Sio
1177 3386 1258 3450 enim
1274 3382 1508 3450 hebetassertlo
1523 3382 1823 3458 seruantissimum
1842 3436 1846 3444 ,

534 3521 537 3528 .
895 3495 899 3506 ·
965 3483 1042 3534 com
1053 3469 1171 3532 uirtute
1182 3469 1324 3533 stamma
1337 3467 1570 3539 absolventium
1582 3473 1823 3532 sacromentum

958 3549 1094 3615 liberator
1107 3550 1311 3630 eonfitemur:
1344 3549 1442 3614 hobel
1467 3549 1554 3612 enim
1575 3548 1825 3626 promissionem

96 3636 320 3703 θοιιιιοιιοιιια
332 3639 459 3721 ignaue
472 3640 718 3704 ealdenomero
730 3655 914 3704 aoeromea·
959 3638 990 3695 et
1002 3632 1102 3712 (idem
1122 3635 1332 3714 remissionisv
1344 3636 1551 3712 peccotontm
1569 3636 1701 3708 propter
1714 3657 1718 3664 ·
1731 3631 1817 3694 Citri-

54 3721 172 3792 lonun.
189 3730 333 3803 quotuor
358 3721 488 3785 babebit
503 3727 626 3802 portes.
651 3723 731 3786 born
744 3723 845 3786 Primo
860 3740 917 3786 em·
957 3721 1054 3780 otton.
1068 3715 1152 3778 idem
1168 3716 1283 3780 liabent
1297 3716 1360 3778 lere
1376 3730 1485 3778 omnes
1500 3712 1677 3774 eateelrismi
1707 3711 1820 3776 Lutbe·

51 3816 214 3878 ponemus
224 3805 460 3868 hamaicorum
479 3806 665 3868 sonnatius.
682 3805 825 3867 seeundo
838 3821 913 3881 pro·
957 3813 1113 3867 ranorum.
1126 3801 1159 3862 ut
1172 3799 1378 3862 catechismus
1393 3793 1537 3876 Philippi,
1549 3795 1675 3868 Brentii,
1703 3801 1733 3856 ot
1748 3797 1820 3860 alio·

54 3883 203 3949 bebimus
230 3887 392 3950 Ecclesiae
415 3887 594 3950 ootltolioo'e
612 3889 790 3951 trembleio.
812 3886 914 3951 Tertio
958 3882 1126 3944 rumrltem
1148 3881 1216 3943 libri
1233 3881 1369 3950 rituales,
1385 3896 1439 3942 seu
1462 3878 1599 3960 agendae
1621 3878 1771 3954 ipsorum,
1790 3885 1821 3942 et

52 3967 442 4049 resetlemttoorpumortto
455 3969 844 4044 odooraorioratm.iluorto
855 3973 915 4033 ocl-
954 3963 1094 4043 'denique
1109 3962 1249 4045 apologia
1266 3961 1686 4038 Contesstonistugustanae.
1701 3961 1814 4024 aetii.

54 4049 167 4114 ἀειιιιιι
178 4069 241 4131 per
253 4055 388 4116 modom
401 4055 593 4134 appellativis
605 4053 914 4134 otigoidrleoreia'aa
999 4045 1057 4108 tibi
1072 4047 1237 4110 notandum
1253 4052 1311 4120 est,
1338 4043 1493 4125 Illyrio-om
1516 4043 1737 4104 etitemnitium
1755 4057 1816 4108 non

54 4140 349 4199 sacramentorum.
959 4143 1053 4206 posse
1068 4129 1219 4194 deiendia
1235 4126 1415 4206 periurio,et
1428 4126 1603 4188 detentione
1618 4143 1633 4186 a
1646 4124 1818 4188 contessio-

959 4227 1000 4272 ne
1014 4211 1201 4290 Argustana.
1216 4211 1289 4274 liam
1306 4218 1337 4274 ut
1353 4199 1443 4272 reiert
1456 4207 1635 4282 rtrmanpus
1646 4207 1818 4272 Hesbusius

958 4292 990 4354 in
1004 4293 1060 4356 lib.
1076 4295 1115 4356 de
1129 4295 1304 4373 praesentia
1318 4291 1457 4372 eorporis
1477 4290 1589 4356 Christi
1603 4288 1633 4351 in
1647 4306 1755 4363 coena,
1767 4290 1817 4360 ju·

362 4391 483 4456 cgpug
502 4391 613 4454 ιιιιιιι,
958 4381 1028 4438 rant
1039 4391 1147 4440 omnes
1168 4376 1249 4454 apud
1264 4375 1453 4440 Lulberanos
1468 4373 1499 4434 in
1514 4373 1613 4435 ¹rerba
1626 4371 1767 4435 Coniess.
1784 4378 1815 4434 et

556 4501 560 4508 -
957 4459 1128 4538 apologiae,
1145 4459 1197 4538 qui
1214 4461 1429 4537 promoventur
1441 4456 1479 4550 ab
1499 4455 1624 4550 gradus,
1648 4455 1702 4550 uel⁸
1717 4461 1817 4536 pasto·

179 4604 264 4683 ι...
277 4608 587 4679 ......
601 4609 789 4673 amm
956 4542 1362 4703 intentabantur}
1377 4539 1522 4700 tilla?
1537 4554 1568 4681 ι
1582 4535 1816 4682 ittarta

340 4716 632 4777 sacramentorum.
958 4704 988 4768 2.
1006 4722 1071 4785 par.
1088 4707 1253 4782 litaminis,
1267 4724 1336 4787 pag.
1351 4705 1402 4768 11.
1416 4711 1445 4766 et
1458 4701 1531 4765 903.
1548 4702 1720 4781 apologiam
1736 4701 1814 4764 Gon·

956 4787 1103 4852 tassionis
1117 4791 1201 4867 largo
1217 4789 1307 4852 modo
1334 4788 1506 4868 appellasse
1529 4785 1749 4848 Poenitentiam
1766 4801 1813 4846 sa·

90 4939 156 5012 Quo
170 4936 209 5001 ad
225 4937 368 5018 primum,
383 4941 549 5007 adversarii
564 4945 644 5006 inter
657 4961 692 5008 se
707 4943 834 5008 multum
847 4942 909 5006 (lis-
955 4878 1163 5022 ggfflgffi't
1175 4871 1819 5029 ggflrggzdonffliavssffnffingpooflfngeiaslfflggt

52 5023 189 5083 sentiunt
203 5020 242 5085 de
256 5039 384 5087 numero
399 5033 673 5104 sacramentorum,
690 5027 803 5105 quibus
815 5028 912 5088 omni·
956 5036 1035 5098 hago
1048 5035 1151 5099 verba:
1167 5035 1418 5102 &sacramenia
1429 5047 1582 5096 vocamus
1592 5032 1748 5111 nmque
1758 5031 1816 5094 ια.

50 5102 108 5166 bus
122 5107 202 5165 riam
217 5108 321 5168 stravit
335 5105 489 5172 Lotberus
503 5109 535 5172 in
550 5109 606 5172 ltb.
623 5111 661 5173 de
677 5110 785 5187 oaplir.
802 5109 908 5188 Babil.
958 5115 1032 5182 bant
1044 5117 1102 5182 Det
1111 5119 1355 5193 mammet
1369 5117 1484 5196 quibus
1499 5113 1671 5178 galaadita
1682 5116 1819 5193 promis·

49 5185 119 5248 itam
134 5187 167 5248 in
184 5202 222 5249 eo
237 5188 343 5251 libello
356 5206 437 5252 anno
452 5190 503 5254 to.
520 5192 711 5263 edito,multa
728 5192 841 5254 doouit.
852 5192 912 5253 lni·
957 5201 1005 5262 sia
1019 5201 1157 5278 gratim,
1173 5201 1269 5279 focile
1284 5200 1497 5278 estjotiieore,
1511 5213 1595 5276 guae
1608 5197 1674 5259 sint
1686 5199 1818 5275 proprie

50 5270 90 5330 ¹1⁰
104 5269 177 5332 rrbrr
191 5270 279 5342 otarr,
294 5283 390 5334 unum
406 5279 522 5335 tantun
544 5290 616 5337 esse
631 5273 911 5347 sanemarium-st
957 5284 1215 5346 annumeremur
1227 5284 1320 5364 paulo
1334 5287 1405 5361 past
1420 5281 1579 5360 applicans
1594 5279 1816 5342 definitionem:

51 5353 223 5447 seeundum
239 5371 328 5416 osum
344 5356 517 5434 Soripturae
532 5358 724 5436 loquendum
737 5356 911 5422 sitlbliem
955 5366 1153 5444 paralysim,
1169 5365 1279 5446 lnquit,
1295 5369 1371 5428 sont
1383 5367 1602 5435 sacramento,
1619 5361 1816 5441 baptismata,

51 5435 249 5528 1111111ιοί1,
274 5438 500 5516 11111111551
525 5446 643 5518 septem
665 5446 865 5511 sacramenta,
882 5445 914 5501 el
958 5463 1060 5511 coeno
1070 5447 1212 5520 Domini,
1234 5445 1404 5510 Absolrrtio.
1420 5461 1505 5526 qooe
1520 5452 1564 5506 est
1577 5450 1820 5508 oooramentont

52 5525 104 5577 tna
118 5533 176 5596 pro
191 5523 330 5597 tempore
355 5520 509 5598 ponendi.
526 5522 738 5600 Baptismum,
755 5523 867 5584 Panem
882 5529 913 5584 et
957 5529 1192 5606 poentientiae
1207 5546 1288 5606 poan
1312 5530 1348 5594 io·
1373 5529 1454 5592 titos
1479 5525 1597 5590 babent
1625 5528 1820 5590 momontum

52 5597 284 5692 Poenitentianr.
298 5601 334 5664 ln
349 5603 411 5666 llue
426 5603 495 5666 libri
511 5605 596 5678 dieii,
613 5609 639 5668 sl
654 5605 752 5685 rigide
768 5605 850 5682 loqui
863 5622 911 5666 re·
958 5611 1028 5686 Dei,
1045 5618 1074 5674 et
1086 5614 1336 5690 promissionem
1344 5612 1481 5692 gratiae.
1498 5608 1579 5674 11111
1591 5608 1644 5670 ibi·
1660 5609 1819 5672 Praetereo

53 5681 155 5758 1111115,
173 5682 910 5779 1101381811111111111111181111111111111.
959 5695 1029 5760 ideo
1045 5696 1143 5759 solum
1165 5695 1338 5763 liemnitlus
1353 5710 1414 5758 non
1426 5694 1490 5758 rull
1504 5691 1732 5758 Absolutionem
1750 5707 1821 5756 esse
