4084 6275
225 364 281 422 328
1027 364 1132 427 tuuex

197 497 331 561 Verbum
347 495 514 577 quodcum
530 494 924 563 atemcntosacnnentuaa
940 497 1012 562 iacit
1027 499 1059 562 lu
1146 495 1279 578 liam,
1294 509 1354 560 cerr
1364 492 1489 574 33333,
1503 493 1675 574 33333333
1687 495 1943 562 Eucharistiae.

231 579 515 721 E⁰⁰h⁰ri5⁸f³33⁰⁰
530 584 579 640 est
593 579 788 652 concionale,
818 579 875 654 sed
896 597 1060 644 cousecra-

207 663 344 724 tortum
404 705 413 721 .
473 667 751 723 .ertotumca.
1221 688 1223 697 ·
1284 697 1292 711 ·
1467 697 1474 712 ·
1602 699 1610 713 ·
1925 702 1933 715 .

189 745 320 807 llerhum
334 750 365 804 et
376 677 563 804 alemaniam
577 741 608 802 in
620 759 679 819 qua
692 678 863 805 diiierentia
875 749 1060 807 concurrant
1119 698 1193 764 ΜΒ
1208 713 1336 812 ΜΨ
1351 713 1430 778 ‘¹⁰³⁰
1445 699 1744 816 ⁰¹⁰⁰⁰¹¹¹f¹⁰v⁰¹b¹3
1760 700 1969 774 mmmm·

229 825 356 968 333333,
370 831 400 886 et
414 825 452 886 ad
474 824 531 886 alia
547 830 739 887 sacramenta
752 826 968 890 constituenda
982 825 1057 890 302.
1276 800 1330 864 ⁰¹³¹
1345 800 1384 864 ‘¹0
1399 799 1512 864 ⁰ff⁰⁰t¹¹
1527 807 1559 864 0¹
1569 811 1822 882 333233330003·

189 987 288 1051 llerha
304 991 448 1064 respectu
462 985 508 1051 rei
524 993 722 1050 consecratae
737 1003 800 1050 noa
828 994 901 1050 suot
923 1001 1059 1066 perses·
1104 984 1298 1048 Eucharistia
1312 993 1345 1048 at
1355 992 1595 1060 sacramentum,
1610 989 1736 1068 proprie
1750 1005 1816 1051 non
1832 994 1887 1052 est
1898 987 1985 1048 insti-

230 1070 382 1141 sentialis,
398 1069 454 1132 sed
470 1069 655 1146 principium
671 1069 1015 1148 praecorrumpere.
1145 1073 1208 1130 tuta
1220 1068 1258 1128 ad
1273 1075 1399 1146 peccata
1415 1070 1610 1141 nominentur,
1625 1073 1682 1134 sed
1698 1071 1736 1132 ad
1764 1073 1862 1132 vitam
1891 1071 1985 1144 spiri·

189 1151 287 1213 Verba
301 1150 532 1213 sacramentalia
556 1157 673 1212 mutant
688 1167 799 1229 punem
816 1152 848 1213 in
864 1168 989 1214 earnem
1004 1151 1058 1214 33.
1146 1151 1259 1211 tualem
1272 1165 1329 1227 per
1350 1147 1538 1227 33333333
1564 1153 1759 1229 acquisitam,
1782 1151 1937 1214 alendam
1954 1156 1985 1211 et

229 1231 281 1295 38.
298 1232 374 1294 Vide
390 1232 483 1294 verba
498 1234 728 1296 sacramentalia
744 1234 774 1295 in
794 1232 931 1296 literni.
1145 1231 1400 1302 conservandam,
1418 1234 1500 1308 quod
1515 1232 1640 1311 speeies
1655 1235 1743 1310 ipsae
1765 1240 1985 1296 sacraraeota·

188 1313 289 1377 Verba
303 1329 383 1392 qaae
398 1313 541 1377 dicuntur
551 1313 584 1374 in
596 1313 742 1393 mysterio
764 1315 996 1390 Eucharistiae,
1013 1314 1059 1378 di·
1145 1314 1193 1375 les
1205 1317 1354 1374 testantur
1369 1312 1441 1376 386.

231 1403 343 1458 cuntur
353 1395 444 1457 verba
456 1394 682 1476 benedictionis
697 1395 748 1458 55.
1103 1395 1295 1456 Eucharistia
1315 1395 1482 1458 nonhabet
1498 1411 1552 1474 pro
1573 1394 1687 1458 ellectu
1716 1396 1883 1458 remittere
1912 1412 1985 1471 333

189 1475 381 1540 Eucharistia
397 1475 588 1554 litoperuote
603 1477 798 1540 invisibiliter
810 1477 924 1556 Spiritu
937 1483 1057 1551 saneto,
1145 1483 1210 1536 eata
1224 1477 1373 1543 mortalia,
1388 1492 1521 1551 qaorum
1532 1477 1626 1539 homo
1640 1479 1870 1540 conscientiam
1889 1477 1985 1538 hahet

231 1560 278 1620 vel
296 1574 351 1634 per
366 1559 591 1622 invocationem
614 1558 746 1638 Spiritus
767 1560 865 1622 sancti
895 1559 967 1622 323.
984 1559 1057 1622 333.
1145 1556 1217 1619 333.
1232 1556 1303 1618 333.
1319 1555 1393 1618 336.
1409 1557 1483 1620 333.
1498 1558 1556 1620 scd
1570 1559 1664 1620 hahet
1679 1576 1733 1637 pro
1750 1559 1868 1620 ellectu
1888 1561 1985 1620 notri-

233 1640 306 1702 333.
323 1638 396 1702 382.
591 1679 593 1684 .
1145 1639 1322 1701 reanimato
1338 1645 1370 1700 et
1386 1654 1584 1716 praeservare
1598 1640 1682 1702 itiam
1698 1660 1715 1701 a
1730 1642 1889 1718 peccatis,
1904 1647 1937 1700 et
1950 1658 1982 1700 a·

190 1718 383 1784 Euclaaristia
405 1721 581 1783 consecrari
597 1721 708 1784 dicitur
722 1720 839 1800 duplici
855 1738 900 1794 33,
925 1722 1058 1785 coelesti
1144 1719 1197 1791 lia,
1228 1734 1307 1798 quac
1333 1727 1507 1798 sequuntur
1534 1738 1571 1784 ev
1599 1730 1766 1799 augmento
1795 1723 1923 1800 gratiae
1949 1728 1982 1782 et

233 1819 303 1876 una,
320 1817 435 1882 nempe
450 1817 580 1879 corpore
606 1801 728 1878 christi,
753 1804 892 1865 etaltera
910 1810 1030 1866 terrena
1049 1848 1059 1880 ‚
1144 1800 1312 1875 eharitatis,
1325 1817 1418 1878 quam
1432 1818 1540 1864 secum
1556 1802 1653 1864 adieri
1668 1803 1728 1866 hoc
1742 1810 1980 1866 sacromentum

231 1899 345 1961 nempe
367 1884 593 1960 accidentibus,
617 1900 697 1963 quae
719 1895 829 1946 sonsu'
845 1884 1060 1966 percipiuntur
1144 1882 1217 1946 333.
1235 1883 1306 1944 item
1323 1889 1468 1960 operatur
1483 1885 1513 1944 in
1527 1883 1630 1963 nohis,
1657 1891 1691 1946 nt
1715 1901 1777 1947 oon
1793 1891 1978 1946 consenue-

231 1965 289 2027 233
304 1967 350 2030 33
363 1964 436 2027 230.
453 1963 526 2026 303.
1144 1981 1213 2026 mus
1225 1964 1361 2043 peccatis
1375 1963 1517 2027 333833
1528 1966 1640 2028 dicitur
1654 1966 1743 2043 panis
1759 1966 1977 2042 quotidianos,

190 2045 381 2124 Eneharisiia
397 2047 488 2108 etiam
504 2052 574 2125 post
587 2047 853 2110 consecrationem
876 2053 961 2111 recte
982 2047 1059 2111 dici·
1143 2046 1376 2125 qaiamedioina
1390 2052 1552 2110 estcontra
1565 2055 1689 2124 percara
1703 2048 1891 2125 quotidiana
1907 2046 1976 2109 333.

232 2136 278 2191 tur
293 2131 451 2207 antitypon
468 2129 607 2206 corporis
623 2136 654 2190 et
668 2131 830 2208 sanguinis
847 2128 920 2192 338.
1034 2138 1038 2145 ’
1103 2128 1236 2192 Gratiam
1252 2128 1345 2191 etiam
1360 2129 1477 2190 coniert
1492 2137 1611 2206 pratum
1623 2130 1801 2202 lactentem,
1819 2139 1854 2190 et
1865 2145 1975 2189 conse-

192 2209 405 2272 Euoharistiae
420 2211 612 2273 consecratio
626 2209 658 2272 in
674 2214 782 2276 ordino
797 2211 834 2274 33
850 2211 1060 2276 manducatio·
1143 2216 1277 2285 quenter
1290 2209 1373 2270 delet
1386 2217 1512 2286 peccata
1526 2209 1675 2283 mortalia,
1691 2210 1726 2272 'si
1741 2227 1829 2288 quae
1843 2211 1977 2270 inreniat

231 2306 303 2352 nem
320 2293 476 2353 ordinatur
489 2290 563 2353 300.
1144 2291 1242 2362 ineo,
1257 2292 1310 2365 qui
1328 2305 1389 2352 non
1405 2291 1532 2370 indique
1544 2291 1675 2362 aceedit,
1698 2298 1728 2352 ct
1749 2308 1892 2371 quorum
1907 2309 1974 2353 eou-

190 2371 414 2436 Eucharistiam
427 2387 610 2436 consecrare
626 2388 779 2454 nusquam
805 2374 946 2438 diaconis
971 2373 1060 2438 licuit
1143 2372 1305 2435 seientiam
1318 2388 1380 2434 non
1395 2372 1489 2434 hahet
1502 2369 1574 2434 338.
1586 2379 1698 2452 etseq.

232 2453 305 2516 303.
560 2475 564 2482 ·
943 2494 946 2500 ,
1104 2454 1179 2517 llide
1201 2454 1294 2516 etiam
1310 2453 1350 2515 de
1365 2455 1480 2532 gratim
1508 2455 1715 2532 promissione
1735 2459 1768 2514 et
1793 2452 1976 2516 causalitate

189 2534 414 2598 Eucharistiam
428 2535 559 2598 institnit
574 2534 725 2616 Christus,
752 2555 822 2602 eum
852 2537 919 2617 ipse
937 2539 1058 2617 primus
1147 2537 1178 2598 iu
1193 2536 1255 2597 hoc
1267 2539 1459 2598 sacramento
1473 2534 1524 2597 33.
1542 2535 1593 2596 33.
1610 2535 1679 2597 323.
1696 2533 1838 2596 lother
1849 2552 1918 2597 rem
1933 2554 1976 2596 sa·

231 2619 314 2679 illam
330 2621 523 2680 consecravit
533 2618 605 2680 323.
619 2617 692 2681 323.
1144 2618 1292 2680 crementi
1307 2615 1522 2680 Eucharistiae
1536 2617 1722 2696 intelligitur
1740 2618 1844 2694 qratia
1867 2616 1976 2695 justri-

189 2698 1057 2781 333333333333333333333333333333333333323.
1144 2714 1231 2770 3333,
1249 2698 1342 2762 idest.
1366 2696 1496 2760 3333333
1511 2700 1614 2759 caruis
1637 2697 1751 2764 Eoristi
1772 2699 1977 2776 spiritualiter

231 2780 305 2841 323.
1143 2780 1313 2844 reficientis
1327 2777 1401 2840 282.
1430 2779 1608 2842 Praesentia
1625 2779 1744 2842 liomini
1772 2782 1805 2840 in
1831 2777 1975 2840 3333333-

190 2863 234 2924 333
251 2861 472 3004 Eucharisgam
489 2861 715 2926 conficiendam
731 2864 906 2927 necessaria
923 2870 971 2926 est
985 2880 1059 2927 coa·
1145 2865 1205 3005 sti}
1219 2877 1294 3005 323836
1305 2860 1493 2924 ineliahiienr
1518 2869 1611 2940 atque
1631 2860 1825 2924 invisibilem
1849 2864 1975 2941 gratiam

233 2943 399 3006 secratio3
422 2945 452 3006 6.
747 2963 750 2972 ·
1144 2944 1217 3006 28.
1298 2986 1305 3003 .

191 3025 226 3086 33
244 3026 477 3086 consecratione
493 3023 658 3102 requiritur
672 3024 844 3102 praeseutia
859 3024 948 3104 panis
963 3025 1016 3089 36.
1102 3025 1316 3088 Eucharistiae
1331 3024 1428 3088 virtus
1448 3031 1645 3105 eomparatur
1668 3041 1740 3088 cum
1770 3023 1889 3103 spiritu
1906 3026 1976 3096 ilio,

191 3107 227 3169 ln
243 3109 478 3167 consecratione
507 3105 717 3169 Eucharistiae
733 3121 796 3169 nou
811 3107 963 3187 reperitur
977 3107 1058 3173 actio
1143 3123 1201 3172 seu
1217 3106 1343 3186 genitali
1358 3109 1481 3182 virtute,
1494 3121 1575 3186 quae
1590 3114 1770 3188 corruptum
1785 3123 1979 3187 grauumre

233 3187 358 3264 propria
375 3195 403 3249 et
416 3187 565 3249 naturalis
581 3186 652 3249 306.
1144 3204 1273 3268 sarpere
1289 3189 1360 3251 iacit
1371 3187 1444 3250 300.

192 3268 227 3329 33
243 3267 434 3329 3333333333
450 3268 532 3347 qnod
548 3274 775 3331 3333333333
800 3268 871 3331 iacit
893 3286 956 3333 non
986 3276 1060 3335 sunt
1103 3268 1528 3345 Eucharistianilrilconiert,
1557 3270 1585 3336 si
1599 3269 1670 3333 sine
1700 3266 1762 3331 033
1787 3270 1980 3349 percipiatur

233 3350 386 3412 humanae
402 3365 524 3427 333333,
541 3350 596 3413 333
612 3351 739 3413 verbum
755 3350 874 3413 llomini
891 3352 964 3415 323.
1146 3353 1217 3416 323.

189 3430 234 3492 33
250 3430 390 3493 ministro
406 3430 628 3493 Eucharistiae.
645 3431 722 3494 Vide
745 3448 773 3494 o.
789 3432 954 3497 Sacerdos.
1102 3432 1316 3498 Eucharistiae
1335 3430 1409 3495 ilnis
1423 3437 1456 3495 ot
1471 3432 1601 3497 effectus
1616 3432 1811 3511 praecipuus
1826 3440 1877 3496 est
1899 3432 1979 3495 aiere

190 3512 421 3574 tiaeretieorum
438 3517 612 3575 sententiae
627 3512 700 3575 333.
1143 3518 1278 3578 333333
1300 3531 1362 3583 uon
1385 3530 1511 3592 corpus.
1545 3516 1620 3577 lieet
1648 3530 1704 3591 per
1731 3517 1976 3577 instrumentum

187 3593 233 3655 333
256 3593 483 3656 Eucharistiam
496 3591 722 3658 condolendum
744 3594 785 3657 ita
810 3596 994 3663 necessaria.
1009 3600 1059 3659 est
1144 3596 1285 3675 corporis
1298 3601 1438 3660 sumator
1454 3596 1526 3658 263.
1543 3594 1617 3658 283.
1631 3594 1709 3657 Vide
1727 3596 1801 3656 322.

227 3674 380 3737 ordinatio
408 3676 634 3751 saeeedotalis,
659 3683 691 3738 ut
722 3676 793 3737 sine
825 3694 861 3741 ea
884 3679 970 3740 nullo
992 3694 1058 3741 mo·
1102 3678 1189 3741 liade
1201 3677 1416 3741 dicitureihus
1431 3677 1557 3751 meotis,
1587 3692 1650 3739 nou
1667 3684 1809 3752 ventris3
1843 3678 1978 3739 cihrrset

228 3758 269 3817 do
292 3754 402 3819 eondei
433 3757 531 3836 possit
547 3801 557 3832 ,
587 3756 733 3836 probatur
760 3772 799 3821 ox
812 3758 916 3823 rerbis
930 3759 1052 3824 llomini
1143 3766 1235 3838 potas
1250 3758 1435 3833 spiritualim
1464 3760 1555 3821 cibus
1579 3765 1611 3821 et
1625 3765 1717 3833 potus
1733 3760 1916 3821 animorum
1930 3759 1977 3820 86.

228 3837 302 3899 333.
1141 3841 1220 3905 283.
1230 3840 1306 3903 286.
1318 3839 1391 3903 333.
1407 3840 1480 3902 333.
1493 3840 1568 3902 338.
1589 3839 1663 3902 333.
1679 3840 1756 3903 606.

187 3918 232 3980 Er
248 3918 409 3982 traditione
424 3924 455 3983 et
467 3936 621 3984 consensu
637 3922 796 3987 Ecclesiae
815 3922 889 3986 332.
915 3940 918 3947 ’
1099 3923 1136 3989 Iu
1149 3923 1340 3987 Eucharistia
1355 3922 1552 4000 applicantur
1565 3919 1679 3985 Christi
1694 3920 1804 3983 merita
1833 3937 1894 3999 per
1919 3938 1976 3982 mo

187 3999 232 4061 Ex
246 4002 428 4079 antiquitate
444 4002 604 4065 Ecclesiae
618 4004 700 4067 3633.
1140 4006 1214 4067 333
1228 4005 1289 4067 3333
1305 4010 1339 4066 et
1353 4004 1498 4082 potus,ad
1514 4002 1713 4066 reficiendam
1735 4010 1767 4065 et
1781 4002 1978 4065 nutriendam

187 4081 389 4161 Praeceptum
405 4084 592 4147 condolendi
606 4094 833 4149 sacramentum
840 4085 1056 4150 Eucharistiae
1139 4087 1273 4149 animam
1287 4092 1319 4147 et
1333 4085 1591 4165 praeservandam
1605 4085 1753 4147 amachis
1767 4083 1847 4145 333.

229 4179 290 4225 non
307 4163 453 4227 omnibus
469 4166 651 4229 Christianis
666 4175 714 4229 est
730 4168 921 4244 inpositam.
936 4168 992 4229 sed
1005 4182 1055 4230 so·
1099 4167 1314 4232 Eucharistiae
1327 4166 1411 4237 linis,
1428 4173 1477 4227 est
1488 4165 1562 4229 uoio
1572 4174 1678 4228 nostra
1693 4182 1765 4229 cum
1779 4164 1976 4241 Christoper

228 4245 270 4306 lis
286 4246 446 4323 apostolis,
464 4262 634 4325 eorumque
647 4249 886 4313 successorihus
897 4248 969 4311 333.
981 4248 1058 4310 lide
1141 4248 1271 4313 3333333
1286 4255 1317 4311 et
1327 4248 1493 4309 voluntatis
1505 4247 1815 4310 confoederationem
1828 4246 1977 4309 308.3tl.

208 4328 455 4404 ¹expositionem
471 4328 593 4390 illoram
618 4330 782 4409 rerhorum
808 4330 910 4393 Lucae
925 4330 978 4391 22.
991 4328 1058 4392 333
1100 4331 1188 4393 Unde
1202 4330 1554 4393 dieitursacrameutum
1579 4330 1669 4407 pacis
1691 4336 1723 4392 et
1745 4329 1880 4392 3333333
1907 4328 1976 4389 363.

228 4407 318 4469 lacite
331 4409 362 4468 in
380 4422 477 4469 meam
492 4413 829 4487 commemorationem3
852 4428 944 4489 supra
962 4414 994 4473 in
1009 4412 1054 4472 in·
1145 4411 1217 4475 363.

229 4489 299 4550 3333
314 4490 547 4567 scripturarum,
565 4499 657 4568 atque
672 4492 751 4555 adao
766 4494 826 4554 hoc
841 4507 946 4557 veram
960 4499 1060 4566 estut
1102 4495 1161 4562 Per
1175 4495 1235 4557 hoe
1259 4496 1486 4557 sacramentum
1512 4491 1652 4555 Christus
1678 4491 1771 4554 nohis
1798 4492 1909 4553 unitur
1924 4508 1981 4552 noa

229 4584 332 4645 nequo
348 4570 406 4648 ipsi
420 4571 451 4633 h.
468 4572 581 4650 virgini
598 4572 689 4634 inerit
709 4587 896 4635 concessam
928 4574 987 4637 hoe
1002 4574 1060 4637 mi·
1144 4577 1244 4639 solam
1257 4590 1313 4651 per
1326 4575 1517 4649 charitatem,
1532 4574 1590 4637 sed
1604 4573 1697 4638 etiam
1710 4587 1785 4635 rere
1796 4579 1830 4635 et
1842 4588 1982 4650 corpora

229 4650 388 4712 nisteriam
405 4654 609 4715 consecrandi
625 4652 851 4717 Eucharistiam
866 4653 942 4717 332.
1144 4658 1214 4719 liter
1228 4654 1301 4717 280.
1420 4688 1425 4700 ·

188 4728 381 4793 Eucharistia
412 4734 438 4795 si
462 4739 663 4797 consecretur
687 4752 703 4797 a
730 4735 868 4815 legitimo
896 4735 1060 4800 sacerdote
1102 4738 1161 4801 Per
1176 4740 1236 4801 hoc
1249 4742 1478 4801 sacramentum
1493 4734 1632 4801 Christus
1648 4734 1720 4799 iecit
1734 4741 1769 4798 ut
1782 4750 1935 4799 33333333
1954 4754 1984 4796 u·

231 4828 293 4874 non
307 4814 338 4874 ia
350 4815 459 4877 ordine
475 4816 513 4877 ad
527 4817 941 4881 manducationem:servatis
956 4822 1059 4881 tameo
1146 4836 1219 4881 uum
1233 4834 1304 4881 cnm
1319 4818 1373 4881 ilto
1388 4817 1476 4892 333.,

229 4894 279 4966 333,
297 4912 376 4971 quae
391 4898 428 4957 ad
445 4900 632 4959 sacramenti
648 4900 817 4961 essentiam
833 4899 1058 4977 requiruntur,
1104 4900 1139 4965 lo
1165 4898 1225 4963 hoo
1246 4904 1439 4978 sacramento
1464 4896 1654 4975 3333303333
1680 4895 1754 4959 3333
1776 4894 1895 4961 Christi
1918 4914 1983 4960 eurr

231 4992 334 5038 verum
350 4986 578 5042 sacramentum
593 4978 811 5056 conficeretur,
834 4980 910 5044 licet
921 4980 1004 5044 male
1015 4979 1061 5044 ia·
1111 5012 1115 5020 ·
1146 4981 1285 5044 Ecclesia
1300 4980 1374 5043 333.
1390 4980 1463 5041 320.
1479 4978 1552 5040 333.

229 5064 314 5121 cerci
325 5058 398 5120 303.
1105 5061 1326 5125 Eucharistiam
1342 5067 1501 5123 sumentes
1513 5060 1680 5137 participes
1694 5057 1773 5121 liunt
1783 5074 1921 5123 mensae
1931 5058 1983 5122 03

188 5138 383 5202 Eucharistiae
396 5157 475 5217 quae
490 5140 652 5207 coniicitur
667 5161 682 5205 a
698 5144 779 5205 malo
794 5144 966 5217 sacerdote,
982 5141 1061 5205 nihil
1148 5144 1234 5218 mini,
1251 5149 1283 5206 et
1296 5142 1375 5205 llout
1386 5142 1463 5205 socii
1480 5140 1590 5203 Christi
1605 5139 1680 5201 333.

233 5222 337 5283 33333
353 5222 459 5299 hahet,
475 5224 513 5285 ah
528 5239 577 5297 ea,
594 5239 674 5303 quae
686 5224 849 5289 coniicitur
860 5242 876 5285 a
889 5225 972 5289 berto
987 5224 1060 5288 333.
1105 5224 1226 5304 Duplex
1242 5230 1291 5287 est
1303 5223 1434 5287 ellectus
1449 5220 1794 5296 Eucharistiae,ioteroa
1810 5222 1944 5284 reiectio
1956 5232 1982 5281 ct

231 5300 304 5365 332.
320 5302 393 5376 633,
517 5332 519 5337 ·
1145 5307 1218 5368 3333
1234 5304 1372 5367 fidelium
1387 5306 1467 5367 iuter
1479 5320 1526 5374 33,
1543 5309 1573 5365 et
1584 5319 1654 5363 curn
1671 5301 1794 5364 christo
1809 5303 1887 5364 333.
1913 5304 1981 5363 tide

189 5380 247 5443 Per
263 5384 420 5447 ministros
432 5401 507 5447 suos
519 5386 660 5464 quotidie
674 5385 946 5451 condeitChristus
958 5404 1058 5451 saera·
1146 5387 1371 5465 expositionem
1387 5387 1472 5448 iliius
1496 5385 1568 5447 loci·
1587 5384 1615 5445 t.
1644 5381 1785 5447 Corinth.
1813 5385 1867 5447 to.
1885 5384 1978 5445 Enou

227 5470 370 5552 ‚mentum
387 5466 597 5529 Eucharistiae
612 5468 685 5531 333.
1147 5485 1261 5547 333333
1276 5476 1336 5530 etc.
1353 5467 1384 5529 in
1400 5466 1503 5544 iqdice
1516 5464 1755 5543 scripturaram.

195 5538 336 5606 ilmister
358 5564 420 5609 non
444 5548 538 5611 utitur
564 5550 624 5613 uisi
653 5550 755 5615 verbis
776 5551 807 5613 in
823 5550 1060 5613 consecratione
1108 5548 1320 5624 Eucharistiae
1335 5548 1407 5611 tinis
1422 5554 1469 5610 ost
1490 5548 1581 5609 etiarn
1603 5547 1860 5609 commemoratio
1882 5548 1983 5609 moris

238 5619 310 5686 ¹⁰7·
1151 5630 1276 5708 Christi,
1292 5646 1371 5710 qnae
1385 5629 1636 5693 commemoratio
1651 5626 1720 5691 lieri
1734 5635 1840 5706 potest
1864 5645 1924 5709 per
1942 5645 1983 5689 re·
