4084 6275
691 380 718 429 -,
832 366 1121 430 trasnsacnrous
1423 446 1426 453 p
1720 376 1774 437 aas

84 522 137 573 aaa
151 507 450 573 noramtosrtmaaio
465 507 572 571 betrus
586 504 871 587 martpraddncitin
885 505 941 569 tib.
987 524 1036 572 am
1050 508 1238 587 esscipsum
1255 504 1358 573 remam
1373 508 1483 575 christi
1496 514 1719 593 'eomusqoale
1732 519 1849 583 carlum

85 598 192 655 oscha
204 588 408 655 caminorum
434 591 550 671 obieci.
574 590 646 653 tat.
669 596 702 653 et
726 589 941 665 mouentibus,
987 600 1035 657 est
1050 608 1110 654 oon
1127 606 1198 655 esse
1215 608 1380 675 pauperes,

83 674 353 742 sadsascxitlis.
367 672 943 745 nullamhabentdilliculmtem.llnum
992 720 996 727 .
1027 676 1194 751 Septimum
1211 678 1416 739 testimoninm
1430 678 1746 743 sranitexeommenl.
1773 684 1851 761 psal.

81 758 182 823 sumit
194 774 234 820 ex
245 760 332 821 bom.
344 756 400 821 83.
414 757 565 820 inllattb.
581 755 635 840 ubi
648 754 873 818 chrisostomus
885 756 943 817 lla·
988 758 1041 819 22.
1059 759 1109 820 Sic
1125 758 1208 821 enim
1224 758 1265 822 ibi
1282 760 1425 841 legimus:
1444 760 1478 822 ιιι
1492 762 1636 839 qnotidie
1649 754 1852 828 insimilite-

82 841 264 905 amaseam
277 847 364 903 meat
378 839 515 920 symbola
530 840 684 915 passionis
711 836 833 933 christi.
856 837 944 913 Quod
988 842 1099 905 dinem
1113 842 1256 921 corperis
1284 848 1314 904 et
1339 844 1512 921 computaris
1540 843 1666 919 citri-ati,
1681 862 1803 925 ponem
1823 856 1853 912 ct

84 924 215 1003 erucem
228 929 334 987 einos
345 923 489 994 latemur,
504 929 537 983 ot
551 937 650 999 sopra.
659 937 753 999 saepe
765 921 911 983 drximua.
988 924 1103 987 aierem
1116 926 1296 991 arcendum
1311 926 1460 989 ordinem
1473 926 1700 992 Melchisedech
1712 930 1804 993 cobis
1819 948 1851 992 o·

126 1006 274 1075 aromo.
289 1005 436 1069 semitas
448 1005 556 1067 eadem
578 1004 715 1075 homilia,
736 1003 794 1067 ubi·
814 1005 888 1066 dicit
902 1004 947 1067 ls·
993 1008 1181 1070 clauderent
1193 1009 1231 1072 in
1247 1015 1463 1072 sacromemo.

82 1089 211 1153 saclitas
225 1104 337 1167 agnum
350 1087 526 1165 paschalem
539 1086 716 1149 comedisse
737 1086 945 1176 babituriatp·
1034 1090 1229 1166 ltespondec:
1245 1090 1502 1153 commentarium
1531 1092 1562 1152 in
1588 1108 1660 1155 eum
1685 1096 1849 1173 psalmum,

84 1188 173 1246 rum,
203 1172 273 1249 euin
301 1171 334 1232 in
350 1170 549 1235 Palaestinam
576 1170 867 1247 protecturi-erana
889 1186 947 1232 aas
991 1172 1059 1235 sine
1075 1172 1168 1233 dnbio
1198 1188 1259 1234 non
1286 1189 1357 1235 esse
1381 1170 1600 1251 chrysostomi,
1626 1174 1721 1239 immo
1751 1194 1851 1259 acque

83 1260 189 1317 utcu
202 1253 236 1315 in
249 1255 372 1317 eoelum
386 1252 577 1333 proiecturas
592 1266 674 1315 esse:
690 1252 946 1328 exooolncode·
990 1256 1097 1317 cracm
1113 1255 1254 1333 alicujusr
1272 1255 1393 1335 phrasis
1413 1256 1496 1317 enim
1523 1256 1614 1319 latina
1639 1266 1697 1327 est.
1725 1264 1754 1322 et
1780 1278 1848 1323 cum

84 1336 173 1399 duta't
185 1336 293 1400 aomo
307 1342 415 1408 martyr
430 1352 497 1410 nos,
513 1338 586 1398 dum
598 1336 820 1405 manducamus
831 1333 946 1397 cucha-
991 1352 1053 1410 res‚
1071 1340 1133 1399 tum
1149 1336 1435 1418 rerbalongissimc
1450 1338 1590 1401 absumta
1606 1342 1733 1419 scriptis
1758 1342 1850 1423 chry·

84 1420 216 1483 risllam.
233 1417 350 1483 debere
364 1419 396 1481 ln
410 1420 531 1483 coetum
555 1418 894 1489 mantacouseooaere,
917 1422 952 1479 et
991 1422 1131 1485 sostomi:
1150 1425 1252 1497 potest
1267 1426 1367 1483 tamen
1390 1422 1570 1500 responderi
1597 1422 1848 1505 (cujuscumque

86 1502 133 1567 ibi
146 1500 302 1565 fflrrimann
316 1508 476 1582 quaerere,
494 1518 556 1563 non
570 1501 603 1563 io
628 1505 831 1563 sacramento.
859 1500 948 1578 etqui
992 1505 1033 1567 sii
1046 1502 1096 1565 illa
1113 1501 1290 1582 sententia),
1307 1520 1419 1581 panem
1434 1509 1464 1564 et
1477 1504 1580 1566 ninum
1603 1505 1633 1565 in
1659 1514 1849 1570 sacramento

85 1583 145 1651 ista
161 1586 237 1647 mira
252 1591 300 1646 εει
318 1584 367 1647 rat
393 1585 568 1663 stupiditas,
593 1584 641 1647 nal
667 1583 846 1661 pertinacia.
876 1584 948 1645 ham
991 1584 1113 1651 ostendi
1129 1586 1229 1663 quoad
1247 1591 1402 1649 externam
1428 1586 1576 1664 speciem.
1602 1586 1674 1649 llam
1700 1598 1732 1649 ut
1757 1606 1849 1669 supra

87 1682 151 1729 nnn
166 1664 257 1729 docet
271 1666 520 1746 chrysostomus,
535 1674 568 1729 nt
582 1666 655 1733 dnm
669 1667 821 1729 sumimus
831 1666 947 1727 Eucha-
992 1669 1232 1735 diximusetiem
1246 1684 1332 1731 more
1347 1668 1571 1748 scripturarum
1584 1684 1635 1731 res
1650 1671 1850 1735 denominan-

84 1750 217 1824 cctam,
233 1752 437 1813 ascendemus
449 1749 482 1811 in
498 1749 630 1824 coelum,
653 1750 710 1817 aad
731 1754 948 1811 utsumamus
992 1758 1041 1821 tar
1053 1752 1092 1813 ab
1107 1750 1257 1814 exteriore
1271 1750 1389 1831 specie:
1404 1752 1557 1830 quomodo
1577 1765 1708 1831 serpeus
1732 1770 1849 1817 aeneus

87 1830 315 1897 &chortalium
329 1838 481 1911 harenam
496 1831 600 1895 eibum
628 1839 659 1894 et
673 1831 889 1910 viaticumque
901 1846 947 1893 rn-
991 1840 1115 1898 ansatur
1128 1848 1268 1913 serpens,
1286 1839 1316 1896 et
1330 1833 1430 1913 angeli
1444 1834 1496 1915 qui
1509 1834 1696 1913 apparebant
1707 1836 1739 1897 in
1752 1836 1848 1899 torma

86 1914 279 1977 bnremnrin
293 1917 353 1979 hac
366 1915 438 1988 rita,
453 1916 526 1977 dum
540 1913 948 1992 probciscimoradpatriom
991 1918 1135 1988 bumana,
1153 1916 1266 1995 passim
1290 1917 1431 1979 dicuntur
1456 1921 1487 1977 io
1513 1916 1666 1995 Scriptura
1694 1918 1850 1982 homines,

85 1999 269 2069 welcstem,
283 2000 322 2061 ad
337 2013 428 2077 neam
443 2000 654 2076 postmortem
669 1996 895 2075 perreniemus.
912 1996 947 2059 ld
990 2000 1096 2079 Neque
1112 2015 1259 2081 negamus
1273 2015 1384 2078 paoem
1399 1998 1606 2062 Eucharistiae
1617 2000 1848 2081 similitudinem

86 2081 172 2157 quood
186 2080 565 2177 esalhmcempamcoue
594 2078 790 2157 perspicuum
820 2086 877 2173 est:
894 2096 947 2141 oe·
991 2098 1100 2163 gerere
1115 2080 1398 2179 corporisnlinmini,
1415 2082 1558 2163 quoniam
1584 2082 1653 2162 ejus
1675 2100 1850 2145 sacramen·

87 2162 948 2325 testaceamttettaatettttattattt
990 2164 1850 2329 tactttttfttttttttttttttetttantt:

87 2327 255 2393 Molioni
278 2344 393 2407 otiolum
416 2344 511 2409 otiolo
538 2332 733 2407 bloeoholcto
764 2327 918 2389 hobobool
936 2373 944 2401 ‚
990 2332 1028 2393 ri.
1046 2332 1136 2394 Porro
1152 2330 1204 2393 ille
1219 2336 1322 2395 auctor
1336 2345 1447 2409 panem
1463 2336 1493 2391 et
1507 2329 1609 2391 ninum
1629 2333 1783 2409 appellare
1798 2348 1849 2393 ro·

87 2410 197 2473 babitu
211 2417 311 2473 tantan
327 2412 487 2484 viatorum,
502 2411 680 2491 qaiapauto
694 2414 765 2488 post
776 2409 836 2474 iter
853 2411 948 2473 lactu·
992 2414 1048 2474 luit
1062 2413 1295 2483 cucharistiam.
1311 2428 1373 2474 unu
1388 2426 1500 2492 cerpus
1525 2413 1763 2491 et-sanguineuu
1779 2416 1850 2490 quin

87 2495 115 2557 ri
130 2500 219 2556 cram
230 2494 270 2555 ad
285 2502 394 2556 terrem
414 2493 641 2573 promissionis.
992 2497 1165 2575 exponebat
1179 2496 1228 2557 illa
1245 2496 1334 2557 rerba
1351 2494 1535 2557 Salomonis:
1568 2494 1671 2557 lenite
1696 2496 1850 2559 comedite

129 2574 274 2639 Tertium.
289 2576 500 2640 testimoninm
522 2577 619 2639 sumit
645 2588 683 2637 ex
704 2572 811 2637 homil.
835 2573 888 2639 at.
914 2574 946 2635 in
987 2594 1092 2659 porres
1106 2594 1202 2654 meos,
1220 2576 1358 2641 alhibita
1372 2577 1496 2649 meacm,
1510 2578 1602 2657 pand
1616 2577 1849 2642 misercienbis.

88 2659 224 2737 otioroto
239 2657 277 2721 oo
292 2658 476 2729 Corinthios,
492 2660 544 2721 ubi
559 2658 795 2738 chrysostomus
806 2654 949 2732 nitzlicid
1032 2661 1177 2725 catarum
1195 2660 1400 2725 testimonium
1415 2661 1507 2722 sumit
1521 2676 1558 2721 ea
1573 2658 1662 2733 libro,
1692 2660 1758 2723 sire
1786 2660 1852 2739 epi·

88 2741 265 2821 ealpcniai
287 2757 407 2821 coepte
435 2741 562 2809 chriam
589 2742 687 2820 capo,
716 2738 818 2819 inquit
839 2739 948 2804 Petrus
991 2746 1068 2809 stola
1083 2746 1120 2824 ad
1137 2742 1310 2808 caesarium
1324 2742 1520 2816 monachum,
1550 2742 1603 2805 ubi
1628 2742 1770 2824 legimus,
1797 2760 1850 2823 pa·

89 2833 211 2904 mamyr.
224 2826 325 2903 pacis
338 2830 385 2889 eat
397 2840 514 2904 corpas
530 2824 657 2899 christe}
672 2838 747 2901 erpo
769 2837 866 2885 carnae
888 2838 948 2901 po·
994 2842 1064 2891 aem
1081 2835 1150 2906 post
1165 2825 1427 2889 consecrationem
1444 2840 1503 2887 oon
1519 2824 1619 2886 vocari
1647 2826 1779 2907 amplius
1799 2842 1852 2906 pa·

89 2907 313 2972 connecto
327 2906 948 2985 caceortattootespoooeozchrrsosto·
992 2909 1282 2981 nem.licetuatura
1299 2905 1717 2986 panisinipsopermaneet.
1787 2976 1789 2984 Α
1832 2970 1834 2977 ,

90 3005 161 3051 mas
175 2994 237 3051 non
252 2990 292 3053 de
307 3007 387 3070 pane
400 2989 559 3064 materiali,
575 2991 630 3053 sad
645 2989 685 3050 de
696 3002 947 3067 pancconsecm·
1035 2994 1228 3070 ltespomleo:
1251 2990 1329 3053 Nihil
1352 2989 1515 3069 ejusmodi
1530 3006 1662 3067 unquam
1689 2988 1853 3069 scripsisse

88 3078 122 3135 to
137 3071 293 3150 praedicat
305 3081 420 3153 corpas
433 3073 558 3139 christi:
573 3071 732 3134 verissime
746 3078 847 3134 autem
860 3074 948 3148 panis
993 3074 1255 3156 chrysostomum:
1273 3088 1376 3155 oeque
1391 3072 1472 3135 enim
1498 3073 1529 3132 in
1557 3078 1619 3134 toto
1645 3071 1855 3153 chrysostomi

88 3161 367 3218 consecratusnon
382 3163 430 3219 εει
455 3158 545 3235 panis
567 3155 751 3224 commanis.
779 3159 834 3217 seo
859 3155 949 3233 panis
993 3175 1088 3236 opere
1103 3161 1186 3222 ullus
1201 3157 1352 3232 estliber,
1375 3157 1423 3218 rel
1448 3154 1577 3234 epistola
1603 3156 1640 3218 ad
1665 3155 1857 3220 Caesarium.

88 3239 180 3312 ritae,
197 3238 287 3310 idest,
303 3255 416 3318 corpus
426 3237 550 3302 christi.
566 3239 652 3302 liade
679 3237 793 3300 ibidem
822 3233 948 3310 chryso·
992 3242 1090 3305 verba
1106 3248 1206 3304 autem
1222 3241 1315 3319 buius
1329 3239 1461 3302 auctoris
1473 3237 1673 3317 (atticumque
1686 3239 1737 3300 ille
1750 3237 1853 3317 luerit)

88 3327 210 3384 stamas
223 3319 348 3383 disertis
362 3323 464 3386 serbis
478 3322 563 3392 dicit.
580 3324 612 3384 in
639 3321 737 3383 calice
761 3336 851 3384 sacro
872 3321 946 3384 iilud
993 3325 1122 3387 eandem
1137 3339 1262 3403 prorsus
1278 3322 1459 3386 sententiam
1476 3321 1588 3391 habeat
1603 3337 1672 3382 eum
1701 3321 1853 3383 sententia

87 3417 175 3476 case,
189 3403 275 3480 nand
289 3419 328 3467 ex
342 3405 438 3469 latere
451 3404 563 3470 christi
577 3404 676 3476 fluxit,
706 3402 798 3477 idest,
824 3403 948 3483 sangui·
993 3407 1177 3472 abcederent
1206 3413 1236 3468 et
1249 3405 1376 3483 celaaii3
1392 3404 1474 3466 ideo.
1490 3403 1571 3482 cuod
1589 3411 1705 3480 postea·
1723 3403 1760 3464 ad
1784 3405 1855 3466 iilos

89 3485 260 3566 nemejus.
313 3538 340 3544 ..
923 3489 926 3491 ’
993 3488 1263 3568 respondebimus,
1278 3489 1360 3550 idem
1377 3485 1500 3549 etbuic
1524 3486 1705 3564 responderi
1729 3488 1852 3563 peterit:

130 3567 278 3641 Quartum
292 3569 498 3634 testimoniam
523 3569 616 3633 sumit
636 3584 679 3632 ea
703 3568 811 3632 eadem
840 3569 947 3634 bornil.
993 3572 1162 3634 noloenim
1187 3587 1257 3634 eum
1284 3569 1499 3650 chrysostomo
1524 3569 1654 3632 miseere
1672 3569 1857 3632 testimonia

90 3649 148 3714 ubi
160 3649 393 3722 chrisostomus
406 3651 491 3724 dicit.
506 3651 737 3716 cucharistiam.
749 3667 820 3714 esse
845 3652 948 3716 cibum
995 3657 1122 3730 incerta,
1140 3660 1171 3717 ct
1184 3654 1300 3718 nullius
1314 3651 1514 3714 auctoritatis.
1809 3723 1810 3730 ἵ
1865 3713 1868 3723 ,

91 3733 276 3812 muitarum,
290 3734 374 3814 juxta
388 3734 439 3797 illa
453 3735 545 3798 rerba
558 3732 757 3799 liomioizllbi
768 3731 868 3812 fcerit
878 3751 948 3798 cor·
1035 3737 1151 3800 lienum
1168 3735 1374 3800 testimoninm
1390 3734 1483 3796 sumit
1497 3748 1533 3795 ex
1546 3732 1633 3796 bom.
1662 3733 1712 3795 ll.
1729 3735 1760 3794 in
1783 3731 1856 3794 llat-

89 3831 168 3895 pns,
195 3816 265 3879 illie
288 3817 577 3897 conprapobcntae
596 3824 626 3881 ci
648 3817 794 3897 apciton.
818 3817 949 3880 hoines
997 3820 1042 3882 th.
1058 3819 1111 3882 uhi
1127 3821 1173 3882 sie
1187 3819 1329 3899 legimus:
1347 3815 1384 3879 st
1397 3831 1471 3895 erpo
1487 3813 1566 3876 laceo
1580 3831 1661 3878 acac
1674 3817 1857 3892 scacchea·

92 3900 362 3976 moreanuilarum
376 3900 492 3964 debere
506 3915 565 3965 nos
578 3899 611 3962 iu
625 3901 719 3964 altum
747 3900 849 3974 evehi,
864 3906 895 3962 et
915 3899 952 3962 ao
997 3908 1034 3968 tc
1047 3904 1093 3966 ed
1104 3903 1248 3982 priuatos
1261 3915 1341 3964 aestas
1369 3899 1544 3978 transferre
1570 3899 1616 3960 ειε
1638 3897 1860 3976 periculosam

90 3979 248 4044 christum
260 3984 420 4044 accedere.
437 3982 515 4046 ilinc
536 3989 638 4046 autem
663 3984 769 4044 nititur
789 3982 953 4049 ostendere
998 3993 1052 4054 cst
1069 3986 1107 4049 io
1122 3985 1239 4066 qoibcs
1251 3999 1322 4046 ooo
1333 3997 1446 4046 aerem
1460 3985 1576 4057 coapata
1593 3979 1857 4061 christieedmp-

88 4063 201 4127 Petrus
213 4070 334 4140 martyr,
349 4063 503 4128 christum
520 4081 581 4128 non
599 4081 671 4128 esse
691 4066 900 4144 quaerendum
922 4066 953 4128 in
997 4069 1133 4132 clamem
1147 4069 1291 4147 corperis
1305 4065 1376 4142 eires
1391 4067 1585 4137 coelicolam
1607 4068 1728 4141 puncto
1753 4064 1858 4141 mepta

90 4148 192 4208 altari.
207 4145 269 4208 Sed
283 4149 392 4210 trustra
407 4149 523 4212 nititur.
542 4147 773 4218 chrisostomus
795 4148 877 4210 enim
903 4165 951 4212 se·
997 4150 1359 4230 ooaoccrporienostri,
1376 4145 1537 4228 quaesibi
1552 4145 1634 4208 bero
1662 4145 1706 4207 od
1731 4144 1857 4206 lrobito·

90 4229 449 4308 nnitnrdeascensioae
463 4246 525 4294 nno
540 4231 572 4294 in
586 4231 709 4295 coelum
723 4231 953 4308 corporalesed
998 4234 1345 4315 eninmprcepcrcpa't,
1370 4245 1439 4293 non
1467 4228 1620 4292 (tabernas
1645 4226 1753 4290 locum
1776 4229 1857 4290 dom

90 4312 124 4373 io
141 4309 252 4387 Deam,
267 4329 304 4374 no
318 4329 370 4375 res
384 4321 524 4376 aeternas
550 4320 583 4377 ει
593 4313 780 4393 spirituales,
803 4314 954 4392 neglectis
998 4315 1130 4380 diabolo
1145 4315 1317 4395 opacatae
1331 4314 1376 4377 eis
1390 4313 1479 4393 pund
1492 4312 1570 4374 uait.

91 4395 228 4456 terrenis
240 4395 419 4475 curiasquod
433 4412 509 4459 sane
522 4396 604 4470 lacit,
621 4398 672 4474 qui
685 4395 838 4458 christum
860 4413 953 4474 quae·
1040 4399 1235 4476 Respondent
1250 4393 1312 4460 bne
1328 4396 1453 4458 dubiam
1477 4403 1534 4466 est,
1562 4407 1640 4472 opus
1665 4390 1858 4483 homiliarum

90 4477 145 4543 rit.
160 4477 254 4556 cique
265 4477 420 4551 adhaeret,
438 4480 625 4558 ubicumque
641 4478 761 4540 tandem
778 4481 804 4539 is
820 4478 883 4548 ειι.Ι
997 4480 1225 4560 imperiectum‚
1241 4479 1324 4542 urrde
1339 4484 1494 4557 sumptum
1509 4484 1556 4538 cst
1568 4478 1607 4537 ab
1618 4474 1800 4538 adversariis
1816 4483 1860 4536 tc·

136 4558 283 4634 Quintum
306 4562 515 4623 testimonium
544 4562 639 4624 sumit
662 4577 700 4624 ex
721 4561 827 4622 homil.
853 4559 905 4623 tlt.
922 4561 954 4624 in
998 4563 1188 4632 stimonium.
1205 4579 1266 4626 non
1282 4577 1353 4624 esse
1368 4559 1587 4640 chrysostomi:
1606 4573 1663 4620 nec
1678 4559 1778 4619 minos
1792 4573 1859 4618 cer·

93 4642 230 4720 priorem
244 4641 482 4715 aeconomiae,
498 4643 551 4707 abi
566 4659 677 4722 penem
705 4650 735 4704 ει
755 4642 884 4707 calicem
905 4659 955 4706 an·
998 4651 1062 4709 tum
1078 4653 1136 4712 est.
1154 4661 1233 4730 opus
1247 4644 1324 4708 illud
1339 4643 1430 4706 uariis
1445 4641 1599 4704 erroribus
1614 4646 1744 4704 scatere.
1762 4640 1793 4699 ld
1806 4656 1859 4700 an·

94 4730 147 4786 cat
160 4724 392 4788 memuatmn.
405 4725 471 4788 Sed
485 4729 522 4788 ad
537 4727 598 4790 boc
618 4727 682 4807 jam
706 4741 803 4808 saepe
827 4741 955 4805 respon·
999 4730 1112 4790 ructarit
1127 4727 1271 4790 Erasmus
1285 4727 1317 4789 ih
1329 4723 1620 4804 praelalicna3idem
1633 4723 1741 4785 latetur
1753 4721 1859 4784 Petrus

92 4821 165 4870 aum
181 4813 240 4870 esu
252 4808 441 4871 utitbrenim
457 4807 695 4890 chrysostomus
704 4809 807 4871 rerbis
818 4808 912 4870 Pauli.
1000 4818 1122 4891 mertam
1138 4816 1302 4882 alumnae,
1319 4807 1370 4892 qui
1387 4809 1528 4888 legerint,
1554 4806 1643 4868 iaoile
1663 4804 1861 4882 iudicabunt.

138 4889 264 4953 setim
279 4890 487 4954 testimonium
502 4899 550 4955 est
565 4893 595 4954 io
612 4892 696 4954 hom.
718 4891 770 4953 20.
797 4892 828 4952 in
854 4898 954 4967 poste·
999 4893 1093 4956 Porro
1107 4894 1198 4956 rerba
1211 4894 1274 4956 illa:
1290 4893 1332 4955 ln
1345 4891 1463 4971 ouibus
1476 4905 1546 4953 nou
1559 4896 1604 4950 εει
1616 4903 1728 4968 amnuo
1742 4901 1860 4964 eorpus

94 4973 209 5034 riorem
221 4974 263 5036 sd
276 4972 463 5046 cacumina,
479 4973 532 5052 ubi
547 4973 783 5054 chrysostomus
798 4973 882 5041 dicit.
896 4989 956 5037 nnn
1002 4975 1144 5044 Domini.
1159 4978 1217 5041 aed
1230 4975 1374 5054 eorporis
1385 4973 1454 5054 eice
1464 4971 1655 5054 mysterium
1667 4971 1863 5032 centimeter:

92 5055 199 5117 solnm
213 5054 437 5118 cucharistiam
452 5072 524 5120 esse
537 5061 660 5135 eorpus
676 5056 807 5126 homiui,
834 5055 889 5118 sed
915 5061 958 5118 et·
1002 5059 1041 5122 ab
1056 5060 1158 5138 aliquo
1173 5057 1345 5140 ltereagerii
1362 5055 1515 5133 discipata
1531 5056 1642 5118 inserta
1658 5053 1701 5115 iili
1715 5052 1861 5114 homiliae

93 5139 160 5198 iam
175 5150 328 5218 pauperes
342 5154 414 5202 assa
429 5155 543 5219 eorpus
557 5140 688 5210 boniol,
703 5139 743 5201 do
764 5139 878 5218 ouibus
899 5137 959 5200 Do·
1003 5157 1075 5206 esse
1090 5143 1242 5205 ridentur.
1257 5139 1330 5203 liam
1345 5153 1408 5200 nan
1422 5144 1494 5204 suot
1508 5137 1538 5200 iu
1554 5135 1697 5200 omnibus
1708 5134 1860 5213 exempla·

96 5223 204 5282 minos
218 5223 269 5282 nib
288 5219 380 5297 camd
393 5223 457 5286 stoi
469 5239 513 5286 aaa
526 5223 671 5288 minimis
680 5222 750 5284 ielis
759 5221 887 5298 societis.
899 5221 959 5284 mi·
1003 5224 1101 5295 ribrts,
1110 5231 1150 5286 nt
1165 5223 1279 5287 ibidem
1294 5223 1330 5284 nd
1346 5221 1513 5301 marginem
1529 5225 1699 5282 annotatur:
1724 5223 1754 5279 ει
1776 5231 1861 5295 prae·

94 5303 134 5364 ht
145 5303 277 5380 ιεειειιε.
292 5307 326 5366 lt
340 5321 494 5383 pauperes
509 5321 569 5366 oon
582 5311 655 5366 sunt
665 5321 777 5383 corpus
790 5303 899 5366 christi
913 5303 958 5366 oi·
1003 5313 1087 5370 terea
1100 5308 1139 5368 ‘ad
1151 5321 1216 5369 rem
1230 5321 1292 5368 nan
1307 5305 1431 5366 iaciunt.
1456 5302 1528 5364 liam
1555 5300 1736 5380 loquebatur
1758 5305 1863 5362 auctor

94 5387 124 5447 si
141 5388 414 5464 repraesentatire3
429 5403 503 5467 erpo
517 5393 548 5450 et
571 5387 760 5450 Eucharistia
786 5383 884 5448 sotum
911 5403 958 5448 re·
1003 5389 1147 5452 homiliae
1162 5388 1296 5450 derasis
1312 5385 1413 5448 sacris
1440 5384 1546 5464 templi
1573 5383 1757 5458 Salomonis,
1783 5395 1862 5461 onae

95 5469 322 5548 praesentatire
336 5486 450 5549 corpus
466 5477 513 5533 est
527 5469 652 5534 christi.
669 5469 864 5547 Respondeo:
892 5467 957 5532 lton
1003 5472 1160 5534 balthasar
1173 5470 1326 5534 transtulit
1340 5470 1376 5530 ed
1393 5468 1583 5547 pmpbanum
1607 5481 1707 5539 usum,
1739 5470 1769 5526 et
1792 5481 1863 5544 pro·

94 5551 173 5613 dicit
188 5549 424 5632 chrysostomus
451 5554 560 5615 endem
588 5554 680 5616 modo
707 5567 820 5629 corpas
847 5550 957 5614 christi
1003 5559 1107 5635 pterea
1121 5570 1248 5631 repnum
1265 5558 1296 5615 et
1309 5553 1399 5614 ailam
1412 5549 1555 5630 perdidit.
1571 5547 1605 5609 In
1623 5547 1684 5608 illis
1699 5553 1801 5610 autem
1815 5559 1867 5608 ras

44 5699 50 5706 ,
94 5649 169 5697 csse
184 5649 352 5714 pauperes,
368 5651 430 5714 quo
444 5642 494 5698 cst
506 5635 741 5698 cucharistiam
754 5649 793 5697 es
806 5633 874 5696 aliis
888 5632 957 5711 ejus
1002 5639 1058 5712 sis,
1076 5651 1136 5699 non
1152 5637 1252 5699 solnm
1268 5651 1329 5697 non
1345 5640 1408 5698 crat
1423 5647 1526 5695 aerum
1538 5645 1649 5710 corpus
1662 5629 1792 5705 bomini,
1806 5629 1862 5692 sed

94 5716 176 5781 locis
188 5715 484 5797 iassnitiasattsjam
505 5717 664 5802 probatum
691 5723 749 5795 εει,
772 5715 955 5782 Eucharisti
1003 5737 1062 5786 uec
1075 5719 1251 5792 misterium
1265 5718 1344 5792 eius.
1370 5715 1510 5800 benique
1536 5719 1655 5780 conset
1682 5729 1762 5794 opus
1787 5711 1862 5775 iilud

171 5815 330 5874 Banasam
347 5817 407 5875 Vol.
428 5815 474 5874 tlt.
1616 5815 1653 5869 ιι
