4084 6275
301 352 354 411 its
635 379 638 386 ,
958 334 1003 392 DE
1023 333 1247 401 Pollittidirtt

229 502 304 551 cum
314 500 390 549 uere
403 480 584 559 eapaauset
598 474 765 555 agnitione
776 472 850 537 irae
878 472 935 536 liei
962 476 992 536 et
1003 478 1086 537 esset
1131 490 1200 537 cuni
1215 472 1303 541 noris
1317 471 1476 555 Epicureis
1490 472 1577 553 dicit;
1591 472 1782 553 oneratione
1805 472 1913 535 neum
1925 470 2000 547 pla·

228 572 266 634 ia
278 584 352 631 aero
367 566 490 637 dolore·
504 564 594 627 ιἰιιιιι
614 560 732 621 danda
759 573 833 619 curn
860 556 1085 628 calamitates,
1131 565 1264 632 cessent,
1281 564 1311 619 at
1324 558 1441 621 ruinam
1454 558 1516 637 jam
1541 557 1772 637 impendentem
1793 554 1999 627 avertissent,

229 654 477 732 puaesepuutae
489 644 751 721 summersaret,
776 641 930 702 sustinuit
956 638 1086 716 mortifi-
1131 648 1164 703 ut
1178 640 1322 705 scribitur
1334 642 1429 703 Joaaa
1444 640 1475 703 3.

229 736 398 797 nationem.
411 729 546 792 litinlra:
564 727 632 788 Nom
645 731 721 787 situl
740 722 1003 799 mortificationes
1014 723 1086 786 siric
1170 724 1263 788 Porro
1280 723 1349 788 iibri
1365 722 1695 795 renerumlatrunma
1709 722 1901 802 praesertim
1928 718 2000 783 Ter·

227 819 386 880 mandato
406 814 464 876 liei
492 810 665 875 accersitae
689 806 832 884 eorporis
861 805 1084 881 lacerationes,
1129 808 1248 870 tulliani
1265 807 1294 868 in
1311 808 1366 871 lib.
1383 807 1422 867 da
1436 806 1606 869 Paeniteat
1624 822 1651 867 s.
1669 803 1812 886 Cypriani
1829 807 1861 867 in
1880 819 2000 866 mamo-

227 896 496 975 sieutsaariiiculi
510 893 592 955 Baal
604 892 668 954 sihi
686 890 825 953 calama
836 887 1011 965 faciebam.
1031 888 1085 949 l'o·
1128 906 1169 952 ne
1184 892 1223 955 de
1238 888 1466 969 lapsis,l)acinni
1481 891 1513 951 in
1529 888 1689 967 paraenesi
1704 888 1742 951 ad
1757 884 2000 957 Paenitentiam,

228 982 272 1045 les
287 983 372 1045 uitro
387 979 535 1043 mcersili
548 975 711 1039 cruciat-us
728 973 913 1051 ,pertineat
933 971 977 1033 ad
989 986 1084 1047 repu-
1129 990 1155 1036 s.
1173 971 1325 1035 Ambrosii
1341 974 1372 1033 in
1389 972 1442 1033 lib.
1459 972 1497 1033 ad
1512 970 1667 1051 Virginem
1680 978 1872 1049 corruptam;
1883 968 2002 1047 plenis·

228 1064 305 1140 lam,
320 1064 444 1142 frustra
457 1060 626 1125 coluntme
637 1056 801 1119 mandalis
812 1054 993 1128 hominum·
1006 1054 1085 1115 item
1129 1056 1197 1118 simi
1212 1062 1286 1119 snat
1299 1052 1572 1127 exhortationibus,
1598 1055 1637 1117 ad
1650 1069 1756 1133 opera
1781 1052 2002 1132 poenitentiae

224 1156 377 1227 puguant
391 1162 465 1209 cum
478 1145 527 1207 liis
540 1142 732 1221 praeceptis,
749 1138 819 1199 Nou
833 1137 968 1211 occides
982 1137 1082 1211 item,
1128 1138 1281 1201 laboriosa
1297 1145 1406 1218 sponte
1422 1136 1631 1217 surripienda.

226 1230 345 1294 Habeto
360 1230 512 1293 honorem
525 1223 664 1301 corpori.
1167 1224 1207 1284 tc
1223 1222 1302 1283 inter
1316 1220 1375 1283 alia
1391 1221 1539 1281 lucianus
1553 1220 1583 1281 in
1600 1219 1758 1299 paraenesi
1775 1219 1813 1279 ad
1831 1217 2002 1297 paeniten-

269 1312 415 1375 ilartinas
430 1312 519 1372 etiam
533 1306 704 1369 liemnitins
719 1304 749 1363 ia
766 1301 898 1363 examin.
925 1316 983 1361 suo
1005 1305 1083 1379 part.
1126 1303 1210 1376 tiam,
1227 1309 1296 1383 post
1309 1303 1527 1367 Tertullianum
1543 1300 1589 1363 sic
1603 1302 1654 1362 ait:
1671 1302 1712 1365 la
1726 1310 1899 1383 quantam
1923 1315 2001 1377 poe·

228 1392 260 1457 2.
277 1413 349 1475 pag.
368 1391 653 1466 ltililsatisaperte
668 1386 769 1465 rejicit
784 1384 863 1446 duos
877 1383 948 1445 illos
964 1384 1084 1457 modos,
1125 1403 1190 1451 uae
1202 1394 1325 1453 amirae
1338 1401 1406 1450 aaa
1431 1385 1661 1465 peperceritis,
1690 1386 1728 1446 ia
1754 1390 1892 1447 tamtam
1914 1381 2001 1444 nobb

226 1478 279 1539 nbi
296 1483 425 1540 tractans
441 1477 541 1536 lacurn
557 1468 704 1552 Apostoli:
731 1466 766 1530 si
785 1480 844 1529 nos
857 1466 1083 1545 ipsosp'udioa·
1128 1469 1211 1533 Deus
1224 1477 1346 1549 parcet.
1362 1468 1400 1531 Et
1413 1486 1441 1531 s.
1455 1468 1618 1545 Gregorius
1633 1468 1700 1528 laco
1715 1484 1808 1544 supra
1835 1467 1895 1529 cit.
1909 1466 1999 1527 libe.

225 1576 334 1624 rernm
349 1564 406 1622 etc.
425 1561 454 1619 l.
471 1556 607 1620 Corinth.
624 1551 674 1614 tt.
691 1551 758 1613 don
771 1549 1001 1626 rutilaminquit,
1017 1566 1085 1613 uer·
1124 1552 1229 1615 baral.
1245 1570 1313 1631 cap.
1331 1552 1382 1613 ui.
1397 1550 1613 1629 Deliapueati,
1630 1550 1739 1627 inanit,
1761 1549 1932 1611 Dominus
1946 1564 1999 1611 ire·

230 1644 269 1705 ba
283 1641 399 1714 κρίνειν,
415 1643 496 1704 siem
511 1635 676 1714 Pontificii
684 1636 941 1710 interpretantur
964 1634 1005 1694 de
1026 1633 1085 1694 eie·
1128 1651 1296 1715 quaquam
1308 1635 1427 1715 parcit:
1442 1638 1500 1695 aul
1515 1634 1602 1697 enim
1614 1634 1685 1711 ipse
1706 1632 1800 1695 hamo
1827 1634 1869 1697 ia
1883 1648 1922 1693 se
1942 1631 1997 1693 hoc
2038 1668 2039 1677 2

227 1728 321 1789 aldiis
334 1725 458 1804 poetam,
475 1736 559 1801 puae
573 1727 740 1796 toroneam
760 1714 1012 1792 satisfactiones,
1028 1722 1086 1779 aul
1126 1720 1292 1796 poeniteris
1304 1719 1411 1796 panii,
1428 1722 1487 1779 aut
1500 1715 1559 1777 hoc
1574 1717 1656 1779 licus
1671 1731 1745 1779 cum
1765 1716 1908 1777 homine
1933 1717 1997 1777 ain·

225 1809 499 1886 eompeimaliones
512 1820 572 1884 pro
585 1801 724 1882 peccatis
740 1844 749 1872 ,
771 1798 821 1859 ael
833 1798 1016 1861 uoluntaria
1030 1815 1084 1862 aa·
1127 1802 1241 1863 dunas
1254 1801 1404 1879 percutit.
1421 1799 1474 1861 uni
1491 1806 1640 1862 consonat
1660 1799 1742 1877 qnod
1765 1798 1883 1861 scribit
1898 1815 1928 1859 s.
1944 1798 1996 1859 hu·

224 1893 417 1971 eripiuntur,
433 1889 484 1952 uel
497 1905 518 1949 a
529 1882 724 1963 confessario
744 1879 974 1961 iniungantur.
993 1882 1027 1941 ut
1040 1882 1083 1943 ia·
1127 1886 1270 1961 gostinus
1285 1884 1366 1963 apud
1381 1884 1492 1947 Bedarn
1509 1882 1541 1943 in
1556 1897 1669 1943 comm.
1685 1898 1753 1956 cap.
1771 1882 1949 1960 ti.prioris
1962 1880 1994 1941 sd

224 1973 269 2035 ira
284 1984 355 2053 pag.
374 1971 464 2035 tuse.
481 1976 572 2049 negat
596 1966 750 2048 pertinere
778 1963 814 2022 ad
842 1964 954 2040 clares,
982 1964 1083 2036 iniun·
1129 1966 1267 2029 Corinth.
1284 1968 1313 2027 ia
1332 1966 1419 2029 ittnd:
1439 1965 1475 2027 Si
1484 1980 1543 2027 rios
1557 1964 1644 2043 ipsos
1663 1964 1913 2044 indicaremus,
1936 1978 1994 2025 aaa

223 2056 355 2117 ctionem
371 2053 603 2119 satisfactionis:
619 2055 650 2111 et
664 2064 734 2127 pag.
759 2045 849 2107 tues.
880 2046 920 2107 ita
950 2049 1058 2110 scribit
1075 2066 1083 2109 :
1127 2051 1241 2129 utique
1249 2050 1489 2127 judicarentur.
1506 2047 1567 2109 Pro
1582 2047 1648 2109 illis
1670 2048 1825 2125 peccatis,
1854 2062 1946 2125 puae
1959 2048 1994 2107 le·

227 2136 317 2213 Quod
332 2140 523 2208 dictumest,
541 2134 700 2213 Optimam
721 2128 1085 2208 etaptissimampoeai·
1127 2133 1178 2209 pis
1193 2133 1368 2210 decalogus
1391 2132 1545 2205 ,continet
1568 2136 1597 2191 et
1619 2131 1658 2192 de
1684 2130 1801 2209 quibus
1826 2130 1994 2208 Apostolus

210 2211 1083 2292 ,tentiamesse,aoanmoiram;naachaoetsententiam:
1128 2217 1185 2277 ait:
1206 2213 1364 2291 Quoniam
1379 2216 1438 2294 qui
1451 2214 1535 2277 talia
1548 2218 1660 2290 apuat,
1686 2229 1832 2291 regnum
1858 2210 1920 2275 uei
1933 2228 1995 2275 aaa

220 2310 293 2380 post
304 2309 468 2383 acceptam
480 2301 544 2380 ilde
553 2297 683 2378 propter
698 2295 855 2359 Christum
865 2296 1086 2361 remissionem
1127 2298 1347 2374 possidebam,-
1362 2300 1398 2360 in
1410 2296 1612 2375 paenitentia
1626 2294 1787 2371 maiorem
1799 2296 1843 2357 in
1856 2313 1892 2357 se
1913 2298 1995 2375 pars·

221 2392 440 2463 peccalorum,
455 2400 524 2447 aon
535 2382 662 2461 requiri
673 2384 844 2458 praeterea
866 2378 969 2441 aliam
985 2379 1083 2443 Satis
1128 2396 1190 2459 que
1203 2381 1403 2443 seuemtatem
1417 2381 1508 2441 debet
1522 2394 1684 2449 exercerc,
1700 2384 1737 2441 ut
1758 2396 1780 2440 a
1804 2395 1844 2439 se
1865 2380 1934 2456 ipso
1943 2378 1995 2456 ju·

223 2468 409 2544 factionem,
433 2474 490 2531 out
510 2465 729 2544 captationem
747 2478 807 2538 pro
832 2462 982 2539 peccatis,
1012 2477 1086 2525 cum
1128 2464 1266 2535 dicatus,
1282 2478 1350 2525 aaa
1359 2463 1528 2539 judicetur
1543 2478 1565 2522 a
1578 2460 1727 2529 Domino,
1742 2469 1779 2523 ut
1798 2462 1898 2527 intem
1917 2462 1995 2539 dpa-

222 2551 324 2613 simus
336 2552 375 2613 ia
391 2550 509 2613 Christo
524 2546 748 2614 comammati,
776 2544 834 2605 sed
858 2545 984 2623 requiri
1001 2546 1086 2609 iliud
1127 2552 1226 2608 stolus
1242 2548 1301 2620 ait,·
1318 2545 1354 2607 Si
1368 2547 1456 2607 enim
1469 2561 1528 2607 nos
1546 2544 1786 2625 judicaremus,
1815 2561 1840 2605 a
1861 2542 1994 2607 liciniae

223 2636 312 2713 quod
332 2632 502 2714 Scriptura
513 2629 713 2710 praescribis
728 2627 842 2689 Desine
856 2643 878 2689 a
891 2629 979 2693 malo
990 2636 1020 2691 et
1032 2629 1085 2707 [ac
1127 2642 1196 2690 aaa
1204 2628 1446 2705 judicaremur.

224 2714 357 2779 bonum.
1169 2711 1210 2771 ux
1225 2726 1285 2789 quc
1301 2711 1513 2789 intelligimus,
1530 2724 1636 2787 param
1651 2709 1690 2771 ad
1707 2724 1770 2770 ram
1784 2706 1906 2783 iacere,
1917 2710 1993 2789 quod

264 2795 410 2862 hlartinds
424 2798 576 2860 Lutherus
591 2796 621 2857 in
638 2799 747 2855 asseri.
763 2798 819 2852 art.
835 2791 866 2853 5.
879 2791 1084 2870 admittilaai·
1128 2795 1242 2854 notauit
1256 2792 1635 2869 tainnirins,.tpostalun
1653 2808 1713 2853 aaa
1729 2807 1821 2853 asum
1843 2807 1921 2854 csse
1936 2809 1994 2853 rar·

223 2881 307 2955 dem,
323 2887 408 2943 reate
422 2882 521 2943 iacere
537 2878 718 2941 Ecclesiam,
744 2875 829 2944 dum,
859 2881 891 2937 ut
916 2878 963 2952 pia
989 2885 1084 2938 mater
1129 2874 1168 2937 bo
1183 2873 1313 2956 spineta,
1343 2873 1571 2957 salutamina
1591 2922 1596 2943 ,
1620 2890 1690 2937 cura
1706 2877 1756 2935 ait:
1775 2873 1811 2935 Si
1833 2890 1899 2937 mos
1907 2874 1994 2955 judi·

222 2965 408 3042 quibusdam
438 2960 690 3042 castigationibus
717 2956 797 3017 lilios
825 2972 898 3017 suos
928 2958 1082 3037 puniens,
1127 2972 1286 3023 caremus:
1299 2960 1450 3037 siquidem
1465 2958 1628 3035 Apostolus
1641 2972 1696 3037 per
1706 2973 1812 3019 rocem
1824 2952 1993 3038 διακρίνειν,

221 3046 384 3125 praeuenit
396 3062 519 3107 manum
535 3044 669 3105 Deizann
684 3048 785 3100 tannen
799 3038 928 3099 admittit
943 3041 1001 3103 linc
1017 3057 1086 3120 per·
1128 3041 1277 3104 intellexit
1294 3044 1418 3119 qnidam
1435 3043 1589 3104 discutere
1605 3058 1639 3101 ac
1664 3041 1859 3111 discernere,
1887 3048 1922 3101 ut
1945 3058 1994 3102 ior

224 3131 324 3202 tinere
340 3129 377 3190 ad
393 3130 508 3200 clares,
524 3144 592 3189 cam
615 3121 663 3206 (ιιι
686 3124 755 3202 ipse
780 3121 876 3198 nirtat)
901 3120 1035 3202 ligentur
1056 3133 1086 3188 et
1128 3124 1195 3203 ipsa
1212 3127 1334 3205 proprie
1349 3124 1513 3205 significat,
1530 3125 1585 3185 sed
1602 3124 1683 3186 baud
1709 3122 1803 3185 dubie
1832 3123 1944 3196 uoluit,
1967 3132 1996 3186 ιιΙ

225 3216 381 3274 sotiantur
395 3217 530 3290 peccata,
548 3226 608 3270 noa
623 3213 724 3271 autem
738 3204 893 3269 confessio
918 3207 965 3268 rel
989 3207 1084 3272 Satis·
1122 3210 1182 3287 ,qui
1198 3226 1233 3271 se
1247 3211 1425 3282 discutiunt,
1442 3211 1467 3269 si
1482 3207 1639 3270 malefacta
1654 3207 1685 3267 ia
1701 3221 1736 3270 sc
1761 3207 1940 3274 inveniunt,
1963 3225 1994 3268 ea

225 3296 315 3358 iactio
332 3293 417 3373 ligari
432 3300 483 3355 ant
497 3293 573 3355 solri
589 3298 673 3353 reete
688 3290 747 3352 dici
764 3287 872 3364 possit.
1130 3293 1285 3372 corrigant
1314 3298 1343 3352 et
1358 3293 1539 3370 puniant,ne
1554 3307 1569 3350 a
1586 3289 1715 3351 Domina
1730 3290 1855 3368 granius
1866 3293 1994 3368 punian-

268 3377 328 3438 Sed
344 3377 433 3438 tacilc
449 3375 539 3436 nobis
555 3376 622 3441 erit,
640 3381 802 3449 utromque
825 3369 946 3432 modum
969 3373 1087 3436 salisin·
1132 3380 1189 3442 lur,
1206 3384 1239 3437 ut
1253 3391 1280 3437 s.
1298 3373 1486 3452 Augustinus
1501 3378 1584 3434 reete
1600 3374 1752 3450 exposuit.
1769 3371 1868 3446 Quem
1893 3374 1996 3451 sepni-

226 3460 343 3532 oicndi,
360 3466 390 3520 et
405 3474 460 3537 per
474 3473 590 3536 poenas
605 3461 713 3534 sponte
729 3459 913 3530 assumptas,
928 3461 957 3514 el
973 3472 1027 3530 par
1042 3457 1087 3518 in·
1133 3464 1179 3519 Ιιιι
1194 3457 1359 3521 anselmus
1374 3464 1404 3519 in
1420 3458 1553 3520 eundem
1570 3455 1684 3534 iocnm3
1700 3461 1730 3516 et
1744 3455 1782 3515 nb
1799 3455 1850 3516 bis
1873 3471 1938 3516 ann
1953 3457 1995 3515 di·

223 3541 376 3622 jnnctasa
393 3541 617 3609 sacerdotibus,
634 3554 671 3600 cx
685 3535 796 3599 divinis
812 3534 953 3610 literis,el
968 3538 1086 3602 Petrum
1131 3550 1252 3619 screpat
1268 3542 1517 3608 coarmantanius,
1535 3541 1587 3616 aui
1603 3538 1746 3601 tribuitur
1764 3537 1997 3616 ambrosianai

226 3623 410 3688 testimoniis
426 3624 646 3685 demonstrare.
732 3698 734 3701 Ι
1132 3641 1186 3704 per
1207 3622 1363 3705 bicipitem
1390 3623 1532 3699 intelligit
1561 3627 1657 3682 errata
1674 3638 1735 3682 aaa
1751 3621 1855 3682 solum
1880 3621 1998 3683 discer-

270 3708 311 3767 ltc
327 3707 458 3769 Primam
475 3707 513 3768 de
529 3703 639 3783 paenis
654 3706 764 3780 sponte
778 3701 943 3778 assumptis
959 3708 1001 3766 lot
1015 3714 1088 3770 suat
1123 3723 1216 3780 ‘aare
1233 3711 1288 3768 sed
1305 3711 1393 3766 etiam
1410 3703 1577 3782 corrigere:
1595 3721 1665 3766 cnm
1676 3705 1790 3782 auibus
1801 3705 1995 3781 apertissime

226 3789 257 3850 in
275 3788 438 3868 scripturis
454 3788 591 3866 exempta
620 3803 655 3847 ac
670 3783 891 3856 testimoniam
909 3786 1019 3852 miram
1033 3789 1083 3865 sit,
1131 3793 1223 3850 scatit
1239 3789 1475 3867 Chryscslomus
1492 3787 1575 3848 liam.
1591 3785 1643 3849 42.
1661 3788 1690 3848 ia
1703 3786 1809 3848 liattb.
1826 3784 1928 3856 Audi,
1949 3788 1994 3847 ia·

227 3871 368 3948 patuisse
383 3871 413 3932 ia
426 3877 560 3932 mentem
575 3867 707 3947 alienius
720 3868 843 3942 cadere,
860 3871 892 3927 ut
906 3867 935 3929 id
949 3877 1084 3949 negaret.
1132 3873 1198 3948 anit
1212 3870 1457 3950 chrysostomus,
1471 3869 1615 3931 Paulum
1629 3870 1802 3942 dicentem·
1818 3867 1857 3932 sa·
1874 3884 1936 3930 nor
1947 3871 1995 3946 ip·

227 3955 301 4028 Qnis
317 3970 343 4016 s.
359 3952 428 4016 lob.
445 3953 548 4031 coegit
576 3953 793 4030 poenitentiam
816 3964 908 4030 agera
924 3951 954 4011 ia
984 3955 1083 4015 invilla
1130 3969 1181 4016 scs
1190 3951 1440 4034 judicaremus,
1467 3969 1537 4015 non
1559 3955 1674 4032 utique
1691 3951 1934 4028 judicaremur.
1957 3954 1994 4012 Et

228 4037 389 4116 etcinere.
414 4037 482 4116 ejus
508 4034 623 4106 delicti,
650 4036 733 4112 quod
759 4033 852 4093 rerba
877 4036 1088 4098 commiserati
1131 4035 1552 4116 accommodaremus,
1570 4035 1996 4113 amcipsoraticaesainen·

229 4121 274 4179 sic
286 4121 366 4181 enirn
379 4120 448 4197 ipse
459 4116 831 4197 nircnpnttimipienter
842 4115 1087 4192 lupualussum,
1130 4120 1176 4191 di,
1193 4127 1223 4183 et
1236 4120 1434 4197 mppriaiam
1449 4120 1601 4197 ιωιριιιιιι
1615 4117 1733 4198 harpen
1752 4116 1997 4196 lachrymarum

228 4203 349 4264 idcirco
363 4202 432 4278 ipse
444 4217 496 4263 me
509 4200 720 4278 reprebendo,
737 4204 766 4260 et
779 4212 840 4276 apo
857 4198 1090 4276 poenitentiam
1131 4199 1260 4280 chuade
1274 4201 1399 4280 numos,
1419 4199 1582 4264 laboribus
1597 4215 1636 4264 oo
1650 4199 1770 4278 uigiliis
1785 4205 1814 4262 te
1828 4199 1939 4278 ipsum
1952 4201 1997 4276 ai·

227 4286 267 4346 in
279 4283 393 4361 fauilla
420 4291 450 4345 el
464 4284 582 4346 maere.
598 4283 673 4354 ouis
688 4279 831 4342 uaricem
853 4281 952 4357 co'e'git
970 4283 1088 4357 jejuna·
1130 4283 1205 4364 ilipa
1220 4291 1277 4347 etc.
1656 4329 1659 4336 .

229 4382 263 4428 re
278 4373 309 4428 et
324 4366 408 4427 humi
421 4365 542 4442 jaceret
569 4365 599 4427 2.
617 4365 731 4438 Regum
749 4361 800 4423 12.
816 4369 847 4426 ιι
861 4380 976 4442 ponere
999 4367 1088 4428 resti·
1173 4367 1276 4447 Neque
1292 4372 1468 4446 argumenta
1484 4367 1535 4427 ilia
1550 4365 1695 4446 Philippi,
1720 4363 1800 4443 quod
1823 4367 1997 4442 pertineant

230 4457 365 4510 mentum
381 4465 472 4511 sunm
487 4448 637 4511 ciliciam?
652 4445 730 4508 lsai.
755 4442 807 4506 68.
823 4452 854 4508 ιι
879 4463 988 4528 panem
1009 4450 1090 4512 sicut
1133 4465 1251 4528 poenae
1264 4456 1374 4528 sponte
1390 4457 1565 4527 assumptae
1581 4450 1618 4509 ad
1634 4447 1785 4527 regulam:
1798 4446 1997 4510 immanen-

230 4531 366 4592 cincrem
382 4533 566 4594 mandncnre
584 4537 625 4591 -et
639 4536 743 4608 polum
758 4544 828 4592 cum
844 4528 916 4593 fletu
943 4533 1091 4594 miscere?
1134 4532 1204 4595 lunt
1216 4547 1266 4594 me
1279 4533 1445 4595 mandatis
1458 4531 1673 4595 leontinumet
1684 4532 1765 4606 auod
1777 4539 1921 4608 pugnent
1931 4549 1997 4593 cnm

230 4613 344 4676 Psalm.
362 4613 433 4676 itit.
450 4630 555 4676 nonne
570 4614 646 4676 baec
660 4611 776 4681 omnia,
801 4620 832 4674 et
856 4617 912 4677 alia
939 4616 969 4677 id
991 4631 1091 4694 genus
1133 4619 1317 4692 praeceptis:
1335 4614 1404 4676 Noa
1417 4616 1553 4690 occides,
1570 4621 1612 4686 et,
1627 4611 1919 4676 liaberahanorem
1930 4631 1998 4676 cur·

228 4698 337 4762 multa.
355 4713 382 4757 s.
400 4697 493 4758 liarid
509 4703 688 4772 spoalesua
703 4695 881 4768 iaciebat,ut
896 4701 934 4761 de
959 4713 994 4757 se
1017 4714 1090 4775 poc·
1132 4699 1216 4776 pori.
1244 4696 1438 4759 Concludunt
1462 4697 1596 4778 aliquid:
1623 4695 1737 4775 alioqui
1764 4696 1998 4772 reprehendere

231 4795 287 4841 nas
300 4785 446 4843 sumeret.
462 4779 502 4840 ab
517 4783 640 4854 paccata
655 4777 686 4838 in
702 4776 798 4838 Deum
814 4781 963 4840 admisso?
983 4779 1088 4840 donne
1134 4795 1315 4858 cogeremur
1342 4795 1370 4842 s,
1392 4779 1463 4851 lob,
1489 4779 1634 4841 Davidem
1658 4777 1840 4858 prophetam
1866 4786 1901 4839 et
1922 4781 1997 4840 alios

231 4862 322 4922 etiam
338 4860 441 4922 Achab
456 4867 566 4938 sponte
578 4877 632 4921 sua
645 4859 778 4920 cilicium
790 4861 827 4920 ad
839 4862 1086 4935 caraemindait,
1132 4862 1344 4924 sanctissimos
1358 4864 1512 4936 homines,
1529 4877 1608 4942 quos
1623 4866 1872 4938 coastatpoeaas
1884 4865 1999 4925 multas

230 4951 263 5005 ut
277 4942 372 5004 licum
389 4942 533 5022 placaret,
547 4941 757 5022 jejunavitque
782 4948 811 5002 et
825 4943 966 5004 dormivit
977 4943 1006 5001 in
1020 4959 1084 5005 sac·
1133 4953 1242 5021 spania
1257 4946 1498 5022 suscepissent
1514 4951 1638 5024 peccata
1653 4944 1685 5005 ia
1701 4959 1736 5005 se
1752 4945 1914 5021 punirent.

230 5043 279 5098 ca,
293 5033 325 5087 ut
340 5027 471 5104 legimus
485 5025 516 5087 e.
532 5025 646 5104 lingum
662 5025 713 5084 2i.
730 5030 760 5084 et
774 5022 921 5086 Dominus
937 5027 975 5086 de
990 5041 1028 5086 eo
1049 5030 1087 5088 ad
1173 5026 1251 5089 iilud
1269 5026 1514 5105 igiturdlrustra
1526 5029 1637 5090 columi
1649 5042 1700 5089 mc
1712 5027 1881 5088 mandans
1896 5027 2000 5090 homi·

228 5107 328 5170 Etiam
341 5108 426 5169 dixit:
443 5107 553 5171 Nonne
565 5109 674 5170 mdisti
688 5106 894 5170 humiliatum
914 5107 1018 5170 lebab
1039 5126 1088 5171 ao·
1134 5117 1225 5185 num,
1244 5127 1303 5172 aun
1320 5111 1411 5172 babet
1426 5113 1526 5174 locam
1543 5113 1573 5172 in
1588 5127 1622 5172 re
1644 5110 1812 5188 proposita:
1836 5117 1903 5170 tum
1932 5113 2000 5188 auia

162 5240 172 5256 .
226 5207 302 5254 ram
314 5191 477 5270 catania
489 5189 794 5266 ipilurbamilinius
808 5198 853 5252 est
872 5194 937 5254 mei
959 5207 1085 5267 causeo,
1137 5191 1284 5256 Dominus
1299 5210 1337 5254 ea
1352 5194 1419 5256 laco
1436 5209 1496 5256 aaa
1513 5192 1646 5271 loquitor
1659 5194 1699 5253 de
1714 5207 1763 5264 aa,
1780 5191 1865 5270 qaod
1887 5202 2001 5272 sponte

227 5288 297 5336 mon
310 5276 469 5337 inducam
481 5275 655 5339 maiumin
669 5272 780 5336 duom
794 5272 956 5352 eiua,0nid
973 5279 1025 5336 ret
1037 5275 1086 5338 iii·
1137 5276 1267 5355 agimus,
1284 5276 1393 5338 sedda
1408 5293 1457 5350 eo,
1474 5276 1556 5354 quod
1571 5275 1698 5337 iacimus
1713 5289 1749 5337 er
1765 5276 1931 5336 bominum
1949 5279 2001 5337 iar·

229 5357 401 5420 atritarum,
419 5371 523 5418 noane
536 5363 649 5435 sponte
660 5372 716 5419 aaa
730 5359 860 5418 surrexit
881 5359 920 5419 de
944 5359 1034 5426 sotio,
1058 5364 1088 5420 cl
1131 5359 1229 5436 peria:
1246 5364 1308 5422 tum
1324 5359 1395 5436 auia
1412 5375 1472 5420 aaa
1489 5358 1633 5437 displicet
1647 5357 1709 5420 lieo
1724 5357 1908 5419 obedientia
1931 5377 1999 5434 erpa

228 5438 348 5511 abjecto
363 5441 544 5502 vestimento
558 5456 626 5507 suo,
642 5439 768 5501 indatus
782 5447 831 5502 est
843 5457 945 5514 sacca,
962 5447 992 5501 et
1006 5441 1087 5502 sedit
1131 5441 1285 5510 homines,
1303 5443 1361 5502 nisi
1387 5442 1508 5519 qnando
1534 5441 1680 5504 contraria
1708 5439 1771 5501 lieo
1798 5443 1999 5518 praecipiant

227 5519 392 5588 incinere,
408 5522 600 5599 circinnium
622 5521 674 5581 lati
697 5523 811 5599 populo
835 5539 892 5584 suo
915 5522 1039 5584 indixit?
1053 5521 1084 5585 Si
1131 5524 1285 5586 homines:
1301 5519 1514 5602 tuindeniqui
1529 5526 1598 5603 auin
1615 5539 1674 5584 aaa
1690 5524 1852 5584 hominnm
1869 5527 1929 5586 sed
1948 5523 1998 5585 aa

229 5617 348 5678 poenae
361 5605 438 5666 istae
453 5611 563 5680 sponte
577 5611 763 5681 assumptae,
781 5605 954 5683 hypocritae
966 5613 1082 5676 essent,
1131 5607 1303 5669 mandatnm
1319 5614 1377 5680 est,
1394 5613 1426 5668 ut
1441 5607 1492 5686 qai
1508 5607 1647 5686 peccarit
1671 5606 1893 5682 poenitentiam
1917 5620 1999 5684 agat:

230 5690 262 5744 et
275 5700 344 5746 cnm
361 5687 532 5763 praeceptis
546 5686 658 5748 diiinis
670 5692 855 5765 pugnarent,
871 5695 903 5749 ut
925 5688 1084 5767 Phiiippus
1130 5690 1393 5770 elpocnitealiam
1410 5690 1584 5768 Scripturas
1599 5693 1713 5768 passim
1735 5689 1923 5752 describant
1947 5707 2002 5769 per
