4084 6275
288 409 340 467 los
498 405 499 408 ’
845 406 890 467 DE
906 406 1058 469 busseio
1078 402 1369 471 stunlllltb'l’obllll

210 548 316 611 contra
328 560 399 623 nos,
415 544 471 611 sed
486 559 542 626 pro
557 538 659 606 nobis.
671 539 748 604 'dum
763 545 868 605 auctor
893 542 944 605 lrlc
968 542 1067 621 loqui·
1115 543 1273 609 Faustum.
1285 556 1354 619 cap.
1371 536 1421 601 lli.
1437 532 1605 603 illarerba:
1623 536 1804 617 comeant.
1822 554 1976 627 quaeque

208 629 309 689 lurda
322 644 431 692 caussa
446 624 643 697 turmalibus
658 624 698 687 de
712 622 866 687 ciliciento
877 624 1068 705 jusllllcntio-
1114 623 1300 705 corporolia
1312 624 1529 695 accremento,
1544 621 1612 685 nisi
1636 626 1802 705 quaedam
1814 626 1914 692 aerbo
1927 627 1976 691 at·

209 711 270 783 cis,
283 728 320 773 ac
333 710 407 775 dicii
417 710 574 777 bominem
597 706 761 781 immmmi,
792 712 823 769 et
843 708 981 770 renouari
1007 723 1067 770 noc
1113 706 1332 772 sicilicillinc
1346 703 1428 767 enim
1443 702 1547 787 colligi
1561 708 1679 785 putant,
1706 715 1975 773 sacramentarios

212 808 268 871 per
282 802 437 857 externam
451 793 610 864 lotionem,
626 793 714 869 quasi
730 790 806 864 nibil
831 790 873 853 sit
897 790 1069 869 Baptismus
1111 791 1292 871 iustificare,
1309 787 1370 850 nisi
1384 801 1469 849 moro
1484 787 1654 865 concionis,
1672 796 1722 853 aul
1737 791 1874 870 picturae
1895 808 1976 874 quac

212 874 330 947 noster,
346 877 406 938 nisi
422 874 577 937 mundatio
592 872 705 944 carnis,
731 876 765 933 ut
786 872 858 935 olim
887 872 1068 950 llnplismnla
1116 874 1218 937 solnm
1233 868 1492 951 repraesentando
1507 868 1581 949 agit.

210 956 409 1035 iudaeorum,
425 958 479 1019 sed
496 971 552 1035 per
563 955 763 1035 ildem‚.qnne
777 972 846 1016 curn
863 962 911 1018 est
936 956 1068 1032 perlecta
1155 951 1557 1033 Respondeotdugustinum
1573 967 1610 1015 eo
1625 952 1694 1017 loco
1708 956 1866 1035 assignare
1877 974 1975 1021 unum

211 1046 243 1102 et
257 1039 333 1115 riva,
350 1041 514 1105 formaliter
528 1038 656 1099 mundat
670 1043 700 1099 cl
710 1036 869 1116 justillcal,
885 1037 969 1115 justa
980 1036 1068 1098 illud
1115 1034 1299 1101 sacramenti
1314 1033 1468 1105 ellectum.
1499 1034 1590 1107 idest,
1619 1036 1889 1117 significationem,
1915 1038 1975 1104 scd

213 1121 305 1192 Petri,
321 1123 423 1186 Actor.
441 1121 490 1184 15.
507 1119 588 1185 nece
607 1117 787 1198 purificans
815 1121 916 1182 cordo
943 1134 1067 1183 eorsum.
1114 1136 1176 1183 non
1193 1124 1355 1199 propterea
1370 1132 1483 1196 negarc
1508 1123 1657 1195 caeteros,
1687 1136 1766 1195 qnos
1791 1121 1864 1183 alibi
1878 1137 1975 1201 scapo

173 1214 177 1227 ⁴
214 1204 300 1267 linum
315 1210 415 1267 aulem
429 1203 533 1276 fldem,
550 1202 803 1265 idestlormalem
816 1200 1069 1282 justillcalionem
1114 1205 1228 1283 posuit.
1246 1200 1306 1264 Cur
1320 1203 1420 1263 aulem
1436 1214 1474 1261 eo
1488 1200 1556 1263 loco
1571 1201 1671 1263 solum
1686 1202 1725 1265 dc
1746 1203 1974 1283 significatione

214 1281 265 1349 bic
278 1293 383 1349 auctor
396 1286 471 1349 dicit
484 1285 549 1348 dari
571 1284 603 1346 in
627 1285 792 1363 llaplismo:
821 1286 924 1364 dqcc,
955 1283 1066 1363 inquil,
1114 1292 1196 1363 agat3
1210 1300 1319 1347 caussa
1334 1280 1475 1359 luit,quia
1489 1282 1664 1360 disputabat
1677 1284 1717 1347 de
1730 1286 1978 1353 sacramentis'in

214 1369 368 1437 cernuus.
384 1369 512 1448 sedqui
529 1382 600 1431 nors
621 1366 761 1438 omeliam
787 1365 929 1446 Spiritus
954 1383 1069 1445 opern-
1113 1370 1240 1447 genere,
1257 1363 1780 1446 idestdasacramentisnlriusqae
1795 1368 1977 1435 Testamen-

209 1458 277 1523 tum
292 1457 329 1513 ot
341 1448 468 1529 fidesic
480 1452 550 1530 ipso
563 1451 616 1512 ait.
634 1447 688 1509 Ubi
704 1465 764 1511 non
792 1455 894 1530 polest
920 1450 1004 1526 loqui
1029 1449 1069 1510 de
1108 1451 1147 1511 ti:
1162 1449 1290 1527 proinde
1302 1462 1418 1527 ponere
1432 1446 1541 1510 debuit
1560 1444 1704 1510 effectum
1731 1466 1925 1523 communem
1941 1468 1975 1514 o·

211 1533 272 1595 llde
287 1532 467 1613 imperiecla
496 1531 691 1604 atinensem,
720 1531 994 1611 quaesecundum
1010 1548 1068 1594 nos
1114 1529 1462 1615 mnibnssacramentis.
1480 1527 1540 1591 Cur
1550 1535 1650 1593 autem
1662 1533 1861 1611 appellaverit
1872 1550 1974 1599 sacra·

210 1616 349 1693 disponit
375 1616 414 1697 nd
438 1614 702 1697 justificationem.
731 1620 762 1677 ct
789 1629 869 1693 queo
896 1613 1067 1676 secundum
1112 1610 1976 1701 montarisibillarerba,illulultcaussaquiadispula·

209 1694 411 1773 lutheranus,
437 1695 641 1777 apprehendit
662 1695 925 1774 iustificationum,
952 1697 1009 1758 isla
1037 1712 1067 1759 e·
1113 1696 1165 1759 bat
1178 1702 1281 1760 eontra
1296 1694 1504 1770 lilaniclraoos,
1521 1693 1573 1775 qui
1586 1698 1857 1774 reprehendebant
1876 1706 1975 1763 muta·

209 1779 273 1841 nim
289 1780 578 1857 praecederedebet
592 1778 790 1857 Baptismum.
806 1778 953 1859 Loquitur
978 1779 1069 1857 igitur
1113 1779 1225 1844 tionem
1239 1783 1499 1841 sacramentorum
1511 1782 1647 1841 veterum
1664 1780 1694 1842 in
1716 1796 1806 1845 nora:
1829 1798 1875 1845 nc·
1887 1782 1973 1847 dixe·

208 1862 248 1924 dc
263 1861 325 1925 lida
339 1863 486 1942 perlecta,
502 1878 581 1941 quae
607 1860 778 1922 inlundllur
792 1861 823 1923 in
850 1861 1014 1937 iculisma,
1038 1866 1070 1922 et
1111 1869 1157 1923 rai
1172 1859 1347 1925 necessario
1363 1859 1508 1923 mutando
1523 1857 1620 1923 tuisse
1648 1860 1740 1925 rerba
1767 1869 1837 1941 post
1857 1862 1971 1929 Gbrisli

207 1960 288 2023 quae
301 1944 639 2023 juaiocatlormaltter.
653 1942 739 2031 Quod
755 1942 838 2006 idern
850 1942 1067 2006 definiritcou-
1111 1945 1288 2020 adrentum3
1302 1950 1372 2004 nam
1386 1958 1457 2009 curo
1472 1947 1592 2005 veteres
1606 1940 1756 2013 dicerent.
1770 1944 1909 2011 cbristus
1919 1964 1972 2009 re·

207 2026 314 2089 cilium
324 2029 448 2091 uideni.
463 2043 546 2091 sess.
560 2026 592 2094 o.
606 2042 676 2105 cap.
694 2023 724 2088 l.
1111 2025 1187 2097 niet,
1206 2027 1363 2099 cooriatur,
1380 2030 1532 2104 resurget,
1548 2039 1606 2088 nos
1621 2025 1724 2089 dicare
1736 2028 1901 2093 dabamus:
1915 2030 1972 2095 lle·
2034 2022 2035 2107 l

247 2109 350 2173 lardo
364 2109 478 2190 prolert
491 2108 645 2181 Celsinus,
674 2106 730 2170 lib.
746 2107 778 2170 1.
794 2106 894 2171 instit.
908 2124 939 2169 c.
970 2106 1020 2169 lt.
1037 2124 1068 2170 a·
1112 2109 1169 2183 nit,
1188 2114 1325 2172 mortuus
1341 2111 1401 2181 est,
1427 2105 1604 2170 resurrexit.
1631 2108 1706 2170 lnde
1728 2110 1855 2192 collegit
1881 2111 1975 2177 etiem
2034 2164 2035 2175 ,

205 2188 280 2254 liuns
294 2192 397 2256 locum
410 2191 584 2272 Augustini,
596 2204 635 2253 ex
646 2190 701 2253 lib.
717 2190 749 2254 3.
775 2196 896 2271 quaest.
915 2190 954 2251 in
980 2189 1065 2252 beri·
1103 2198 1300 2255 sacramenia
1314 2190 1457 2253 mumnda
1472 2189 1579 2265 luisse,
1594 2205 1634 2253 ne
1643 2190 1706 2269 iarn
1717 2192 1796 2255 falso
1811 2192 1975 2274 'signinae-

207 2274 260 2335 tie.
278 2292 332 2353 qn.
347 2270 400 2338 lli.
416 2276 469 2338 ubl
480 2272 671 2355 Augustinus
685 2272 748 2337 duo
758 2273 844 2335 dicit.
873 2271 985 2346 Primo,
1001 2272 1067 2335 nrl·
1110 2279 1190 2337 roni.
1207 2272 1355 2337 litantem
1367 2271 1536 2345 similitudo
1560 2273 1720 2351 aptissima
1748 2274 1974 2341 demonstrare·

205 2355 336 2419 nistrunr
359 2357 517 2425 bominem
542 2357 642 2419 solnm
668 2355 818 2435 prcebcre
839 2360 1066 2417 sacramentum
1113 2362 1174 2429 tur,
1192 2355 1277 2419 dixit:
1293 2354 1376 2432 Quid
1389 2358 1467 2418 erant
1479 2361 1687 2419 sacramento
1698 2354 1857 2434 (nimirum
1872 2358 1975 2440 quoad
2034 2388 2035 2399 ¹

204 2436 340 2515 risibile,
355 2440 453 2503 ileum
467 2438 732 2518 autempraebere
759 2436 949 2500 irrisibilem
975 2438 1066 2517 gmli·
1109 2436 1382 2519 significationem)
1396 2436 1463 2501 nisi
1475 2434 1747 2523 umibilicucrbn?

204 2536 268 2582 aar.
285 2522 443 2595 Secundo,
459 2522 499 2584 ila
515 2522 651 2601 separari
666 2520 744 2582 baec
758 2520 831 2596 duo,
847 2525 881 2582 nt
894 2521 926 2581 in
938 2519 1066 2599 quibus·
1152 2521 1246 2585 Sexto
1262 2518 1376 2600 prolerl
1387 2518 1559 2593 llcmnitius
1570 2519 1665 2583 alium
1680 2523 1782 2587 locum
1798 2522 1974 2604 Augustini,
2034 2522 2035 2579 l

203 2603 274 2665 dnm
288 2607 329 2667 sit
341 2610 567 2669 sacramentum
581 2592 731 2666 sensibile
747 2600 816 2665 sine
835 2602 931 2680 gralia
960 2602 1065 2664 inrisi-
1110 2602 1745 2682 extruat.dccirlt.bei‚cap.25.ubt
1770 2607 1802 2668 b.
1831 2605 1976 2686 Augusti·

202 2681 270 2761 ltili,
287 2688 367 2750 ntia
381 2688 509 2752 Simone
523 2701 612 2767 mago
632 2703 651 2748 a
675 2683 818 2764 Pbilippo
845 2683 1009 2764 baptiaulo;
1033 2684 1064 2747 in
1110 2702 1169 2749 nus
1196 2684 1394 2767 reprehendit
1422 2700 1489 2761 eos,
1503 2687 1568 2765 ¹qni
1590 2686 1766 2751 sentiebant
1789 2704 1852 2751 non
1877 2704 1974 2768 posse

201 2767 388 2847 quibusdam
418 2768 605 2833 invisibilem
633 2767 760 2848 gratiam
781 2766 851 2831 sine
872 2772 1065 2830 sacramento
1109 2768 1246 2831 dnmnarl
1263 2785 1328 2840 cos,
1342 2769 1395 2846 qui
1408 2774 1597 2831 sacramenia
1611 2769 1788 2847 percipiunt
1813 2770 1974 2855 baptismi,

199 2851 327 2926 risibili,
342 2858 376 2915 nt
389 2853 422 2915 in
438 2852 519 2915 bono
536 2852 664 2923 latrone.
1109 2857 1141 2913 al
1155 2867 1271 2915 coenae
1286 2849 1420 2919 bomini.
1438 2849 1511 2914 licei
1522 2864 1581 2914 nec
1593 2849 1697 2926 fldem,
1716 2868 1775 2916 nec
1799 2852 1913 2916 bonam
1931 2855 1976 2918 ri·

239 2934 282 2995 td
298 2934 432 2998 Primum
446 2933 635 3013 respondeo:
652 2931 780 2995 Duobus
793 2930 893 2993 modis
904 2930 1062 2994 bominem
1108 2938 1167 2997 lom
1185 2939 1319 2996 teneant.
1337 2932 1390 2995 lsti
1407 2934 1490 2995 enim
1516 2932 1660 2997 riden'tnr
1680 2936 1806 2998 omnino
1831 2936 1976 3001 sensisse

199 3016 374 3081 ministrare
389 3021 593 3082 sacramenta.
609 3014 676 3077 llno
691 3013 783 3076 modo
811 3013 954 3095 iaciendo
979 3013 1063 3093 qnod
1106 3022 1298 3079 sacramanta
1307 3015 1477 3096 justificare
1492 3028 1529 3077 ex
1555 3031 1650 3095 opere
1674 3023 1812 3097 operato,
1836 3020 1878 3082 ila
1899 3020 1975 3085 utri

200 3102 303 3176 potest
315 3115 355 3169 ex
370 3099 501 3164 naturali
517 3114 573 3163 sua
588 3098 710 3161 uirtute.
725 3096 896 3159 liliomodo
906 3096 1064 3176 applican·
1108 3115 1163 3162 sun
1175 3098 1390 3180 justificarent,
1409 3112 1469 3161 con
1486 3112 1543 3178 per
1557 3096 1661 3162 iidem.

198 3180 444 3247 dosncramentu
459 3180 919 3255 uticstrnmenlaalleomota,
946 3185 977 3242 et
1001 3181 1063 3242 elc-
1149 3183 1344 3261 llespondeo:
1360 3180 1548 3262 Augustinus
1573 3182 1681 3245 merito
1706 3181 1779 3246 illos
1805 3186 1977 3263 repreben-

98 3330 103 3344 .
199 3270 264 3325 rata
276 3266 313 3327 ad
327 3256 481 3329 notionem
495 3262 765 3342 supernaturalem
793 3262 976 3326 iaciendum.
1001 3262 1064 3324 Pri·
1107 3264 1163 3339 dit,
1180 3266 1250 3344 quia
1268 3263 1310 3327 illi
1326 3281 1385 3327 non
1401 3263 1502 3327 solum
1518 3265 1697 3334 credebant,
1721 3267 1974 3347 sacremenlnju·

199 3358 249 3406 nro
266 3348 356 3410 modo
369 3362 442 3412 rere
454 3348 598 3418 dicimus,
615 3346 772 3408 bominem
797 3355 860 3407 con
879 3343 1061 3425 iustificatam
1108 3347 1240 3410 stibcnre
1256 3363 1295 3410 cx
1309 3361 1404 3423 opere
1418 3351 1557 3425 operato,
1572 3347 1629 3411 sod
1645 3347 1812 3411 credebant
1827 3365 1889 3414 non
1901 3365 1975 3430 pus·

197 3428 256 3490 sad
273 3431 373 3512 solum
389 3431 627 3507 larnrecorpus,
648 3433 701 3489 aut
727 3425 842 3507 aliquid
871 3427 1063 3508 hujusmodi
1107 3445 1143 3493 sc
1158 3429 1253 3494 amitti
1269 3428 1408 3509 gratiam,
1425 3435 1456 3492 ct
1469 3429 1602 3493 salutem
1633 3430 1730 3493 semel
1758 3439 1917 3512 acceptam
1941 3434 1975 3496 in

201 3517 233 3572 et
245 3511 293 3574 sic
307 3514 444 3594 loquitu·
455 3512 658 3592 Augustinus.
675 3509 741 3572 dtic
768 3510 861 3572 modo
889 3524 961 3573 rere
988 3511 1064 3575 dici·
1107 3519 1371 3592 sncramentoper
1385 3527 1601 3596 quaecumque
1617 3518 1740 3590 peccata
1757 3522 1872 3593 posteaw
1883 3531 1974 3578 acec-

195 3609 279 3667 mus,
297 3595 456 3662 bominem
467 3593 647 3675 justillcare,
670 3593 726 3655 sed
754 3604 816 3654 non
844 3591 901 3654 alia
927 3592 1061 3668 ratione,
1106 3595 1221 3668 ductim
1238 3595 1614 3676 quaesenlentiunoneal
1643 3601 1759 3668 nostra,
1787 3599 1844 3660 sed
1867 3600 1973 3672 polius

197 3692 289 3753 quam
307 3678 372 3751 illa,
388 3695 448 3759 qur
461 3678 542 3740 deus
558 3679 625 3756 ipse
642 3677 737 3738 utitur
749 3676 787 3736 ad
813 3673 1060 3754 justificandum.
1105 3676 1224 3740 llarlini
1238 3677 1373 3750 bulberi,
1389 3677 1441 3757 qui
1458 3677 1489 3739 iu
1505 3677 1560 3740 lib.
1586 3677 1626 3740 dc
1654 3677 1790 3757 captivit.
1818 3679 1972 3761 Babylon.

196 3756 296 3838 dique
310 3759 347 3824 ad
363 3760 447 3824 bunc
462 3760 587 3823 niodum
602 3758 819 3838 exponendum
835 3763 894 3831 est,
924 3760 1062 3838 qaodart
1105 3776 1174 3837 cap.
1190 3760 1412 3838 deliaptismo‚
1428 3759 1480 3820 ait:
1501 3760 1708 3839 Videcquom
1728 3761 1817 3824 diues
1844 3765 1887 3824 sit
1913 3763 1972 3827 bo.

195 3856 225 3902 s.
242 3839 446 3923 {lieronymus
462 3841 493 3904 ln
509 3859 578 3920 cap.
595 3843 626 3916 l.
639 3840 749 3908 Isaiae.
765 3838 818 3901 ubi
847 3839 933 3902 dicit:
960 3840 1060 3902 Homo
1103 3858 1156 3904 nto
1173 3842 1444 3911 claristtcncsseu
1459 3840 1717 3922 baptizatusque
1732 3843 1828 3906 etiarn
1840 3845 1967 3919 coleras,

195 3939 319 4003 aquom
328 3927 474 4004 praebet,
492 3923 574 3988 Deras
589 3929 700 3987 cotem
716 3921 877 4001 Spiritum
896 3929 1058 3985 sanctum.
1102 3939 1171 3988 non
1183 3928 1286 4004 polest
1298 3925 1435 4002 perdere
1457 3925 1597 3988 solcum
1619 3939 1716 3988 snam
1741 3928 1967 4006 quantiscum-

193 4006 237 4067 ld
249 4009 427 4072 secundum
442 4008 524 4078 dieo,
543 4008 593 4069 illa
610 4021 704 4087 posse
719 4005 869 4083 separari;
885 4019 947 4066 con
977 4006 1059 4084 quod
1104 4023 1167 4088 quo
1180 4008 1333 4086 peccatis,
1348 4005 1506 4071 obinunt
1520 4008 1670 4070 credere?

193 4097 418 4153 sacramentnm
434 4090 584 4154 sensibile
610 4104 672 4150 non
698 4089 739 4149 sit
762 4102 874 4150 caussa
895 4086 1059 4150 inuisibilis
1144 4089 1282 4167 Septimo
1297 4088 1377 4152 solet
1391 4089 1485 4166 objici
1500 4089 1684 4163 barnardus,
1701 4089 1753 4170 qui
1770 4089 1800 4152 ln
1813 4106 1908 4154 serm.
1925 4093 1967 4156 de

193 4171 388 4249 gratiae‚sed
403 4173 486 4253 quod
500 4173 599 4251 possit
614 4167 758 4251 impediri
773 4167 843 4250 ejus
857 4165 988 4231 abactus
1002 4185 1059 4248 per
1102 4186 1199 4234 coena
1216 4171 1336 4235 bomini
1352 4169 1398 4233 sic
1412 4173 1464 4235 ait:
1482 4171 1572 4236 Sicut
1585 4173 1756 4238 innectitur
1783 4175 1967 4238 eanonicus

194 4252 328 4328 abicam,
344 4257 393 4319 rel
409 4255 678 4335 indispositionem
691 4250 836 4331 subiecti,
849 4254 973 4329 atquod
987 4268 1057 4329 pos·
1100 4269 1160 4335 per
1173 4253 1305 4326 ttbrcm.
1322 4252 1421 4317 obbas
1435 4271 1495 4334 per
1514 4253 1678 4328 baculum,
1709 4255 1877 4334 episcopos
1906 4275 1969 4336 per

198 4336 240 4396 sil
261 4332 345 4401 brus
374 4339 443 4404 sine
476 4343 670 4401 sacramento
699 4334 793 4398 etiam
826 4333 899 4397 dara
931 4334 1057 4412 gratiam
1101 4337 1277 4412 canotum,
1289 4337 1337 4400 sic
1352 4337 1528 4404 divisiones
1538 4340 1724 4418 probarum
1735 4337 1870 4402 diuersis
1885 4349 1967 4406 sunl

194 4433 295 4482 scam.
1102 4421 1244 4485 traditae
1257 4422 1483 4484 sacramentis.

236 4499 349 4575 Quarto
364 4503 446 4568 solet
458 4500 570 4566 adlerri
586 4516 625 4563 ex
638 4497 808 4578 Augustino
822 4496 902 4559 clius
916 4496 1005 4561 locus
1020 4514 1058 4564 cx
1141 4501 1337 4582 llespcndeo:
1354 4501 1420 4566 Non
1435 4508 1590 4582 comparat
1603 4503 1776 4565 bernardus
1791 4517 1969 4569 sacramen·

194 4581 250 4646 lib.
265 4584 315 4649 15.
331 4584 440 4650 'l'rinit
466 4601 536 4663 cap.
558 4582 611 4646 26.
640 4581 694 4643 ubi
719 4580 806 4649 dicit.
831 4581 931 4642 solum
958 4579 1055 4644 iteum
1100 4587 1128 4646 la
1144 4601 1213 4648 cnm
1229 4585 1320 4652 libro.
1335 4584 1447 4649 bacuio
1462 4588 1632 4658 sternuto,
1659 4584 1776 4648 ratione
1804 4585 1969 4652 elllcienli·

193 4679 288 4744 possa
303 4669 376 4732 dare
391 4667 538 4748 Spiritum
554 4670 707 4733 sanctum,
734 4669 767 4724 et
794 4661 865 4724 ideo
890 4663 1055 4740 Apostolos
1101 4683 1150 4741 ae,
1166 4668 1221 4729 sed
1234 4667 1334 4730 solum
1349 4667 1468 4732 rallonc
1482 4667 1666 4732 diversitatis
1688 4675 1967 4736 sacramentorum.

193 4758 258 4810 non
271 4752 397 4816 dedisse
411 4749 558 4832 Spiritum
568 4753 722 4820 sanctum,
739 4744 853 4823 quibus
868 4760 978 4808 manus
998 4745 1056 4808 im·
1099 4743 1171 4811 llam
1188 4749 1301 4829 alioqui
1327 4750 1442 4814 ibidem
1470 4751 1571 4826 docel,
1601 4757 1791 4815 sacramenta
1819 4752 1965 4818 conlerrc

194 4831 362 4910 ponebant,
379 4837 436 4896 sed
451 4846 571 4906 orasse,
586 4836 621 4894 nt
634 4828 851 4890 descenderet
1099 4832 1239 4912 gratiam,
1257 4838 1397 4912 utsupra
1412 4833 1583 4896 citavimus.

234 4912 431 4994 llespcndeo:
448 4913 622 4977 illudesse
633 4911 712 4973 dona
726 4909 857 4990 Spiritus
873 4907 982 4982 sancti,
1000 4909 1053 4972 ali·
1140 4913 1251 4978 llltimo
1266 4915 1424 4994 proterunt
1449 4915 1681 4984 Tertullianum.
1708 4915 1761 4995 qni
1785 4915 1901 4979 111111).
1926 4921 1968 4986 de

191 4997 233 5058 ud
245 4995 347 5076 ipsura
361 4997 512 5076 Spiritum
527 4999 679 5060 sanctum.
695 4993 780 5056 llona
791 4991 925 5072 Spiritus
954 4993 1053 5056 sancti
1099 4995 1289 5061 Paenitentia
1304 5005 1391 5061 uocat
1405 4999 1592 5076 baptismum
1607 4996 1680 5062 fidei
1700 4998 1966 5078 obsignationem:

191 5077 266 5139 dant
292 5087 496 5157 scemmenia3
522 5080 624 5159 ipsum
650 5075 797 5155 Spiritum
827 5081 965 5138 sanctam
991 5091 1053 5138 non
1099 5081 1256 5158 quomodo
1272 5079 1361 5143 eliam
1379 5081 1514 5158 loquitur
1527 5079 1670 5153 Basilius,
1687 5081 1743 5144 lib.
1759 5081 1790 5143 3.
1808 5082 1837 5144 in
1859 5079 1967 5147 Enno-

190 5163 295 5235 potest
305 5163 430 5241 proprie
444 5163 530 5235 dare,
546 5159 605 5224 nisi
633 5159 672 5232 is,
687 5175 704 5220 o
733 5174 795 5236 quo
824 5158 877 5220 illo
902 5158 1051 5236 procedit.
1099 5162 1204 5239 mium,
1223 5169 1252 5226 el
1267 5161 1322 5225 lib.
1339 5162 1378 5226 de
1394 5161 1508 5241 Spiritu
1523 5168 1641 5235 sancto,
1658 5180 1728 5242 cap.
1746 5165 1796 5226 li..

190 5241 298 5311 Posset
310 5245 400 5305 etiam
416 5245 489 5316 dici,
503 5242 806 5325 spiritumsmercm
821 5256 862 5301 en
873 5240 1053 5332 caeleritate
1140 5246 1200 5309 scu
1216 5247 1253 5309 ad
1269 5245 1347 5309 brec
1362 5245 1579 5326 respondimus
1593 5262 1769 5326 supra‘cnp.
1788 5246 1839 5310 ll.
1861 5247 1915 5312 ubl
1931 5267 1969 5312 ο.

190 5341 252 5386 non
268 5323 343 5401 dari,
358 5327 417 5390 nisi
432 5345 449 5390 a
464 5325 540 5402 Deo,
556 5341 647 5406 aquo
662 5323 813 5402 procedit,
826 5328 927 5384 tumen
940 5328 1053 5385 nostru·
1099 5329 1283 5398 stendimus,
1301 5328 1487 5405 Baptismum
1498 5327 1598 5393 uocari
1624 5329 1760 5410 sigillum
1786 5329 1870 5395 irdei.
1900 5348 1966 5398 non

190 5407 365 5470 mentaliter
374 5409 440 5471 dari
451 5411 541 5473 etiarn
556 5408 595 5470 ob
621 5405 809 5468 bominibus.
836 5403 908 5467 Nam
934 5405 1002 5467 dcl.
1017 5403 1052 5469 S.
1099 5411 1169 5492 quir
1186 5413 1296 5472 ercilol
1311 5409 1414 5487 iidem,
1431 5413 1486 5476 sed
1503 5413 1573 5494 qnia
1589 5427 1645 5491 pcr
1659 5411 1846 5492 Baptismum
1873 5419 1967 5478 testa.

189 5490 394 5570 tegirnus,por
408 5508 517 5556 manns
532 5491 743 5572 apostolorum
754 5488 859 5550 datum
875 5487 971 5550 luisse
984 5487 1052 5566 spt-
1097 5499 1146 5557 lur
1160 5492 1198 5566 is,
1211 5495 1267 5571 qni
1280 5491 1460 5572 baptizatur,
1473 5511 1508 5558 sc
1520 5493 1660 5570 credere,
1674 5500 1706 5558 et
1734 5495 1825 5559 etiarn
1853 5493 1967 5564 Eccle-

188 5570 280 5633 ritum
296 5582 449 5650 sanctum,
464 5575 653 5656 quodetiam
669 5571 785 5634 ibidem
814 5570 925 5633 latetur
952 5572 1052 5650 llogu-
1097 5575 1143 5640 sia
1155 5574 1313 5654 baptizans
1328 5576 1378 5638 dni
1393 5578 1436 5640 illi
1447 5577 1610 5657 publicum
1626 5577 1835 5642 testimonium
1862 5579 1965 5658 ipsius

190 5655 302 5716 slinus.
1097 5655 1181 5720 lldei.
1199 5657 1258 5720 Sed
1275 5675 1459 5740 quamquam
1476 5659 1581 5724 Patres
1595 5659 1626 5721 id
1654 5675 1727 5723 raro
1753 5659 1887 5724 lrlbunnt
1907 5663 1965 5724 llo·

228 5736 511 5818 Quintoproleruut
525 5733 757 5817 exbcgnslino,
783 5734 839 5798 tib.
867 5732 917 5798 to.
945 5738 1050 5796 contra
1096 5738 1220 5819 ptisnro,
1239 5753 1302 5804 non
1317 5747 1419 5808 nmen
1434 5749 1548 5823 negant
1563 5742 1677 5805 babere
1703 5743 1795 5808 olium
1821 5747 1899 5808 alios
1915 5748 1961 5808 el·
