4084 6275
836 343 1072 439 aruan'naraos
1298 307 1304 316 ’
1641 312 1644 324 '
1704 359 1752 418 66

109 483 226 558 Tertio,
241 488 393 564 repugnat
404 482 464 564 ipsi
478 483 704 550 catharorum
717 481 867 546 lutherus
877 481 921 544 lo·
965 488 997 546 ct
1008 482 1088 547 tides
1103 482 1134 544 in
1148 484 1207 549 1666
1222 487 1291 552 1666
1306 488 1455 570 evangelii
1472 491 1618 556 asseritur
1633 497 1817 576 necessaria,

68 568 114 628 cis
128 572 220 628 66166
234 566 346 636 6616116,
364 566 448 628 illam
462 565 555 630 iidem
576 569 662 649 ponit
674 567 706 629 ia
721 564 867 645 parvulis,
883 564 923 626 66
966 571 999 628 61
1013 566 1195 643 remedium,
1211 585 1273 632 nou
1287 577 1321 636 ut
1334 579 1543 651 praeceptum.

68 666 126 726 666
141 664 240 727 saepe
254 648 382 721 dixerat,
394 649 477 728 6666
490 651 557 713 6616
568 651 726 732 justificet.
738 647 922 712 666166166-
1006 649 1163 723 Secundo,
1188 653 1333 728 probatur
1347 670 1382 717 ov
1397 655 1451 719 illo
1476 657 1571 720 liebr.
1590 658 1640 722 ll.
1663 659 1739 726 Sino
1752 661 1816 742 {lde

67 735 130 792 tem
144 738 208 805 est,
222 730 315 793 ildear
326 730 544 811 justilicaotem
565 751 627 796 noa
639 738 711 794 esse
725 735 840 793 motum
854 729 924 792 siae
963 730 1161 810 impossibile
1173 741 1219 798 est
1243 737 1372 814 placere
1387 737 1461 810 lico.
1485 739 1561 803 ilem
1577 741 1700 806 bornam
1716 745 1748 808 3.
1763 745 1820 810 Aa·

66 814 376 891 coguitionemliooui
387 814 479 876 etiam
489 816 606 879 bestiae
612 813 771 896 justificari
783 817 923 891 possent.
964 813 1126 888 bitromor
1149 815 1314 882 bominem
1333 818 1507 899 6661166616·
1527 837 1589 902 per
1607 825 1723 903 666666·
1738 829 1818 908 6666

66 894 171 958 Voluit
185 896 278 959 ctiam
302 895 453 962 Lutlrerus
467 896 560 960 lldem
583 899 615 960 in
631 896 763 976 parvulis
787 892 870 974 gigni
886 908 925 955 ex
965 901 1080 976 passim
1096 899 1215 976 repetit,
1233 907 1264 962 61
1279 901 1410 964 inculcat
1423 903 1546 967 Paulus.
1560 905 1719 980 Quomodo
1729 911 1823 988 igitur

65 981 172 1042 auditu
187 979 351 1042 vorborum
371 978 546 1056 exorcismi,
562 981 691 1060 proinde
715 993 777 1040 noo
790 976 857 1038 sinc
872 991 923 1038 eo·
966 981 1035 1042 sine
1051 980 1112 1042 6116
1126 979 1187 1043 666
1199 981 1360 1062 justificari
1376 991 1406 1046 et
1420 985 1542 1064 plaeere
1557 987 1621 1051 ilco
1633 999 1763 1070 possunt
1777 994 1821 1053 in·

66 1061 206 1136 gallione
219 1061 324 1140 posuit
338 1057 442 1124 tidem.
457 1063 615 1127 Praeterea
625 1063 776 1125 Lutlrerus
790 1057 922 1131 volebat,
966 1061 1081 1124 lantes?
1105 1062 1303 1144 diluculunt
1327 1063 1467 1130 Calvinus
1492 1077 1523 1130 et
1546 1071 1666 1151 llarlyr:
1694 1073 1724 1136 st
1741 1074 1823 1136 beas

67 1145 161 1204 tidem
176 1144 208 1204 66
225 1143 361 1223 parvulis
387 1159 458 1206 esse
473 1147 755 1226 661696616666666,
770 1148 805 1204 ut
817 1144 924 1220 posset
967 1144 1202 1224 praedestinavit
1225 1147 1366 1223 66166166,
1389 1155 1420 1211 61
1434 1151 1572 1226 promisit
1596 1170 1631 1216 se
1646 1155 1712 1218 lora
1725 1157 1822 1219 Deum

67 1241 142 1287 nere
166 1225 352 1306 responderi
376 1227 516 1291 ministro
540 1227 741 1308 baptizaturo,
766 1224 926 1302 parvulum
969 1228 1118 1305 ipsorum.
1134 1228 1202 1290 sine
1216 1229 1310 1294 dubio
1335 1231 1419 1294 dabit
1432 1233 1495 1295 illis
1510 1234 1656 1313 Spiritum
1671 1245 1822 1306 sanetum.

66 1310 210 1370 credere:
225 1313 256 1369 61
279 1313 420 1394 66616666
434 1309 528 1393 hujus
549 1308 721 1375 sententiae
735 1306 850 1380 dicunt,
868 1320 924 1384 per
969 1326 1085 1388 666666
1097 1310 1276 1389 6666666161
1289 1314 1380 1376 modo
1395 1313 1498 1392 aliquo
1513 1317 1572 1378 sibi
1587 1323 1669 1395 nolo,
1680 1321 1750 1382 licat
1762 1338 1822 1383 non

68 1393 259 1470 Baptismum
273 1391 337 1453 dari
352 1391 484 1470 parvulis
498 1392 574 1456 istos
589 1398 700 1455 motus.
717 1390 768 1452 Sia
782 1389 865 1450 enim
880 1389 925 1450 lo·
968 1409 1024 1472 per
1037 1393 1141 1456 ssdcm.
1156 1393 1351 1474 Respondeo:
1367 1395 1677 1464 Praedestlaalionem
1693 1419 1753 1465 non
1769 1403 1825 1464 lm·

69 1477 173 1551 quitur
198 1473 359 1552 Philippus
381 1474 452 1537 loco
476 1476 528 1540 eit.
555 1476 692 1553 spiritale
715 1477 846 1536 sanctus
865 1487 926 1550 per
968 1477 1060 1555 pleri,
1076 1475 1134 1536 nisi
1150 1491 1206 1553 per
1220 1493 1256 1540 66
1271 1479 1380 1554 media,
1408 1495 1486 1557 6666
1500 1481 1533 1542 in
1554 1481 1721 1560 8666616666
1737 1487 1827 1549 nabis

71 1557 277 1636 Baptismnm
290 1557 336 1618 cis
351 1557 522 1637 (16166661
535 1558 627 1637 efficit
638 1559 676 1620 in
690 1558 735 1619 cis
748 1571 847 1618 nonos
860 1570 926 1616 666·
969 1565 1043 1621 sunt
1055 1558 1197 1622 revelata.
1214 1559 1306 1622 Porro
1319 1560 1480 1640 Apostolus
1495 1561 1658 1627 11666668.
1673 1568 1748 1629 66116
1760 1585 1828 1648 666-

71 1644 183 1710 16661
203 1639 433 1702 inclinationes
456 1645 516 1703 etc.
541 1641 731 1702 1116666116166
754 1637 925 1700 llemnitius
970 1643 1077 1718 spicue
1094 1641 1844 1725 6661666166666,666616666666666661166»

72 1741 145 1801 pag.
161 1721 236 1783 239.
250 1721 337 1796 66611,
352 1720 469 1796 6116661
483 1723 629 1802 Spiritum
639 1719 879 1801 regenerationis
893 1720 925 1780 in
968 1724 1024 1798 ait,
1036 1723 1093 1786 bos
1108 1729 1137 1786 et
1149 1725 1286 1800 6666661,-
1301 1741 1380 1806 6666
1399 1729 1535 1802 6666661,
1551 1727 1608 1790 bos
1623 1731 1828 1810 6166616666-

70 1805 293 1878 infantesdum
308 1803 541 1887 dupondiumet
554 1806 674 1884 operari
687 1805 927 1866 66611666666166
968 1807 1026 1881 616
1041 1821 1121 1886 qnos
1140 1806 1341 1885 6616666611,
1360 1809 1417 1872 bos
1441 1814 1470 1872 et
1489 1811 1725 1892 magnificavit.
1741 1815 1830 1878 idem

71 1893 176 1950 motus
191 1892 252 1949 etc.
277 1885 378 1962 Quare
392 1886 469 1949 laiso
493 1887 621 1950 alllrmat
644 1887 752 1967 pagina
767 1884 928 1965 superiore
970 1904 1042 1951 aero
1057 1889 1223 1967 Apostolus
1236 1890 1269 1951 in
1284 1891 1391 1954 eadem
1406 1893 1546 1972 epistola,
1569 1909 1638 1974 cap.
1654 1895 1686 1958 3.
1702 1895 1734 1958 l.
1750 1897 1781 1961 5.
1796 1900 1828 1960 6.

67 1971 155 2033 idem
169 1968 356 2044 ilemnitius,
382 1969 548 2032 lutherum
573 1969 656 2033 idem
679 1969 829 2046 sensisse,
844 1966 927 2046 quod
972 1972 1003 2035 l.
1017 1971 1050 2034 8.
1066 1971 1098 2034 9.
1114 1970 1211 2034 6119.
1228 1973 1401 2036 6616161666
1417 1975 1585 2052 contendit,
1598 1976 1831 2059 16166666161166·

70 2054 140 2131 ipse
154 2052 262 2114 sentit.
325 2103 329 2110 ,
970 2055 1085 2117 tionem
1100 2069 1163 2116 non
1188 2055 1367 2134 contingere
1391 2057 1459 2119 siae
1484 2057 1557 2122 lide.
1574 2055 1673 2131 Quare
1694 2062 1831 2125 tribuero

82 2197 89 2204 ,
111 2134 391 2213 Quarto,rcpugoal
403 2132 605 2206 doctrinae‚ct
619 2133 779 2213 principiis
793 2147 928 2205 eommof
970 2137 1104 2216 parvulis
1117 2135 1364 2206 inculcationem
1389 2141 1457 2202 sino
1472 2139 1544 2214 666,
1572 2147 1603 2203 61
1617 2147 1687 2206 6616
1703 2146 1833 2208 vocatio·

71 2216 166 2280 albus
180 2217 320 2279 omnium
335 2214 587 2280 lutheranorum.
601 2216 678 2278 ilibil
693 2217 775 2278 caim
789 2221 837 2278 cst
847 2213 929 2295 apud
972 2233 1057 2293 nem,
1073 2218 1164 2294 idest,
1180 2225 1250 2282 ante
1264 2221 1543 2304 baptismumguo
1557 2223 1625 2286 solo
1647 2227 1748 2288 vocari
1760 2243 1833 2306 pos⁴

69 2299 270 2371 6666661666,
286 2301 317 2360 et
331 2299 538 2374 communias,
561 2317 651 2377 quam
666 2300 731 2362 sola
745 2299 808 2361 lide
817 2295 929 2377 justiti·
972 2306 1044 2365 sual
1058 2299 1203 2372 66166166,
1230 2303 1303 2380 6666
1318 2307 1365 2366 661
1389 2303 1484 2377 61666,
1501 2304 1562 2367 6661
1587 2312 1691 2370 contra
1706 2309 1832 2374 verbum

69 2383 134 2444 cari
147 2382 320 2455 homiaem,
336 2387 367 2444 et
380 2387 570 2444 sacramenta
593 2382 669 2444 nibil
688 2397 760 2444 esse
775 2378 933 2457 aliud‚nisi
971 2383 1030 2448 Ilei
1043 2383 1160 2462 lingere
1175 2400 1282 2447 novam
1291 2385 1559 2464 justificationem?

70 2467 276 2528 iustrumenta
301 2462 480 2526 excitandae
503 2464 552 2526 661
577 2465 761 2527 nutriendae
786 2462 869 2525 lidei.
894 2461 930 2523 dt
1015 2465 1713 2548 6666166666666166616166166661666611666
1724 2473 1836 2550 inibo*

70 2554 157 2610 certe
171 2548 202 2610 si
214 2554 317 2610 motus
330 2545 375 2607 illl
390 2546 552 2609 inlanlium
562 2545 711 2609 sinercra
721 2546 782 2608 ilde
793 2546 855 2608 illis
866 2544 928 2607 sul·
975 2549 1066 2614 (11166
1079 2549 1206 2612 nobiles
1228 2549 1311 2626 fidoi
1326 2597 1335 2627 ,
1360 2551 1430 2631 spei
1453 2557 1483 2614 el
1497 2551 1675 2618 6666116116.
1701 2555 1784 2618 11666
1798 2559 1830 2616 in

70 2630 180 2694 lleiuut
193 2630 232 2692 ad
243 2625 506 2710 justificationem,
521 2635 553 2691 el
565 2629 603 2691 66
618 2629 803 2709 baptismam
816 2628 929 2692 utiliter
974 2631 1082 2713 primis
1096 2637 1177 2694 certa
1192 2637 1240 2695 est
1254 2633 1413 2696 catholicis
1438 2649 1475 2696 as
1489 2635 1667 2698 auctoritate
1688 2639 1833 2700 concilio·

72 2713 322 2791 suscipiendum
337 2709 448 2774 lalsum
462 2717 511 2774 est
523 2713 591 2774 sola
605 2711 666 2774 lide
678 2711 832 2774 bominem
840 2711 931 2791 justi·
975 2731 1056 2779 rum.
1072 2719 1103 2776 ot
1119 2713 1366 2778 doctorumllam
1380 2717 1452 2778 licet
1466 2716 1631 2795 aliquando
1646 2719 1832 2798 disputatum

72 2795 173 2858 lrcari.
188 2794 295 2874 Neque
309 2791 415 2855 dicere
429 2795 633 2871 possunthoc
647 2796 731 2872 ipsos
746 2799 845 2856 motus
859 2809 931 2857 essa
974 2796 1119 2867 lueritan
1134 2795 1265 2860 infantes
1276 2799 1450 2878 reciperent
1461 2813 1532 2862 aum
1546 2801 1639 2880 gratia
1647 2799 1835 2881 J’ustillcanto

73 2878 182 2940 tidem.
198 2877 271 2940 llam
295 2875 419 2954 quando
434 2878 601 2956 loquantur
624 2875 665 2939 dc
679 2875 740 2938 lide
760 2875 793 2938 in
806 2875 931 2939 materia
972 2878 1098 2943 babitus
1120 2879 1229 2942 harum
1243 2880 1399 2954 uirtutum,
1427 2886 1530 2948 lamen
1544 2897 1669 2963 semper
1683 2883 1738 2946 luit
1752 2901 1835 2946 coma

71 2957 314 3040 iustificationis,
324 2974 448 3037 semper
460 2957 637 3038 intelligunt
650 2975 705 3038 per
716 2957 809 3021 lidem
822 2974 931 3037 appre·
975 2961 1098 3026 munior
1112 2960 1277 3040 sentcntia;
1292 2962 1411 3038 iniundi
1432 2963 1567 3043 parvolis
1581 2980 1637 3044 per
1650 2965 1837 3046 baptismum
1879 2976 1881 2980 ’

73 3043 261 3106 hensionem
284 3040 406 3104 divinae
417 3040 670 3114 misericordiae,
695 3057 774 3121 quac
797 3039 866 3103 sino
880 3057 931 3104 co·
974 3044 1034 3108 hos
1048 3043 1183 3108 babitus.
1198 3043 1243 3107 Ila
1258 3047 1340 3108 enirn
1356 3047 1503 3110 6116666.
1516 3045 1547 3108 3.
1564 3064 1628 3126 666.
1646 3054 1765 3129 666661.
1781 3049 1833 3112 69.

73 3126 215 3205 gallicae
228 3139 301 3188 essa
315 3140 378 3186 noa
394 3123 669 3201 potcst.Praolerca
683 3123 819 3188 cumisti
832 3130 934 3188 motus
975 3131 1033 3191 art.
1049 3125 1080 3191 6.
1096 3126 1169 3190 item
1183 3126 1306 3200 Scelus.
1331 3128 1504 3202 llurandus,
1520 3129 1654 3205 Gabriel,
1678 3132 1836 3196 elcneteri

71 3208 250 3270 immediate
264 3205 434 3269 excitentur
447 3224 465 3268 a
478 3207 556 3280 ilco,
572 3211 605 3269 ut
618 3207 678 3287 ipsi
692 3207 810 3280 voluat,
823 3214 854 3270 et
869 3223 932 3270 non
976 3208 1041 3273 lere
1055 3225 1163 3273 omncs
1173 3211 1206 3273 in
1221 3210 1252 3273 3.
1267 3212 1339 3277 6661.
1355 3211 1556 3287 2366666666
1571 3212 1737 3277 concilium
1751 3214 1835 3278 vien·

71 3307 129 3369 per
154 3295 357 3359 sacramenta,
373 3305 452 3368 6666
477 3289 743 3353 66666666616666
766 3296 932 3369 provocent
975 3307 1075 3355 nense
1089 3293 1244 3372 generale,
1260 3300 1293 3357 ut
1314 3294 1463 3359 babemus
1477 3292 1627 3359 Clamant.
1656 3296 1686 3358 1.
1701 3298 1835 3361 desum·

70 3374 168 3437 fidem
183 3389 241 3453 per
255 3376 400 3457 externos
413 3388 538 3445 sensas,
554 3378 639 3436 certe
652 3372 715 3436 ruit
727 3371 804 3435 illud
818 3370 932 3451 princi·
974 3390 1024 3437 ma
1037 3372 1182 3438 trinitate
1194 3382 1226 3439 61
1239 3376 1300 3439 666
1314 3376 1474 3452 6611661666,
1490 3376 1598 3440 delinit
1614 3378 1696 3442 hane
1710 3385 1836 3443 scalco-

76 3458 178 3535 pium,
194 3462 386 3517 sacramenta
401 3469 462 3518 noo
477 3453 655 3530 iustificare,
670 3453 730 3517 nisi
744 3454 837 3523 iidem
850 3453 933 3517 cxci·
974 3456 1047 3520 11666
1061 3473 1131 3521 6666
1146 3458 1393 3536 probabiliorem,
1419 3466 1450 3522 cl
1464 3460 1562 3538 magis
1587 3460 1775 3523 conformem
1791 3467 1837 3524 te·

71 3540 167 3601 tando
182 3554 269 3601 more
281 3536 564 3618 concionis.ltaque
577 3536 603 3599 sl
617 3535 687 3614 6616
708 3542 791 3599 recte
800 3534 930 3617 6661661,
975 3538 1130 3603 stimonils
1143 3544 1204 3602 tam
1218 3547 1365 3617 velerum,
1388 3556 1481 3620 uuam
1491 3542 1662 3611 recentium
1677 3544 1835 3625 theologo·

71 3620 184 3701 positis
204 3618 366 3700 principiis
386 3620 427 3683 de
452 3620 518 3683 sola
531 3616 594 3681 fide
615 3618 813 3698 justificante,
828 3616 932 3683 minus
975 3636 1059 3686 rura.
1074 3620 1179 3701 116666
1193 3622 1271 3686 haec
1285 3624 1438 3687 sententia
1451 3624 1570 3687 sorduit
1583 3624 1749 3691 tridentino
1763 3642 1837 3690 can-

72 3704 210 3767 absurda
223 3706 272 3765 est
284 3700 408 3765 lutheri
424 3702 588 3774 sententia,
604 3717 682 3779 6666
693 3698 785 3764 iidem
796 3701 932 3780 parvulis
975 3704 1059 3780 eilia,
1075 3709 1108 3767 61
1131 3706 1275 3767 audacter
1299 3706 1443 3769 mentitur
1467 3705 1640 3771 liemaitius
1664 3708 1696 3770 in
1718 3707 1750 3772 2.
1767 3724 1833 3787 par.

73 3785 192 3860 tribuit,
216 3799 308 3865 quam
321 3784 517 3847 conciliabuli
542 3783 833 3862 wirtembergensis,
848 3786 933 3863 6666
975 3786 1082 3849 Eram.
1098 3804 1169 3867 pag.
1184 3786 1256 3849 261.
1272 3788 1343 3851 llam
1367 3790 1442 3853 licet
1454 3789 1620 3851 concilium
1635 3790 1835 3854 tridentinum

74 3875 195 3931 motum
208 3868 279 3929 sinc
292 3865 468 3945 cognitione
488 3863 599 3929 iisdem
614 3866 766 3929 concedit.
779 3866 932 3934 Lulheras
979 3884 1042 3931 nan
1057 3870 1165 3931 lecerit
1178 3870 1366 3933 mentionem
1388 3869 1510 3933 concilii
1524 3870 1715 3949 vienncnsls3
1733 3880 1834 3935 tamen

75 3952 163 4013 cuim
179 3965 291 4011 novum
314 3948 494 4011 miraculum
513 3948 593 4011 laiso
616 3948 805 4028 excogitavit,
821 3949 878 4012 scd
893 3965 931 4013 eo
976 3949 1061 4015 illam
1076 3951 1174 4030 ipsam
1190 3952 1372 4015 sententiam
1386 3952 1513 4032 recepit,
1530 3968 1566 4016 ac
1579 3952 1717 4017 delinivit
1728 3962 1760 4018 ut
1771 3971 1837 4018 cer·

77 4032 195 4111 posito,
224 4030 326 4095 omnia
350 4031 396 4093 illi
422 4036 587 4095 constant:
614 4032 663 4095 isli
691 4036 792 4093 autem
825 4036 857 4094 et
877 4032 934 4094 mi·
974 4038 1047 4096 tam.
1062 4032 1136 4096 llam
1150 4050 1230 4097 sess.
1246 4034 1278 4098 5.
1303 4035 1334 4097 66
1349 4034 1473 4098 decreto
1497 4034 1536 4097 de
1551 4042 1678 4114 6666616
1691 4036 1831 4118 originis,

73 4116 217 4178 naculum
240 4113 380 4193 lingunt,
407 4122 438 4176 et
464 4130 503 4176 eo
528 4113 628 4193 posito
653 4112 813 4177 destruunt
839 4114 933 4177 suai·
975 4116 1083 4179 delinit
1096 4116 1228 4180 iniantes
1242 4118 1274 4179 ia
1288 4117 1443 4197 Baptismo
1454 4116 1671 4199 justilleari·,lta
1685 4124 1719 4181 61
1732 4122 1760 4183 si
1772 4136 1832 4183 mo·

73 4214 207 4277 psoram
231 4194 412 4276 principia,
448 4201 480 4259 ct
504 4212 577 4259 cum
603 4201 706 4275 aperta
732 4197 850 4260 ratione
876 4213 933 4278 pu·
975 4198 1138 4262 rianturin
1154 4204 1297 4276 6661616,
1314 4200 1390 4263 nihil
1405 4200 1457 4275 sit,
1473 4199 1555 4281 6666
1570 4216 1625 4263 666
1640 4201 1677 4263 61)
1693 4203 1835 4282 ingressu

71 4287 183 4360 gnant.
976 4281 1056 4345 coeli
1071 4288 1250 4345 remoretur.
1265 4281 1384 4346 Deinde
1399 4298 1480 4346 sess.
1494 4282 1526 4344 6.
1543 4298 1572 4346 6.
1590 4281 1620 4345 l.
1641 4282 1748 4345 delinit
1762 4300 1835 4347 eon·

108 4362 215 4425 'lertia
240 4359 424 4440 propositio:
450 4359 598 4439 Infantes
620 4375 691 4423 non
709 4357 933 4438 justificantur
975 4364 1092 4437 cilium,
1108 4364 1140 4425 in
1155 4364 1308 4445 Baptismo
1332 4364 1451 4429 iniaadi
1467 4380 1537 4427 eum
1562 4364 1746 4429 remissione
1763 4382 1835 4446 pec·

69 4444 144 4507 sine
156 4442 413 4524 611666611666
436 4449 485 4506 est
498 4449 603 4505 contra
618 4442 886 4507 sacramentarios:
902 4448 934 4507 et
975 4446 1110 4511 catorum
1125 4446 1317 4511 haecomnia
1341 4447 1433 4526 dona,
1450 4446 1544 4511 iidem
1561 4494 1570 4524 ,
1586 4462 1674 4526 spem
1690 4455 1721 4512 et
1735 4449 1835 4511 abari·

70 4526 233 4607 probatur.
247 4524 435 4604 Primo,quia
448 4523 604 4604 Scriptura
617 4522 746 4587 alilrmat
758 4524 849 4588 fldem
861 4542 934 4590 esse
975 4534 1079 4604 tatem,
1096 4544 1195 4608 eoquo
1210 4530 1304 4593 menti
1318 4530 1492 4593 inhaerere.

72 4610 218 4673 mediam
231 4610 271 4673 ad
285 4609 417 4671 salutem
431 4606 653 4683 necessarium,
668 4606 857 4684 16663661
865 4624 936 4673 non
1017 4610 1174 4683 Secundo,
1190 4618 1290 4691 potest
1304 4613 1380 4675 hace
1394 4612 1501 4675 cadem
1517 4608 1667 4677 sententia
1680 4613 1782 4694 colligi
1798 4629 1836 4676 66

71 4694 188 4765 666661,
198 4692 273 4770 jorn
280 4690 453 4771 6666661616
468 4690 572 4754 estiis
586 4705 648 4769 666
662 4688 731 4751 1666
745 4690 934 4769 angustians
977 4692 1153 4773 Scripturis,
1169 4694 1282 4773 quibus
1294 4711 1386 4774 supra
1400 4693 1676 4776 probavimussiac
1690 4695 1752 4758 666
1769 4713 1835 4773 par·

70 4775 197 4855 probat,
213 4774 346 4838 ialaales
362 4775 530 4854 baptizatos
551 4772 667 4835 babere
681 4772 814 4851 aliquam
827 4771 933 4846 iidem,
978 4775 1066 4838 vulos
1082 4791 1143 4838 non
1167 4777 1288 4840 salvari.
1304 4777 1378 4841 (lum
1405 4778 1486 4841 caim
1502 4782 1632 4851 constat,
1658 4774 1749 4841 fldem
1766 4795 1834 4857 pro-

73 4858 132 4921 lib.
149 4858 182 4922 l.
197 4857 237 4920 66
260 4865 456 4935 peecatorum
470 4854 588 4919 meritis
612 4859 644 4917 cl
657 4857 779 4917 remiss.
794 4870 864 4933 cap.
878 4854 931 4917 33.
979 4858 1045 4938 6666
1061 4874 1122 4920 666
1136 4858 1319 4937 significare,
1336 4859 1396 4923 nisi
1411 4859 1572 4935 aetum,vel
1588 4858 1736 4935 babilam,
1753 4867 1784 4923 et
1795 4860 1835 4923 sl·

73 4941 153 5003 llam
168 4956 208 5003 eo
220 4939 291 5003 loco
305 4939 454 5003 Dominus
479 4955 541 5002 non
557 4937 691 5015 loquitur
714 4936 753 4999 66
769 4942 933 5016 praecepto
977 4941 1042 5003 mol
1057 4945 1176 5005 constet
1190 4940 1221 5003 ln
1234 4943 1366 5022 parvulis
1377 4949 1476 5005 actum
1487 4939 1560 5004 ssdei
1573 4956 1643 5005 csse
1655 4958 1717 5006 noa
1730 4954 1835 5022 posset

73 5021 239 5097 credendi,
252 5038 315 5101 666
328 5024 399 5085 sine
411 5021 505 5085 dubio
520 5035 582 5082 non
593 5019 934 5100 tenenturparvulised
979 5028 1062 5085 carta
1076 5022 1225 5102 sequitur,
1250 5028 1284 5087 61
1297 5026 1329 5088 in
1344 5025 1390 5089 eis
1405 5027 1444 5088 sit
1457 5023 1590 5088 babitus.
1612 5024 1688 5087 Item
1703 5039 1740 5087 ea
1755 5025 1834 5089 Scri⁴

73 5108 116 5169 de
144 5105 249 5167 mealia
276 5102 470 5167 adsalutem.
499 5102 574 5165 Nam
589 5107 677 5165 antea
700 5101 828 5164 diverat:
845 5100 936 5165 Sicrtt
978 5104 1076 5185 pluris
1091 5122 1182 5185 supra
1207 5108 1414 5187 probavimus,
1430 5107 1562 5170 inlantcs
1577 5112 1660 5171 recte
1674 5107 1832 5187 baptizari,

72 5188 199 5269 Moyseo
213 5186 371 5251 6666116611
381 5191 563 5266 serpentem
582 5186 621 5248 in
633 5184 833 5258 decertabo
843 5184 933 5247 ccccl
979 5192 1011 5250 et
1025 5202 1079 5267 per
1093 5188 1278 5266 baptismum
1300 5188 1459 5269 iustificari
1489 5194 1521 5251 cl
1534 5190 1654 5253 salvari.
1670 5189 1746 5255 item
1760 5208 1833 5251 can-

74 5272 143 5333 tori
155 5275 280 5349 oportet
292 5268 401 5346 1111666
414 5268 565 5338 leoninis,
580 5270 618 5330 61
641 5268 746 5331 omnis
760 5267 934 5347 antecedit
980 5275 1039 5332 stat
1052 5286 1089 5332 ex
1104 5271 1279 5351 scripturis,
1291 5271 1541 5353 justificationem
1558 5272 1671 5333 nullam
1684 5286 1755 5336 csse
1766 5272 1835 5337 sine

73 5355 113 5417 m
126 5368 216 5426 6666,
229 5348 743 5431 nonpercol,eedbcbectoitcnt
753 5354 932 5413 6616661666.
978 5350 1050 5413 ilde:
1066 5351 1158 5431 igitur
1181 5360 1320 5417 constare
1335 5353 1424 5417 etiam
1448 5353 1552 5431 dabat,
1574 5353 1705 5417 inlantcs
1719 5354 1834 5419 habere

76 5436 113 5497 llt
127 5432 300 5513 subjunxit:
318 5433 379 5513 Qui
402 5434 504 5498 credit
516 5435 555 5497 in
575 5446 662 5504 enm,
675 5431 933 5511 nmjodtcoron
979 5434 1087 5497 saltem
1100 5434 1405 5500 habitualcmlidom.

74 5518 135 5599 qni
151 5523 262 5579 celem
279 5517 478 5588 concredit,
499 5514 752 5595 jomjcdicotns
776 5512 935 5577 asisinat
1019 5513 1131 5591 lertio,
1146 5518 1292 5597 probatur
1316 5534 1353 5581 cr
1367 5516 1519 5593 Patribus,
1541 5517 1593 5599 666
1608 5518 1680 5583 16661
1695 5532 1756 5581 nort
1772 5534 1835 5581 me·

76 5604 171 5680 igitur
195 5600 337 5679 aspicere
351 5614 482 5663 aeneum
507 5603 695 5677 serpentem,
717 5612 780 5659 non
804 5603 865 5657 tam
880 5596 934 5659 luit
979 5597 1124 5661 mineriat
1147 5614 1292 5681 expresse
1315 5600 1424 5665 harum
1448 5600 1618 5673 habituum,
1645 5607 1743 5663 tamen
1765 5602 1833 5663 allis

74 5688 288 5763 praeceptam,
314 5698 405 5761 quam
419 5682 590 5747 remedium
614 5680 738 5744 unicum
760 5678 877 5743 salutis:
895 5678 934 5742 ita
979 5680 1082 5747 verbis
1096 5681 1304 5748 idemdicunt.
1322 5684 1453 5748 Primum
1468 5684 1549 5749 onim
1566 5682 1789 5746 omnesllraenl
1803 5684 1834 5745 cl

152 5782 308 5839 baactnvvnr
328 5782 387 5839 l'ol.
408 5780 453 5836 ltl.
1588 5784 1621 5835 dr
