4084 6275
847 410 945 468 liniti
962 406 1105 469 taeitos
1313 409 1317 416 '
1722 414 1770 469 'itt

71 545 292 614 peccatorum,
307 541 444 621 pandora
459 542 718 623 aliquomuduab
739 544 944 607 enumeratio·
983 538 1176 621 cmiemiui,
1192 542 1393 633 quomuobis
1413 544 1642 625 amomolupesie
1667 546 1839 626 musano.

86 634 137 687 ue,
153 639 231 700 quae
245 624 278 687 iit
292 627 323 687 iu
339 627 534 691 contessinnc
549 644 650 690 coram
664 628 836 689 sacerdote:
864 629 894 689 iu
910 644 942 690 e·
985 632 1018 695 S.
1038 629 1166 693 loannis
1179 630 1382 713 chrysostomi
1398 636 1446 691 est
1460 628 1534 690 iliud
1550 628 1655 691 humil.
1671 626 1713 689 20
1736 628 1768 691 iu
1783 628 1842 691 (ie-

85 705 198 767 uuiem
213 706 348 771 eirenem
363 710 577 791 incideret,qni
592 710 719 782 diceret,
729 710 941 773 remissionem
982 707 1433 793 'nesiouiessiopeccototum
1447 710 1577 774 abolitio
1588 718 1633 773 est
1643 710 1842 786 delictorum,

82 788 221 861 pendere
235 791 274 852 nb
289 794 530 860 enumeratione,
547 809 625 871 qnae
640 792 673 853 iit
693 794 724 853 iu
747 792 942 857 corticssioue
985 798 1038 875 qui
1054 796 1143 859 etiam
1159 798 1242 860 notu.
1259 796 1289 858 5.
1307 796 1337 857 iu
1352 793 1430 857 Gen.
1453 800 1540 856 anian
1567 794 1692 871 dixerat,
1721 794 1841 857 eunies·

84 885 187 933 coram
205 872 279 935 uno.
297 876 333 936 al
349 876 408 937 iroc
423 876 535 954 ipsum,
549 892 585 937 ex
597 873 732 936 doctriua
746 882 879 937 netarum
891 876 944 939 Pa·
988 881 1077 942 sione
1092 886 1215 959 peccota
1240 878 1344 955 lauari,
1371 884 1403 941 et
1426 876 1569 940 iiduciatn
1595 876 1703 940 salutis
1728 875 1760 939 in
1781 876 1844 939 ilua

83 956 177 1027 irutn,
193 956 317 1019 disertis
331 957 432 1019 serbis
447 956 574 1019 affirmat
587 956 759 1019 liemnilius
774 975 843 1037 pap.
870 958 942 1022 982.
988 962 1142 1040 praeberi.

11 1107 12 1110 Ἴ
84 1034 138 1095 ubi
154 1039 200 1099 sic
215 1038 360 1117 loquitur:
376 1038 493 1103 mount
506 1040 616 1102 Patres
628 1047 763 1117 peccota
774 1042 943 1119 confusio·
1028 1043 1071 1106 ic
1085 1043 1132 1123 (nl
1146 1044 1281 1107 omittam
1296 1038 1430 1123 caetera)
1452 1056 1555 1103 uonna
1580 1040 1648 1122 ipsa
1672 1039 1844 1104 iicmnitius

80 1131 126 1179 uc
140 1120 331 1193 reueloooo‘,
347 1123 385 1184 iu
405 1124 510 1200 specie
534 1123 763 1201 ecpmomoo,
786 1125 945 1189 curiosius
986 1126 1078 1205 pauiu
1092 1132 1162 1189 ante
1177 1142 1214 1189 ex
1228 1124 1366 1187 Patiibus
1380 1123 1676 1203 annotarit,peocatn
1695 1124 1770 1186 solui
1792 1140 1848 1202 per

84 1200 304 1271 discutiendo.
322 1204 533 1283 caplicoutio,
549 1206 738 1283 ootopoaoo,
752 1222 945 1272 caumana·
986 1208 1261 1281 contessioneu,et
1275 1206 1468 1286 impossibiie
1482 1222 1553 1269 esse
1567 1207 1636 1268 siue
1650 1206 1846 1269 confossione

80 1282 141 1343 tio:
156 1285 269 1349 dicuat
282 1294 414 1365 peccota
424 1288 572 1365 soluiper
581 1287 943 1367 couieoeiuuemmmpos-
987 1290 1114 1354 salustii
1127 1288 1232 1371 Neque
1243 1289 1432 1370 raiert,quuti
1446 1289 1564 1351 intrant
1576 1288 1744 1352 sententias
1756 1288 1854 1363 liern2

79 1364 175 1428 sibile
189 1382 255 1431 ease
268 1370 391 1432 auinori
404 1370 486 1433 citro
496 1370 739 1447 confessionem.
763 1371 826 1435 Sco
848 1372 944 1455 Cirp-
988 1373 1083 1437 nitius
1098 1373 1316 1453 intelligentias
1330 1387 1400 1435 esse
1414 1370 1540 1443 salitule
1554 1370 1850 1451 contessione,quaa

80 1454 239 1513 eostomut
253 1453 348 1514 uticiii
360 1452 945 1533 interpretatiuucmutoeciuieliiocu·
987 1456 1022 1519 iit
1036 1455 1110 1520 neo.
1127 1456 1198 1520 llam
1214 1455 1240 1519 si
1255 1454 1406 1535 gratuitae
1419 1453 1636 1518 continuationi
1662 1460 1849 1535 repugnaret

84 1532 133 1592 tio
147 1547 295 1597 macana
309 1535 350 1597 tie
374 1540 512 1598 oaeterm
536 1535 736 1613 consensione
758 1537 943 1616 hemiolia·
988 1539 1129 1603 tiriuset
1143 1538 1290 1612 efficacia,
1306 1554 1395 1618 quatu
1410 1537 1548 1599 tribuunt
1567 1534 1748 1599 scholastici
1776 1551 1850 1599 con·

80 1613 211 1689 cicutio,
227 1618 511 1693 academiarum,
527 1634 612 1700 quoe
625 1617 664 1696 iii
677 1616 753 1681 Deo.
779 1619 861 1682 liaeo
875 1621 941 1684 iiie.
986 1620 1126 1695 iessiuui,
1144 1636 1222 1699 quae
1235 1619 1269 1683 tit
1282 1618 1446 1696 sacerdoli3
1461 1624 1648 1699 repugnaret
1672 1617 1761 1681 etiam
1784 1620 1844 1681 rir-

122 1696 186 1758 ilnu
201 1698 323 1776 tiisputo
339 1717 430 1776 nuuc,
447 1717 486 1762 au
500 1702 672 1765 sententiae
686 1701 805 1763 Petrum
828 1703 943 1781 patian-
987 1711 1037 1767 tus
1053 1711 1083 1766 el
1095 1702 1241 1780 efficacia,
1258 1719 1349 1782 quam
1364 1701 1503 1765 tribuunt
1518 1702 1621 1763 Patres
1647 1699 1848 1777 confessioni,

79 1782 130 1839 tur
144 1778 424 1860 interpretationem
439 1784 541 1857 istam,
556 1792 588 1846 et
608 1782 682 1847 nuni
702 1784 739 1846 ati
761 1801 827 1847 eam
846 1787 943 1849 sulam
987 1804 1067 1867 quae
1081 1785 1114 1850 it
1133 1786 1209 1851 Deo:
1232 1793 1361 1865 utraque
1375 1786 1458 1847 enim
1472 1783 1626 1849 coniessin
1641 1787 1689 1847 ost
1703 1798 1782 1863 opus
1794 1798 1848 1847 nu·

76 1861 308 1926 contessionem
325 1865 507 1945 pertineant,
524 1882 603 1945 qnae
617 1866 681 1929 lieo
695 1866 739 1927 iil:
760 1867 817 1930 seti
842 1874 943 1933 lamen
987 1877 1097 1931 sirum.

76 1958 183 2020 neruo,
200 1946 320 2025 opinor,
338 1954 398 2009 tam
414 1966 521 2011 excors
533 1950 656 2029 erit,qui
670 1966 731 2011 unu
743 1951 840 2013 rideat
854 1950 945 2014 liem-
1032 1952 1140 2029 Quinta
1157 1956 1285 2013 etsexta
1301 1964 1423 2024 caussa,
1440 1948 1522 2028 qunti
1536 1948 1590 2011 ilia
1604 1947 1794 2011 enumeratio
1809 1947 1851 2011 sii

77 2025 190 2087 uitium
206 2044 243 2090 ex
257 2032 409 2092 sententia
425 2032 542 2093 Patrum
559 2032 588 2092 iti
603 2031 773 2106 admittere,
796 2034 878 2110 quod
893 2052 943 2114 po·
988 2032 1202 2113 impossibilis,
1220 2040 1251 2097 et
1264 2032 1301 2094 ad
1317 2032 1563 2109 desperationem
1579 2029 1783 2111 audaumjam
1797 2046 1850 2093 su·

8 2181 9 2186 ¹
77 2109 133 2169 nin
149 2116 218 2187 post
232 2111 263 2173 in
278 2114 439 2175 catholicis
453 2114 663 2193 reprehendit,
680 2114 823 2178 nimirum
837 2118 945 2181 remis·
987 2134 1041 2195 pta
1056 2117 1204 2180 reiirialae
1218 2121 1301 2186 suut,
1317 2122 1348 2177 ei
1363 2130 1469 2177 rursus
1483 2129 1520 2177 ux
1539 2114 1608 2193 ipso
1632 2111 1786 2175 liemnitin
1801 2128 1850 2176 rc·

8 2193 9 2206 ³
77 2191 200 2253 sionem
216 2194 253 2275 ab
268 2197 498 2258 enumeratione
511 2198 658 2275 pendere.
986 2199 1075 2263 ininri
1092 2204 1232 2278 possunt.
1249 2199 1321 2261 iiam
1335 2196 1361 2259 si
1377 2196 1567 2259 enumeratio
1585 2196 1617 2257 iu
1639 2194 1847 2269 contessione,

123 2273 231 2349 Quarta
246 2292 355 2338 caussa
371 2279 481 2341 similis
496 2286 544 2341 est
564 2278 682 2341 tertiae.
710 2280 891 2344 scholastici
913 2299 944 2345 a·
988 2299 1069 2361 quae
1085 2298 1187 2344 coratn
1202 2279 1363 2343 sacerdota
1378 2278 1516 2342 iacienda
1533 2284 1592 2353 esi,
1608 2277 1640 2339 iu
1663 2278 1852 2356 desperatio·

80 2355 147 2418 nitu
172 2358 314 2421 doctores
339 2362 462 2423 tradunt
486 2360 622 2440 quitiam,
648 2363 777 2424 muitum
804 2365 945 2428 cunierre
988 2381 1062 2427 uem
1075 2364 1248 2437 adducil‚el
1262 2362 1466 2440 impossibilis
1482 2362 1626 2425 usitidem
1640 2359 1776 2441 proiecto
1790 2358 1853 2423 tlioi

77 2444 144 2499 tum
159 2439 399 2519 comessionem,
416 2450 478 2505 tum
494 2443 734 2507 sntisinclionem
751 2446 788 2507 nti
800 2446 944 2524 salutem3
988 2446 1148 2527 poteritne
1161 2445 1391 2509 enumeratione
1402 2445 1435 2507 in
1446 2443 1642 2507 confessione
1655 2458 1757 2505 curam
1773 2441 1850 2515 lieo,

77 2522 138 2583 seti
154 2538 211 2585 uec
226 2524 342 2602 dicunt,
360 2524 656 2603 parconiessinnem
682 2544 739 2589 nos
764 2530 874 2589 tuereri
898 2547 945 2591 rc·
987 2531 1037 2592 nal
1053 2529 1154 2608 potius
1168 2530 1262 2607 louge
1287 2527 1406 2591 lucilius
1431 2526 1649 2606 desperabunt,
1673 2524 1726 2605 qui
1749 2539 1851 2588 coram

7 2601 9 2629 ‘
78 2605 261 2668 missionem
277 2616 484 2686 peccatorum,
501 2609 561 2673 nisi
575 2608 653 2671 iortc
668 2625 706 2672 ex
719 2625 868 2688 congruo,
882 2626 941 2675 uec
988 2612 1065 2685 Deo,
1082 2612 1134 2690 qui
1149 2612 1213 2675 iulii
1229 2610 1313 2673 nulio
1329 2610 1420 2674 motio
1434 2616 1547 2690 potest,
1563 2607 1665 2671 omnin
1680 2612 1805 2686 peccata
1820 2622 1851 2671 e·

7 2756 8 2768 χ
75 2687 268 2751 substituuul
283 2693 422 2754 merilum
437 2691 677 2757 enumerationis
698 2693 845 2769 gratuitae
867 2710 940 2755 con·
988 2709 1152 2756 numerare
1167 2692 1336 2767 debebunt,
1353 2708 1443 2771 quarn
1458 2692 1547 2775 ii,qni
1558 2706 1660 2755 curata
1673 2689 1851 2755 homiuibus

7 2779 9 2798 ⁸
79 2770 943 2850 donatiouizhncceuimmendacialiemuiiii,nnnti1e·
988 2778 1019 2839 iti
1039 2776 1262 2839 iacturicruut.

75 2852 240 2928 cingerum
256 2856 427 2919 sententiae
444 2862 527 2920 suut.
1027 2858 1155 2922 Admisit
1169 2866 1269 2921 autem
1291 2856 1465 2919 liemuitius
1490 2852 1599 2937 pagina
1624 2853 1696 2917 982.
1722 2860 1847 2934 menate

7 2956 9 3014 3
124 2934 215 2995 Porro
231 2939 370 2999 encomia
385 2937 591 3001 contessiouis
604 2940 698 3019 louge
713 2940 828 3020 majora
841 2947 944 3004 extant
986 2958 1088 3004 curam
1104 2940 1168 3003 lieo
1184 2940 1215 3003 iu
1237 2938 1342 3021 specie
1364 2938 1565 3019 explicanda,
1590 2938 1797 3001 enumeranda
1819 2944 1851 3000 at

5 3019 9 3106 ,¹
77 3016 162 3094 apud
176 3015 292 3090 Patres,
307 3035 398 3098 quam
411 3020 489 3099 aputi
505 3022 588 3085 ulios
603 3021 822 3096 Schoinsiioos,
837 3031 870 3086 ut
884 3026 939 3086 tui·
986 3023 1159 3088 conflicnda
1175 3029 1293 3095 essaei
1306 3021 1379 3086 citra
1391 3022 1481 3085 istam
1494 3017 1720 3083 couiessiouetn
1733 3019 1847 3099 impus-

5 3117 6 3126 ¹
75 3115 147 3160 rrum
163 3099 215 3172 sit,
229 3099 416 3164 liarnnitium
432 3120 467 3166 ea
480 3105 509 3165 in
523 3102 942 3184 Scholasticisreprehende·
985 3107 1077 3171 sibile
1091 3120 1164 3170 esse
1178 3106 1333 3169 nominem
1349 3104 1573 3178 salvacionem
1593 3100 1769 3166 necessario
1781 3102 1847 3183 jam

5 3206 6 3267 3
74 3197 126 3250 rc.
142 3199 220 3260 uuae
234 3199 347 3262 negare
362 3200 424 3248 uon
440 3191 551 3266 polest,
569 3189 664 3250 muita
679 3188 808 3251 uberius
822 3190 853 3251 in
866 3188 942 3252 auli·
985 3191 1116 3270 cogitur,
1132 3196 1185 3253 aut
1198 3187 1405 3252 carnificinam
1420 3188 1515 3262 ilium,
1532 3200 1623 3265 quant
1638 3184 1741 3266 gladio
1755 3184 1846 3264 spiri·

5 3288 6 3297 ¹
75 3265 150 3342 uuis
167 3264 304 3329 Patribus
318 3267 459 3332 inueniri.
474 3271 517 3332 ic
532 3275 565 3332 ui
578 3286 675 3350 panca
690 3271 822 3349 eretnpii
845 3273 939 3351 gratia
987 3280 1036 3334 tus
1052 3271 1228 3346 excussisse
1242 3271 1404 3352 jactaverat
1421 3316 1429 3345 ,
1456 3267 1606 3348 ampiecti
1624 3283 1660 3330 ae
1684 3266 1774 3330 lueri:
1797 3275 1850 3362 aut

72 3347 220 3409 reiorum:
235 3365 264 3411 s.
280 3349 433 3414 Ambrosii
448 3357 496 3414 est
521 3353 571 3414 iiia
597 3353 748 3415 seuienlin
774 3353 829 3416 lib.
852 3355 883 3416 2.
901 3353 940 3416 dc
984 3361 1067 3418 cerie
1082 3355 1268 3423 concedere,
1283 3353 1559 3424 enumerationem,
1585 3365 1675 3432 quam
1701 3349 1849 3412 calholica

74 3429 269 3493 Paenitentia
284 3446 354 3510 cap.
370 3433 401 3497 6.
417 3434 517 3498 Solvit
527 3437 703 3500 cuminum
725 3452 833 3500 tremus
853 3451 940 3500 ucra-
984 3439 1121 3517 erigunt,
1138 3451 1239 3515 neque
1253 3433 1476 3514 impossibilem
1499 3448 1582 3505 esso,
1609 3447 1711 3510 neque
1731 3432 1769 3494 ad
1792 3429 1849 3494 da·

73 3516 191 3576 cuutio
218 3515 373 3592 confessio
394 3525 614 3598 peccatorum.
641 3519 674 3582 S.
702 3519 820 3582 Pariani
848 3520 939 3582 rerba
985 3517 1373 3599 sperationematitlucere,
1390 3533 1492 3597 nequa
1513 3513 1720 3580 caruiiicinam
1746 3515 1844 3578 notui·

74 3603 163 3674 sunt,
181 3596 211 3661 in
226 3600 387 3678 paraenesi
403 3601 442 3664 ati
456 3601 882 3676 Paenitentiam:iieiseouom
892 3619 941 3668 re·
986 3603 1053 3668 uari
1069 3615 1175 3685 posse.
