4084 6275
851 380 945 439 blilbss
963 382 1108 451 QUINTUS
1732 382 1784 438 525

81 516 161 579 duva
180 518 328 591 sacratur,
348 512 404 577 sad
428 513 458 575 io
480 512 563 578 atiud
584 514 720 579 vertitur:
744 518 775 578 et
795 513 865 576 ideo
880 531 942 577 noa
986 518 1102 580 missae
1117 514 1245 581 olierlur
1261 514 1291 580 io
1308 530 1440 597 persono
1455 515 1578 582 Cbrlsii:
1595 515 1670 579 nibil
1687 522 1787 579 autern
1804 517 1846 579 la·

81 599 189 681 ponis,
204 598 260 661 sed
274 598 305 660 id
320 596 402 679 quod
417 612 454 659 cx
468 612 549 677 pane
562 596 674 661 lectura
689 604 748 675 est,
763 598 943 678 propriesa·
986 601 1029 663 cit
1057 600 1204 663 sacerdos
1230 606 1291 661 lem
1316 600 1482 679 perspicue
1508 600 1538 663 ia
1567 614 1699 679 persona
1726 596 1852 668 dimisti,

83 680 251 748 evincatur.
363 753 367 768 Ι
800 686 804 693 ’
988 700 1080 763 quava
1093 683 1369 758 consecrationem,
1387 685 1418 747 in
1433 700 1493 763 quo
1509 682 1662 747 dieilzlioe
1677 690 1722 745 esi
1735 697 1852 761 ooopvla

126 762 284 827 Secundo:
299 760 335 825 in
349 762 582 827 consecratione
596 778 647 827 res
661 764 711 826 illo
726 779 812 827 sacra
824 778 861 825 ex
876 776 944 842 pro·
987 781 1094 828 maoav
1108 770 1167 827 ele.

81 847 189 927 pbana
203 844 323 921 1111111,
340 846 403 909 lieo
417 844 553 917 offertur,
569 846 641 909 dum
657 846 688 908 ia
703 844 788 909 altari
813 845 867 907 liei
881 844 944 906 eol·
1030 846 1186 910 Secundo:
1204 846 1279 926 Quin
1296 846 1436 935 Christus
1452 848 1520 926 ipse
1534 856 1586 911 nul
1600 846 1855 910 consecrandam

81 930 216 993 locatur.
232 929 315 1002 11111,
333 934 472 1007 utsupra
488 928 632 1001 diximus,
647 928 799 1001 victimam
812 928 844 990 ia
858 924 945 989 altari
988 932 1201 993 consumendo
1216 929 1406 1005 sacrificavit,
1424 936 1476 993 aut
1490 932 1576 993 anilo
1593 930 1682 992 ruodo
1701 928 1853 991 sacritica-

81 1024 215 1092 ponere,
230 1018 279 1073 esi
292 1012 393 1091 reipsa
408 1011 490 1074 illam
504 1010 567 1072 lieo
578 1010 738 1097 ,offerreet
751 1010 821 1091 quia
834 1012 861 1073 ri
874 1025 946 1072 oon·
989 1013 1042 1075 vit:
1059 1028 1129 1074 nam
1146 1020 1176 1074 ut
1193 1012 1398 1081 ostendimus,
1414 1029 1475 1074 noo
1492 1020 1540 1075 esi
1554 1014 1613 1075 alia
1628 1012 1739 1075 librisii
1760 1012 1853 1080 actio,

81 1092 271 1157 sacrationis
297 1092 341 1167 liv,
357 1099 515 1173 uicorpus
530 1090 653 1169 Christi,
670 1100 701 1157 et
721 1093 848 1172 sangnis
873 1091 947 1154 iaci·
991 1094 1270 1176 quaesaerillcium
1296 1095 1357 1158 diei
1383 1094 1490 1174 possit,
1518 1110 1619 1175 neque
1644 1103 1726 1171 ante,
1751 1109 1854 1173 nequo

83 1178 150 1258 piat
165 1176 266 1255 reipsa
281 1190 354 1238 esse
368 1192 463 1255 snper
487 1176 582 1239 aliare
607 1177 761 1239 mediante
783 1192 875 1238 manu
900 1190 946 1236 sa·
993 1182 1066 1257 post
1082 1179 1357 1241 consecrationem.

84 1259 235 1323 cerdoiis.
251 1258 322 1321 ideo
336 1258 441 1321 verbis
455 1260 696 1323 consecrationis
710 1275 778 1321 vera
791 1264 823 1321 el
836 1257 948 1321 solem·
1034 1256 1148 1321 Tertio:
1166 1258 1240 1333 Quia
1256 1258 1387 1341 aposloli
1402 1259 1502 1330 initia,
1512 1260 1538 1322 si
1554 1259 1631 1321 nibil
1647 1259 1802 1322 addebant
1815 1256 1855 1319 ad

84 1342 136 1404 ais
151 1340 268 1404 oblatio
281 1341 465 1403 celebratur.
481 1338 586 1419 licque
601 1342 650 1403 bis
674 1345 835 1419 repugnat,
865 1338 946 1420 quod
991 1343 1082 1405 verba
1113 1343 1354 1406 consecrationis
1382 1349 1503 1422 praeter
1531 1342 1715 1405 dominicam
1745 1340 1854 1402 oratio·

84 1422 439 1504 aliquandosiaealtari
464 1422 651 1486 celebratum
678 1430 726 1485 est
749 1421 947 1485 sacriticvum.
992 1440 1078 1501 aem;
1104 1440 1235 1487 necesse
1260 1431 1318 1499 ast,
1345 1431 1378 1487 ul
1397 1425 1607 1489 consecrando
1635 1422 1853 1487 soorilloaveai:

84 1507 159 1569 liam
176 1522 238 1568 aon
253 1506 446 1586 disputamus
459 1504 512 1567 laic
527 1507 566 1567 de
581 1505 667 1569 111111
683 1504 817 1585 lapidem
839 1505 895 1567 sed
917 1503 948 1564 id
993 1506 1191 1587 nequeenim
1208 1510 1303 1571 oratio
1326 1507 1478 1571 dominica
1503 1506 1689 1572 sacrificium
1714 1505 1775 1571 dici
1801 1522 1855 1585 po·

84 1604 180 1651 omne
193 1602 338 1671 vocamus
351 1587 512 1653 aliareubi
527 1590 675 1669 recipitur
685 1589 804 1652 victima
818 1603 872 1666 per
884 1601 949 1647 ver·
991 1596 1065 1652 test.
1399 1598 1401 1607 ’

84 1672 125 1734 ba
141 1672 386 1734 consecrationis
400 1669 521 1733 allecia.
537 1670 643 1751 licque
669 1672 780 1746 obstat,
807 1668 889 1750 quod
905 1668 948 1729 vi·
1034 1671 1157 1746 Quarto:
1175 1671 1250 1747 Quia
1266 1672 1296 1734 in
1312 1671 1542 1735 consecratione
1567 1670 1708 1734 consistit
1730 1684 1854 1748 reprae-

84 1755 279 1817 declarasse
294 1753 408 1816 oblatio
423 1755 468 1816 rei
485 1753 659 1831 invisibilis3
686 1767 756 1817 curn
782 1760 882 1815 lamen
899 1766 949 1811 ex·
993 1753 1127 1817 senloiio
1143 1752 1284 1817 saerilleii
1301 1755 1412 1829 crucis,
1436 1761 1469 1816 ui
1484 1772 1518 1819 s.
1545 1754 1677 1817 Thomas
1698 1753 1800 1826 docet,
1823 1751 1857 1817 3.

84 1844 173 1899 lerna
188 1842 219 1897 et
233 1836 393 1900 sensibilis
423 1836 544 1897 victima
560 1837 730 1917 requiratur
752 1836 782 1898 ia
808 1840 948 1906 externo,
995 1853 1063 1915 par.
1081 1836 1270 1914 quassasti.
1287 1844 1343 1901 111.
1361 1836 1411 1901 12.
1427 1838 1464 1900 ad
1480 1837 1511 1901 3.
1538 1837 1573 1898 11
1598 1837 1689 1899 simul
1711 1849 1783 1899 esse
1804 1832 1858 1898 de·

86 1927 120 1980 el
133 1919 260 1998 proprie
273 1918 356 1982 dicio
366 1917 530 1982 saeriilcio.
545 1918 618 1981 ilanr
633 1936 746 2001 corpas
761 1918 871 1981 Christi
889 1931 949 1978 aon
996 1918 1071 1981 beat
1085 1918 1268 1983 sacrificium
1283 1922 1379 1991 reale,
1395 1927 1425 1983 et
1439 1918 1623 1983 saoriiicinm
1649 1922 1859 1998 repracsenta-

86 2008 136 2065 esl
150 2000 270 2064 victima
284 2002 316 2063 in
338 2000 491 2064 saeriiicio
516 2002 642 2074 missae,
667 2002 820 2074 absolute,
845 2000 902 2062 sed
918 2004 952 2061 ul
994 2000 1260 2082 livum2siquidam
1273 2002 1375 2083 ipsum
1389 2002 1862 2080 realeeslalieriusrepreesea·

87 2090 138 2146 est
152 2084 184 2145 io
199 2084 305 2163 specio
320 2084 422 2164 panis:
439 2084 471 2147 in
485 2085 593 2165 speeie
617 2091 718 2149 autem
744 2084 833 2165 panis
857 2082 951 2162 piene
997 2084 1133 2146 latinam.

87 2166 212 2229 visibila
226 2173 285 2229 est.
1039 2163 1241 2241 inaiotouia
1257 2165 1334 2230 baec
1349 2173 1397 2233 esi
1410 2166 1563 2231 sententia
1579 2170 1714 2229 velerum
1728 2164 1862 2231 Patrona.

130 2247 245 2311 terlio:
260 2248 320 2313 Par
334 2248 610 2327 consecrationem,
636 2264 688 2314 ras
711 2264 791 2329 quaa
815 2246 952 2323 offertor,
996 2246 1071 2311 tlara
1085 2247 1232 2311 irenaeus
1247 2248 1302 2311 lib.
1318 2248 1349 2314 l.
1365 2267 1434 2331 cap.
1450 2249 1502 2313 32.
1520 2248 1606 2322 dicit,
1623 2245 1776 2312 Christum
1789 2257 1862 2313 luna

89 2331 129 2394 ad
143 2346 257 2405 veram,
273 2330 389 2394 realem
403 2338 435 2395 11
449 2337 604 2395 externam
626 2333 824 2397 mutationem
849 2338 880 2392 el
900 2331 953 2392 de·
997 2331 1144 2395 docuisse
1159 2330 1348 2395 oblationem
1372 2332 1441 2397 novi
1466 2332 1663 2404 testamenii,
1690 2346 1780 2409 quam
1804 2332 1872 2395 Ile·-

91 2414 293 2478 slvuclionem
308 2415 477 2487 ordinatur,
493 2415 575 2495 quod
591 2420 657 2478 aaut
685 2413 894 2478 accessorium
913 2411 954 2475 ad
997 2414 1094 2477 alesia
1111 2430 1166 2491 par
1180 2413 1286 2477 orbem
1304 2422 1402 2479 terrae
1417 2416 1600 2497 usquamst,
1626 2430 1696 2477 ouva
1724 2414 1776 2475 aii:
1798 2412 1864 2477 1111

90 2498 241 2559 rollonem
257 2495 412 2561 sacrificii.
427 2495 501 2559 11111
516 2513 573 2577 per
586 2497 864 2568 consecrationem,
887 2511 953 2558 cor·
997 2502 1044 2560 eal
1059 2511 1176 2577 corpus
1189 2511 1310 2561 mcum.
1327 2497 1496 2579 Cyprianus
1510 2496 1542 2561 in
1557 2510 1701 2561 sermone
1713 2494 1752 2561 de
1766 2511 1865 2563 coena

91 2595 154 2659 pus
168 2577 279 2641 coaevi
294 2580 406 2658 accipit
431 2580 558 2642 iormam
585 2580 659 2643 cibi:
685 2581 774 2643 cibus
798 2586 900 2643 aulem
915 2576 954 2640 ad
998 2576 1131 2648 Domini,
1151 2578 1311 2653 dieii,oum
1327 2582 1428 2645 verbis
1443 2579 1686 2647 consecrationis
1700 2579 1789 2656 panis
1810 2578 1865 2643 be·

90 2662 325 2737 comminuam,
342 2669 372 2724 ei
385 2678 442 2742 per
456 2663 515 2725 boo
529 2664 567 2725 ed
582 2661 779 2726 mutationem
793 2670 824 2725 11
835 2662 954 2724 destru-
1001 2661 1166 2735 aedicilor,
1184 2667 1257 2725 tuoe
1273 2660 1496 2727 Eucharistiam
1517 2662 1586 2725 lieri
1610 2661 1869 2725 medicamentum

89 2744 226 2807 ellonem
241 2742 518 2824 ordinatorumque
532 2745 730 2826 obslai‚quod
744 2742 954 2825 corpuscbri·
998 2742 1094 2807 simul
1124 2748 1155 2807 ci
1179 2743 1404 2809 baiocensium.
1431 2744 1668 2825 chrysostomus
1696 2743 1805 2809 homil,
1826 2743 1868 2809 de

87 2828 131 2890 sti
147 2826 262 2888 nullam
278 2826 309 2888 ia
324 2843 360 2890 sc
378 2828 546 2891 laesionem
572 2829 715 2909 patiatur,
742 2843 845 2909 aeque
871 2831 955 2891 esset
998 2825 1173 2907 proditione
1188 2824 1298 2899 iudae,
1314 2826 1390 2892 dicit
1403 2828 1496 2891 rerba
1512 2827 1648 2891 Domini:
1664 2824 1730 2889 Hac
1743 2832 1868 2903 calcor·

88 2924 184 2972 suum
199 2909 335 2971 naturale
349 2910 474 2992 amittat,
492 2927 561 2975 auva
584 2914 784 2974 manducatur
809 2907 956 2973 iiocbarl·
995 2908 1340 2990 poaareornasquaad
1352 2910 1458 2975 mundi
1470 2909 1765 2973 consummationem
1777 2924 1865 2989 prae·

89 2994 162 3055 sila:
187 3007 256 3053 narn
281 2992 391 3053 amittit
414 3008 485 3055 esse
508 2994 740 3066 sacramentale,
769 2999 800 3057 el
825 2991 955 3072 proinde
999 2998 1081 3055 stare
1095 2990 1441 3056 sacriiioioilrmilalam.
1460 2991 1626 3072 Gregorius
1641 2992 1697 3053 lib.
1712 2990 1750 3058 1.,
1768 2991 1868 3056 diolco

90 3072 209 3140 desinit
221 3073 345 3138 realiter
358 3090 430 3140 esse
448 3074 480 3136 in
506 3075 603 3153 attari,
629 3075 744 3142 desinit
768 3090 840 3142 essa
865 3074 955 3140 cibus
1000 3090 1121 3156 porum,
1138 3089 1208 3154 cap.
1224 3072 1275 3138 58.
1293 3090 1362 3139 eum
1377 3076 1419 3138 ait
1436 3076 1466 3139 ia
1482 3076 1548 3155 ipsa
1562 3071 1778 3140 immolationis
1789 3073 1866 3138 bora

93 3156 270 3226 sensibilis.
576 3189 582 3197 ·
1001 3158 1039 3222 ad
1066 3157 1237 3220 sacerdotis
1264 3173 1369 3221 vocem
1396 3159 1576 3239 angelorum
1603 3159 1715 3220 clroros
1740 3157 1865 3234 adessa,

133 3238 216 3302 ilaec
231 3237 305 3301 mibi
319 3254 347 3302 s.
363 3239 498 3304 'ibomaa
512 3241 664 3305 sententia
681 3257 753 3307 esse
767 3240 955 3319 ridevar,qai
1002 3239 1124 3325 coelom
1140 3239 1263 3316 aperiri,
1281 3241 1339 3304 ima
1355 3241 1485 3304 sommis
1500 3236 1758 3320 conjungimaum
1773 3255 1812 3302 ox
1822 3241 1866 3302 vi·

89 3322 128 3397 ia
141 3321 172 3384 2.
187 3321 219 3384 2.
235 3326 355 3401 quaest.
370 3321 422 3387 85.
438 3330 494 3387 art.
511 3324 542 3388 3.
558 3340 627 3388 enm
643 3327 768 3390 doceret
780 3324 818 3386 ad
840 3321 955 3386 sacrifl-
1000 3323 1145 3388 sibilibns
1161 3327 1191 3383 et
1205 3319 1414 3388 invisibilibus
1428 3322 1507 3398 fleri,
1523 3329 1628 3400 aperte
1643 3323 1735 3386 docet
1758 3322 1866 3386 immo·

91 3403 137 3467 eil
151 3405 301 3468 rationem
315 3407 482 3483 pertinere,
499 3412 533 3469 nl
552 3408 633 3471 circe
653 3423 718 3471 revn
743 3408 874 3470 oblatam
901 3403 955 3466 ali·
1000 3406 1146 3469 talionem
1162 3407 1394 3469 consecratione
1411 3405 1529 3486 perlici,
1546 3405 1600 3468 ilia
1616 3405 1698 3467 enim
1715 3410 1763 3466 esi
1777 3405 1864 3478 bora,

33 3532 34 3535 ,
93 3485 171 3564 quld
185 3485 284 3559 lieret,
301 3494 334 3549 ut
347 3504 417 3550 eum
432 3489 573 3552 animalia
588 3489 818 3568 occidebantur,
843 3495 875 3553 ct
888 3504 955 3552 cae·
1000 3505 1060 3568 qua
1076 3486 1114 3548 ad
1130 3485 1300 3550 sacerdotis
1314 3503 1420 3552 vocem
1436 3487 1575 3550 Christus
1590 3503 1661 3550 vere
1673 3487 1704 3548 io
1716 3487 1801 3549 altari
1813 3503 1864 3550 es·

93 3567 257 3634 mabaalur
270 3568 308 3630 ad
324 3569 378 3633 liei
393 3572 555 3645 bonorem,
582 3588 644 3636 aon
669 3572 797 3648 addidit,
819 3571 850 3636 id
872 3569 955 3650 quod
1000 3575 1036 3635 s'e
1051 3567 1159 3646 incipit
1173 3568 1231 3632 sub
1246 3571 1353 3649 specie
1368 3572 1470 3651 panis;
1487 3587 1556 3632 nam
1572 3567 1603 3632 ivl
1623 3576 1671 3632 ast
1695 3567 1756 3632 ima
1781 3585 1865 3632 sunr-

97 3651 137 3713 iii
149 3651 183 3717 in
196 3650 349 3716 sacrificio
363 3653 489 3729 missae,
505 3655 677 3720 consistere
697 3655 729 3718 in
752 3655 956 3718 conversione
1001 3653 1060 3718 mis
1077 3649 1236 3731 coniungi,
1254 3661 1374 3718 terreno
1388 3650 1577 3717 coelestibus
1591 3650 1863 3724 saclaracvaaum

93 3734 188 3811 panis
201 3733 358 3815 incorpos
371 3737 504 3815 iionriui,
520 3741 576 3803 sed
590 3738 623 3801 ia
643 3737 801 3816 tructione,
828 3736 955 3802 benedi·
1001 3733 1077 3819 quid
1093 3749 1128 3796 ex
1144 3732 1317 3800 visibilibus
1345 3744 1376 3800 et
1389 3734 1599 3799 invisibilibus
1609 3733 1793 3814 ilcvi3aequa
1806 3735 1864 3798 du·

95 3818 201 3879 ctione
215 3821 247 3880 11
259 3817 493 3888 manducatione
507 3820 608 3901 panis.
1001 3818 1087 3883 biara
1102 3819 1160 3888 esi,
1177 3815 1251 3895 quia
1266 3818 1306 3883 ob
1320 3817 1431 3883 Christi
1457 3816 1672 3898 praesentiam,
1699 3815 1801 3896 angeli
1822 3817 1863 3881 de

138 3898 202 3960 ilae
214 3899 417 3980 explicatione
431 3903 871 3982 praemissaprobavaraoslra
885 3918 955 3982 pro·
1000 3900 1089 3966 coelo
1103 3898 1135 3961 la
1150 3904 1261 3962 verram
1276 3901 1410 3968 veniant.
1426 3901 1522 3983 litque
1537 3899 1613 3969 brec
1626 3899 1665 3994 de
1677 3899 1775 3982 prima
1787 3913 1862 3966 cua·

94 3981 211 4062 positio
223 3989 327 4050 oslava
342 3988 373 4054 ot
386 3992 551 4066 postrema.
568 3983 755 4068 vrlnoqola
769 3985 954 4052 saeriiloium
1000 3980 1147 4050 troversia
1162 3980 1242 4046 dieta
1255 3990 1340 4050 sual.

176 5801 334 5864 1111111111
353 5799 420 5862 lot..
432 5801 479 5862 lil.
