4084 6275
779 382 876 443 iiiiiiii
894 378 1018 443 antidit
1059 397 1062 403 ’
1703 388 1740 446 59

39 526 66 589 id
82 539 148 589 uon
164 522 365 596 instituisset,
380 520 556 587 aleremur
569 516 820 599 simplicitersed
835 520 902 583 nui·
949 512 1021 593 pits.
1036 511 1088 575 Sis
1098 512 1180 577 enlm
1196 514 1237 577 ait
1248 516 1453 596 Augustinus.
1470 516 1525 581 tib.
1548 517 1579 581 l·
1601 518 1641 581 de
1656 519 1811 601 iinptismn

40 610 119 671 laen
136 614 224 688 purte
241 607 361 685 megine
374 605 489 669 crimen
503 603 745 681 nusattingeret.
787 638 797 649 -
948 602 1053 659 eontra
1075 595 1261 671 Donatistus,
1286 618 1315 661 o.
1349 599 1401 662 25.
1426 600 1574 684 Facilius
1594 602 1812 671 inveniuntur

78 693 226 772 lienique
237 692 328 754 rerba
357 690 490 767 atsigna
505 688 634 765 magieu,
651 701 712 747 non
729 683 844 748 liabent
859 686 903 749 ui·
944 678 1113 755 imeretioi,
1129 683 1188 759 oni
1203 684 1338 745 omnino
1350 700 1420 747 non
1433 683 1599 766 bnpdaent
1614 733 1623 761 ,
1636 702 1738 766 qnam
1751 692 1812 771 qni

39 776 100 837 lam
116 776 193 852 rim3
210 790 313 853 neque
331 771 413 834 enim
428 769 571 833 diabolus
593 770 666 830 dure
687 774 787 846 potest
809 768 903 831 rebus
946 777 1017 824 non
1035 762 1101 823 t'llt's
1114 763 1219 845 verbm
1234 764 1406 843 baptizent.
1644 817 1646 820 .

36 860 194 931 uirtutes,
216 859 274 924 sed
293 856 381 918 sulus
402 852 542 918 diabulus
566 857 710 930 operatur
733 851 770 911 ud
797 866 903 913 eorum
987 845 1024 905 it
1037 851 1142 907 nostro
1158 851 1294 924 tempure
1308 848 1455 913 liertinus
1476 848 1809 917 iumerustmeretieo-

38 942 262 1017 praesentiant.
279 939 319 1003 itt
332 934 434 1009 rerba,
451 942 483 996 et
495 934 583 1013 signa
598 932 828 995 sacramentalia
845 935 902 995 uim
947 943 1015 1020 rum
1027 930 1165 991 omnium
1179 930 1415 1003 auduaissimus,
1431 947 1540 993 narum
1552 934 1704 996 haeresim
1719 952 1810 1000 exeo

37 1026 183 1087 habenta
200 1022 266 1085 lieo
277 1020 423 1101 operandi
435 1016 517 1095 equod
527 1014 717 1095 significant:
730 1030 823 1090 quare
839 1017 903 1077 ion·
947 1013 1063 1086 gtiaiit,
1079 1010 1223 1075 videlieet
1236 1028 1298 1074 uon
1313 1015 1427 1091 requiri
1440 1022 1522 1077 aeria
1549 1018 1640 1079 rerba
1663 1021 1693 1078 in
1709 1032 1811 1083 saera·

36 1124 76 1184 ge
99 1107 276 1169 mirabilius
289 1111 321 1167 et
341 1101 505 1165 sublimius
533 1106 637 1178 agunt,
655 1112 745 1175 quum
761 1097 842 1161 uitae
858 1099 903 1159 in·
950 1096 1075 1153 mentis.
1089 1093 1142 1186 bie
1156 1097 1237 1156 euim
1254 1094 1389 1173 ioquitur
1409 1099 1441 1157 in
1467 1098 1545 1159 libro
1576 1100 1617 1162 da
1637 1101 1812 1179 captivitate

36 1189 236 1253 cantationes
252 1188 384 1267 possim,
609 1204 611 1211 ·
948 1172 1146 1253 Babylonica,
1161 1194 1232 1253 eap.
1254 1177 1476 1257 dellaptismo:
1495 1178 1703 1263 Quocumque
1713 1188 1811 1249 modo

77 1272 182 1334 Tertia
205 1270 341 1350 ubjeetio
367 1264 480 1329 Caluini
506 1263 637 1327 sumitur
661 1263 704 1327 ab
725 1262 904 1325 auetoritata
947 1257 1307 1338 tradaturllnpllsmtie.
1321 1261 1549 1327 modononin
1561 1269 1694 1329 nomine
1708 1266 1813 1331 nomi·

35 1354 164 1427 Christi,
181 1348 577 1433 apostotorumprimitiune
592 1344 795 1421 aniesiae,et
806 1346 904 1424 ipsius
947 1340 1278 1405 assentiremini
1288 1342 1671 1423 nominiteaeatmnere
1684 1352 1814 1414 ιαιιιιιιιι

39 1439 108 1499 nn:
123 1436 197 1499 non
218 1444 276 1505 eet,
292 1432 393 1514 inquii
409 1432 463 1493 ιιι.
479 1430 512 1493 i.
528 1446 596 1507 unp.
613 1428 696 1509 itt
718 1428 749 1503 t.
765 1429 905 1508 quaein
946 1422 1234 1520 recemundum
1248 1426 1402 1521 onerem,
1416 1429 1448 1489 n·
1461 1428 1585 1507 qoem
1606 1434 1741 1496 nonem
1752 1434 1812 1495 no-

39 1520 312 1599 baaprobotione
323 1516 529 1582 laboremne,
554 1513 689 1592 quando
702 1513 837 1576 minime
852 1512 904 1575 ob·
946 1521 1032 1567 mane
1040 1515 1206 1584 nantoani,
1223 1510 1351 1571 etiamsi
1363 1512 1485 1587 impius
1499 1513 1647 1577 minister
1672 1527 1742 1579 non
1759 1518 1813 1579 det

38 1620 177 1665 seuerum
190 1609 250 1671 est,
266 1600 350 1683 qnid
362 1597 502 1660 curnem
516 1594 644 1671 leontii,
661 1594 845 1674 quidnobis
855 1594 904 1670 fu·
947 1589 986 1649 in
998 1590 1133 1653 nomine
1146 1588 1289 1665 Domini,
1304 1606 1377 1655 uere
1398 1592 1602 1671 baptizatum
1622 1612 1689 1661 esse
1701 1600 1740 1662 in
1753 1614 1812 1662 ne

37 1702 110 1749 cm
124 1684 346 1754 martenesie,
362 1680 443 1761 qnid
454 1676 583 1759 sequuti
595 1677 661 1739 sint
674 1676 905 1755 apostoii,qnid
947 1673 1037 1733 mine
1049 1671 1191 1737 Domini.
1206 1672 1289 1737 ilaue
1304 1675 1368 1737 ilie.
1390 1676 1495 1754 itaque
1515 1681 1688 1742 seeundum
1702 1682 1810 1743 lutiae·

36 1769 158 1847 purior
171 1766 318 1829 neemia
332 1763 555 1827 obsuuanerit.
579 1758 680 1823 lmnto
692 1758 733 1821 ub
743 1760 837 1821 initio
850 1775 905 1822 ns·
947 1770 1016 1816 rum
1029 1756 1055 1817 si
1071 1756 1141 1833 quis
1153 1756 1246 1830 dieue
1259 1756 1323 1835 ligo
1339 1764 1368 1821 te
1383 1757 1502 1837 buptieo
1514 1760 1544 1820 in
1561 1762 1685 1833 nomina
1699 1763 1811 1825 butiro-

36 1868 102 1931 (μω
123 1850 247 1916 mnndi
272 1852 388 1910 notam
401 1851 458 1916 ent,
474 1844 598 1923 quoties
618 1840 749 1923 signum
769 1840 906 1921 aliquod
946 1836 971 1896 ri
987 1842 1017 1897 ei
1031 1835 1210 1901 Cntlmrinue
1225 1840 1420 1910 nioriseius,
1452 1843 1501 1904 uei
1520 1843 1611 1905 etium
1629 1846 1662 1906 in
1688 1849 1813 1911 nomine

38 1934 157 1995 obtulit
171 1929 384 1994 mannetis
397 1923 813 2005 Patr-ibeninaeparobilom
827 1926 905 1999 iiiia-
951 1919 1078 1993 diaboii,
1096 1922 1256 1997 erit-torus
1269 1922 1455 2009 Baptismus,
1481 1926 1574 1989 modo
1588 1929 1641 2008 qui
1657 1932 1811 2009 suscipit,

36 2010 601 2093 sggoeffimwpgqflm,gsggqna
625 2008 905 2071 amentemque.
949 2002 1414 2080 aauipiatinnominaliomiui.
1523 2050 1535 2077 ⁴,
1758 2056 1761 2060 .

38 2105 153 2178 speria
165 2112 281 2160 amasus
293 2095 399 2159 nostri
417 2094 642 2160 redderentur.
668 2092 755 2168 lirqo
769 2106 844 2151 eum
865 2092 905 2153 de
951 2164 957 2179 ι
989 2084 1169 2149 lietraatauit
1184 2094 1290 2164 postea
1303 2088 1549 2152 lutherusbuno
1562 2105 1698 2156 errorem
1714 2139 1721 2164 .
1737 2093 1809 2157 dein

38 2182 136 2243 uerbo
152 2176 390 2243 sacramentali
406 2176 485 2253 lieri
507 2176 704 2237 enuntiantem
728 2174 903 2245 eudimus,
949 2182 980 2227 tn
999 2166 1028 2228 l.
1045 2170 1167 2229 bomilia
1182 2171 1221 2231 de
1233 2170 1408 2249 baptismo,
1433 2173 1534 2235 babitu
1557 2191 1638 2237 anuo
1661 2176 1753 2239 iiiii.
1772 2180 1810 2239 iio

39 2260 548 2343 prontissimemintaiiigamns,
571 2256 770 2337 minautoro
792 2270 869 2317 uoce
883 2272 906 2318 n
949 2250 1105 2327 loquitar:
1129 2251 1223 2315 ctare
1243 2254 1401 2332 enprimit
1422 2252 1574 2329 dinetus,
1597 2273 1681 2337 qnos
1704 2276 1811 2324 eaere-

42 2348 196 2408 niinistro
211 2344 414 2423 praedicato.
428 2340 553 2421 plebem
564 2354 600 2402 eo
611 2355 715 2402 manu
728 2339 904 2418 ducetque
947 2334 1078 2429 munias
1089 2335 1175 2408 uelit,
1191 2342 1222 2397 et
1230 2335 1372 2412 sormam
1390 2338 1460 2415 ipse
1478 2340 1812 2416 praeambientem

40 2432 177 2507 signnm
192 2428 308 2496 tendit,
325 2442 365 2487 oo
377 2440 437 2487 nos
452 2423 575 2501 dirigit.
626 2466 629 2471 ,
947 2431 1023 2511 epse
1034 2432 1142 2494 nonu.
1157 2432 1263 2498 neque
1277 2420 1358 2482 ulia.
1382 2421 1446 2482 iila
1465 2422 1542 2500 ipsa
1563 2423 1688 2498 uerba,
1704 2441 1813 2506 neque

80 2513 145 2573 Seri
156 2510 235 2571 nibii
248 2517 296 2572 est
307 2509 400 2571 etiam
414 2522 474 2584 quo
487 2520 543 2566 nos
557 2506 586 2565 iu
599 2501 804 2581 responsione
822 2502 904 2565 labo·
948 2498 1019 2561 αιιιι
1032 2498 1085 2561 iiio
1099 2500 1330 2565 oditibeontur.
1346 2502 1383 2564 at
1397 2504 1485 2566 inira:
1516 2503 1553 2567 Si
1575 2506 1738 2583 insaniam
1761 2512 1813 2573 in·

39 2594 249 2657 terrestium
265 2590 568 2653 minimaobseurnm
583 2593 642 2652 est.
658 2584 811 2649 Gliristum
837 2586 903 2647 nui·
948 2582 1202 2663 enodesque,
1218 2599 1325 2665 neque
1339 2586 1477 2648 adderes
1502 2586 1602 2649 umba
1626 2588 1811 2670 Baptiemi,

40 2678 98 2738 iam
115 2675 319 2755 praeniisissa
330 2668 827 2741 nonnionem,eumbuobarisiium
843 2668 904 2747 pri-
947 2666 1005 2727 aed
1015 2667 1253 2742 proimneiares
1267 2668 1450 2731 orationem
1462 2670 1676 2748 domiminum,
1701 2681 1762 2737 ant
1774 2692 1810 2737 o·

38 2774 106 2821 mus
121 2758 378 2821 consuetudini
391 2760 423 2817 ut
435 2754 586 2831 deineeps
605 2752 686 2814 idem
709 2750 901 2827 iuraremus,
947 2748 995 2810 tiu
1008 2749 1172 2826 quaedam
1184 2749 1283 2812 uerba
1296 2765 1339 2813 ere
1349 2752 1450 2814 saeris
1465 2751 1656 2827 lileriensis
1669 2765 1749 2820 amet
1762 2774 1813 2821 ne·

39 2841 207 2903 mandarit.
223 2836 480 2901 lidelletilr.2li.
496 2832 904 2898 nundinationem.
947 2830 1363 2909 nmnumnmusditininu:
1386 2833 1423 2896 Si
1449 2836 1524 2916 qais
1544 2852 1635 2915 pone
1677 2844 1708 2901 et
1733 2841 1814 2905 uino

42 2926 89 2985 ti.
106 2926 219 2985 laium
234 2927 283 2983 esi
297 2922 386 2982 etiem
401 2918 474 2998 quid
496 2918 639 2997 apostoli,
662 2921 694 2979 et
714 2920 835 2980 ratores
850 2916 905 2977 ia·
944 2916 1110 2993 proposito
1126 2915 1361 2997 prontmeiurai
1374 2932 1445 2980 non
1471 2919 1546 2997 ipsa
1560 2919 1673 2983 uerbo
1696 2934 1811 2986 soora·

45 3016 105 3068 tres
120 3004 333 3084 setiuutisint,
351 3003 451 3067 exitis
467 3000 743 3077 testimoniis,quae
759 3014 816 3061 uos
831 3015 903 3075 pau·
946 2997 1205 3075 mentiendum
1218 2998 1420 3077 danubem,
1442 3006 1502 3063 eut
1525 3002 1706 3081 symbolum
1732 3022 1810 3086 apo·

43 3093 70 3150 iu
86 3098 161 3151 ante
183 3088 357 3152 citavimus.
384 3085 527 3149 intirinus
548 3085 630 3145 enim
654 3082 776 3144 rutilium
805 3081 905 3144 attulit
946 3080 1116 3154 stobrum,
1130 3084 1398 3158 autuontentiom
1417 3083 1567 3164 ιιιιιιιιιιιιι
1589 3100 1732 3161 samam,
1762 3090 1812 3152 uei

39 3173 265 3238 testimonium,
283 3176 403 3248 praeter
418 3185 511 3231 unum
532 3165 718 3246 Augustini,
739 3165 916 3244 quodiam
944 3164 1121 3241 psalmum,
1148 3180 1220 3227 nen
1239 3172 1318 3228 esset
1339 3181 1455 3228 nemim
1477 3182 1595 3245 eorpus
1626 3175 1815 3250 eteonpuie

38 3278 51 3313 ,ι
68 3256 161 3316 nobis
178 3261 229 3316 est
240 3255 436 3331 arpiimtum.
453 3251 591 3328 lienique
612 3265 674 3310 non
698 3261 857 3327 negamus.
872 3253 905 3308 ei
950 3245 1077 3309 Christi.
1092 3246 1208 3310 Similia
1225 3247 1316 3310 babet
1331 3248 1363 3310 in
1377 3251 1463 3312 teriia
1484 3250 1610 3320 bomilia
1630 3252 1672 3315 da
1692 3254 1810 3334 Baptis·

38 3338 133 3398 benni
151 3353 226 3398 eunt
242 3335 331 3413 signa
346 3335 432 3397 dedit
443 3333 594 3407 Patribus,
612 3345 716 3394 eurum
731 3333 792 3392 rim
808 3329 905 3406 expli·
949 3345 1010 3403 mo,
1027 3331 1129 3394 babitu
1147 3347 1228 3393 anno
1245 3329 1335 3397 titii.
1644 3375 1648 3382 ,

38 3425 153 3493 ruisse,
172 3429 204 3481 et
221 3419 311 3480 nobis
327 3417 410 3478 idem
425 3433 496 3478 esse
522 3413 718 3482 leniendum,
735 3415 807 3475 dum
822 3421 903 3474 cute-
987 3412 1074 3475 lioet
1106 3419 1208 3477 autem
1239 3415 1447 3476 retraebrrorit
1479 3414 1635 3480 lutherus
1670 3433 1807 3483 errorem

38 3505 212 3566 etarimenos
227 3499 428 3562 instituimus:
444 3499 500 3560 sad
514 3514 575 3559 nou
592 3501 675 3558 reete
701 3496 772 3558 inde
788 3494 905 3574 euliigit
947 3511 1053 3569 suum,
1068 3501 1169 3560 mmeu
1182 3494 1317 3558 loannes
1332 3497 1474 3560 breulius
1490 3499 1588 3578 magis
1604 3501 1753 3576 probasse
1767 3507 1807 3564 ri·

38 3586 206 3654 Certemus.
226 3584 352 3646 terbum
376 3580 596 3644 sacramentale
619 3577 694 3639 ninii
720 3593 811 3650 esse,
839 3579 902 3640 uisi
947 3578 1038 3640 detur
1058 3579 1191 3657 priorem
1219 3578 1342 3642 Lutbari
1371 3581 1568 3644 sententiam.
1597 3583 1757 3660 Siquidem
1774 3587 1808 3647 in

37 3673 236 3730 nonnionem.
254 3665 342 3730 Aliud
359 3668 440 3726 anim
459 3670 506 3725 est
525 3660 725 3732 ronuionari,
751 3659 831 3721 aliud
856 3675 904 3720 sa·
948 3661 1135 3722 eateebisato
1150 3670 1220 3732 suo,
1237 3678 1307 3740 eup.
1333 3663 1373 3724 de
1397 3662 1564 3740 baptismo,
1595 3680 1656 3726 non
1683 3669 1811 3730 multam

36 3759 191 3813 eninreuta
208 3749 382 3812 celebrare:
397 3755 559 3826 utrumque
573 3743 637 3806 fieri
653 3742 755 3811 debet,
769 3744 823 3804 sed
842 3759 903 3804 non
948 3745 1406 3822 aerumnosissimam-ianuam
1422 3745 1566 3824 baptismi
1582 3763 1599 3806 a
1626 3747 1758 3826 Cbrism3
1776 3758 1809 3812 ut

38 3836 154 3897 ideireo
168 3832 391 3913 distinguenda
405 3845 466 3892 non
495 3833 578 3901 sunt,
604 3831 635 3890 et
656 3832 790 3904 tempora
813 3833 844 3886 ei
858 3826 903 3887 oi·
951 3826 1042 3887 eiiam
1058 3825 1223 3906 zwinglius
1238 3828 1268 3888 in
1286 3827 1340 3888 lib.
1356 3827 1394 3890 de
1410 3843 1478 3890 rora
1506 3837 1538 3891 et
1551 3828 1623 3891 laisa
1648 3832 1815 3950 reiigione,

38 3917 116 3979 pig,
953 3925 1021 3987 eap.
1037 3910 1077 3970 de
1091 3909 1256 3987 baptismo,
1272 3910 1312 3971 de
1326 3925 1384 3987 qua
1398 3927 1433 3972 ra
1447 3911 1588 3975 dieamus
1603 3914 1694 3976 otium
1711 3915 1765 3978 ib.
1779 3917 1810 3978 ⁶2.

953 3993 1165 4062 sacramentis,
1182 4009 1250 4071 eap.
1267 3991 1296 4052 3.
1313 3990 1351 4052 lli
1364 4007 1439 4055 seua
1454 3993 1537 4071 prior
1549 3994 1812 4060 Lutberisenten·

307 4081 311 4088 ·
637 4077 642 4087 ’
954 4075 1004 4146 tio,
1022 4079 1055 4136 ut
1068 4075 1387 4152 mauiiesterepugnat
1401 4076 1528 4148 raritati,
1552 4079 1591 4144 ita
1617 4079 1716 4157 magis
1740 4095 1812 4144 oon·-

373 4141 489 4206 ClPUT
503 4138 599 4222 XX1·,
954 4155 1037 4218 ueriit
1051 4156 1211 4234 prinuipiis
1224 4158 1405 4220 iutberanee
1420 4158 1699 4240 theologiao,quam
1711 4169 1813 4241 puste-

954 4237 1026 4300 rior.
1040 4238 1071 4300 Si
1085 4242 1168 4302 enim
1183 4247 1373 4303 saerementn
1387 4240 1459 4303 ideo
1471 4243 1662 4320 potissimum
1675 4246 1818 4307 institute*

43 4359 98 4424 pp,
130 4365 161 4421 eg
182 4353 284 4421 „erpa
306 4359 586 4419 sacramentorum
616 4352 665 4414 ,qa
688 4351 904 4414 ,gemmam
952 4326 1036 4395 sunt,
1052 4330 1085 4383 ut
1099 4322 1191 4384 iidem
1207 4322 1342 4384 erriieni
1369 4329 1400 4384 at
1426 4331 1613 4404 sustentan13
1644 4326 1720 4391 nibil
1736 4328 1813 4390 into·

79 4457 210 4522 esen
223 4449 468 4524 renuere.
489 4449 637 4512 niuem
652 4453 710 4510 ..a
725 4451 851 4508 aar...
868 4445 906 4508 e-
954 4410 1030 4549 iti
1044 4406 1811 4569 iiiiii.“⁰.i¹.⁵..titiiiiii¹¹ini.⁰⁶t.i¹i.i

83 4553 166 4608 ⁰⁶⁰¹·
954 4569 1182 4633 birnearroram
1204 4571 1437 4643 destruendum,
1465 4577 1527 4632 ium
1556 4576 1594 4634 ud
1620 4589 1684 4636 ram
1712 4576 1811 4656 ipsam

786 4707 792 4720 ,
954 4652 1166 4714 declarandam
1181 4659 1311 4718 statuum
1325 4654 1442 4730 aliquot
1457 4654 1678 4733 propositione.

83 4738 232 4814 seqnitur
245 4737 330 4798 tertia
345 4732 486 4816 qaeestio
498 4733 667 4798 denaussis
682 4733 905 4796 intrinsecisu·
994 4735 1092 4797 Prima
1106 4735 1286 4816 propositio:
1301 4737 1360 4798 iius
1373 4741 1492 4809 aeriae,
1522 4744 1552 4799 et
1575 4739 1812 4804 deiemninatee

44 4829 120 4882 irum
137 4836 191 4881 res
219 4827 252 4881 et
279 4818 372 4882 rerba
391 4823 660 4880 -suamneniurum
682 4819 722 4878 ita
747 4818 808 4878 sint
822 4824 904 4880 ouria
951 4815 992 4878 ab
1006 4818 1077 4897 ipso
1091 4818 1160 4880 ileo
1179 4820 1219 4881 in
1239 4820 1453 4882 nomomensis
1481 4835 1548 4882 esee
1572 4821 1699 4885 deberet
1726 4823 1808 4885 liaeo

44 4904 307 4973 uideterminata,
323 4900 447 4962 uinlbil
471 4900 501 4960 in
527 4903 575 4963 ais
598 4901 707 4962 matari
731 4900 841 4978 possit.
867 4899 904 4960 iit
949 4902 1119 4979 propositio
1146 4909 1293 4978 qnantum
1314 4903 1351 4963 ad
1376 4910 1565 4965 suoramentn
1592 4919 1687 4966 nouae
1715 4904 1807 4985 legis,

45 4989 169 5064 quidem
186 4989 269 5064 apud
280 4983 545 5048 eatbaiieosnuiiu
567 4982 632 5046 iere
651 4982 806 5045 dissensio
832 4988 901 5055 esi,
948 4998 1007 5044 nee
1021 4982 1060 5044 ab
1074 4984 1239 5045 baarntiois
1253 4991 1390 5064 negatur,
1408 4993 1438 5047 et
1453 4988 1533 5065 apud
1548 4987 1719 5049 eatbolieos
1743 5005 1807 5050 oer-

46 5074 208 5148 mugisque
224 5067 441 5147 explieaiione,
462 5081 554 5143 quarn
567 5065 765 5128 altereatione
789 5079 840 5127 res
858 5068 902 5126 in·
949 5066 1067 5126 tissima
1083 5072 1142 5127 est.
1155 5066 1217 5128 Sed
1232 5068 1369 5130 aitterab
1385 5067 1457 5138 iliis,
1474 5067 1592 5130 alitera
1619 5071 1709 5143 uobis
1739 5086 1808 5148 pru-

45 5157 138 5230 diget.
949 5150 1047 5210 batur.
1063 5148 1110 5210 liii
1123 5149 1253 5226 probant
1266 5166 1305 5211 ax
1315 5151 1451 5227 generali
1467 5167 1523 5212 suo
1539 5152 1707 5231 principio,
1724 5153 1805 5231 quod

84 5235 173 5310 tpuit
196 5232 371 5294 baeretioos
381 5235 502 5292 ueteres
513 5245 576 5292 nou
586 5230 725 5304 deerant,
739 5229 793 5308 qui
809 5247 859 5292 res
873 5235 904 5292 et
951 5231 1056 5292 nutius
1069 5231 1171 5292 eultirs
1186 5231 1251 5292 ileo
1265 5232 1395 5309 placeat,
1412 5234 1471 5293 nisi
1484 5250 1576 5311 quem
1590 5236 1659 5312 ipsa
1676 5234 1808 5310 institut3

45 5319 133 5377 rurba
146 5322 408 5377 santameniorum
419 5311 621 5387 inverterent,
645 5329 681 5374 ae
696 5313 861 5392 praeeipue
874 5329 904 5371 a·
950 5318 1069 5375 eaetera
1082 5315 1118 5374 nd
1130 5311 1387 5394 iieiolpnmelou,
1402 5321 1433 5376 et
1445 5317 1623 5378 traditiones
1647 5318 1807 5380 bominum

48 5400 104 5476 pud
121 5399 301 5460 (laustinus.
317 5400 358 5460 da
373 5395 485 5474 quibus
499 5397 569 5457 ride
584 5395 767 5470 Irenaeum,
795 5397 849 5458 lib.
875 5397 904 5456 i.
954 5394 1136 5475 pertineant.
1164 5397 1251 5473 Quod
1278 5403 1490 5474 argumentum
1519 5398 1672 5461 infirmam
1700 5408 1759 5470 est,
1775 5410 1808 5461 ut

51 5502 112 5558 unp.
129 5481 161 5542 a.
176 5490 207 5541 et
224 5481 273 5542 i8.
298 5481 334 5541 iit
356 5479 537 5556 Epibunium
560 5479 679 5540 innaresi
704 5478 757 5542 26,
780 5477 907 5540 inierim
955 5493 1011 5540 nos
1024 5478 1098 5539 alibi
1113 5495 1208 5558 saepe
1224 5480 1428 5540 ostendimus.
1445 5479 1593 5544 catholini
1623 5481 1754 5560 probunt
1768 5499 1805 5544 er

54 5575 287 5632 reineriomues,
304 5563 357 5643 qui
384 5562 583 5622 santamentis
608 5561 782 5630 utebantur,
805 5577 857 5623 res
878 5566 909 5622 et
954 5562 1013 5622 aiio
1028 5561 1191 5638 principio.
1207 5562 1281 5635 Quia
1297 5568 1484 5623 sacramenia
1509 5579 1605 5626 norae
1629 5563 1709 5644 legis
1733 5574 1806 5626 sunt

55 5653 139 5708 nerim
155 5647 358 5708 determinata
381 5643 495 5706 babere
518 5644 680 5715 retebant,
710 5651 741 5706 et
761 5651 795 5706 ui
816 5644 915 5722 pluri-v
954 5657 1062 5704 errrrssa
1076 5644 1191 5720 gratiae
1219 5643 1499 5723 etjnsiilioationis.
1516 5647 1545 5709 i.
1559 5645 1628 5710 Cor.
1644 5647 1675 5708 ti.
1701 5646 1809 5709 Abinii

54 5751 127 5794 main
141 5730 403 5794 nonreeedebaui
414 5727 539 5790 averbis
551 5729 581 5788 in
595 5727 909 5806 euangeliuprueseri·
955 5726 1040 5798 estis,
1055 5726 1249 5804 sonetilieoti
1268 5728 1353 5789 estis.
1367 5727 1480 5805 Ephesi
1497 5729 1527 5804 i.
1550 5730 1713 5793 immons
1735 5747 1808 5792 eum
