4084 6275
651 409 655 426 ·
727 429 730 436 -
809 393 902 450 ntuetr
922 390 1075 460 QUARTUS

45 521 326 588 demonstravimus
360 521 450 586 etiam
477 525 650 590 testimonio
679 526 764 590 rabbi
794 527 910 589 theac-

44 621 126 668 arae.

87 687 200 750 Ultimo
214 688 322 766 objicit
336 687 478 750 Celsinus
490 690 559 752 locu
574 692 664 754 citato
680 691 849 754 testimonia
866 694 910 753 hi·

45 771 221 842 storiarum,
238 786 318 846 quae
333 772 450 834 dicunt.
463 772 502 832 ab
519 773 686 834 iterandis
702 791 777 852 pape
795 777 912 837 institu-

44 862 108 914 tum
121 871 206 926 esse,
224 862 257 914 ut
272 871 307 916 os
324 869 402 931 puae
418 868 518 923 ararnio
539 855 728 918 Euolraristia
744 857 911 920 coribcerc·

45 943 180 1004 tamenin
196 942 266 998 ento
281 935 482 997 Alexandrum
511 939 611 1000 omnis
629 939 767 1002 Ecclesia
783 942 913 1002 lermcn·

45 1027 106 1079 tato
130 1019 173 1080 uti
188 1020 411 1083 consuevisset.
428 1017 531 1096 ltaque
557 1037 624 1082 mos
649 1022 830 1086 Graecorum
858 1025 911 1086 luit

48 1118 78 1162 in
95 1100 248 1179 primitiva
270 1101 419 1172 Ecclesia,
436 1109 467 1160 et
493 1102 680 1181 apostolicus
710 1107 910 1178 censendus,

46 1201 80 1244 ee
98 1184 211 1246 merito
225 1183 404 1245 retinendos
419 1183 549 1246 ridetur.

90 1265 291 1344 Respondes:
307 1266 397 1328 ilecte
413 1264 483 1328 lecit
498 1265 660 1340 Colimus,
690 1270 772 1345 quod
796 1271 911 1334 nutttus

45 1347 185 1410 historici
202 1365 313 1410 nomen
326 1349 499 1425 adscripsit:
517 1351 619 1412 nullus
641 1351 723 1412 enim
750 1351 779 1412 id
797 1353 908 1428 tradit,

45 1431 129 1508 qood
147 1431 214 1508 ipse
229 1429 317 1506 dieit;
333 1446 391 1492 nec
409 1432 572 1493 uerisimile
587 1438 635 1494 est
655 1433 719 1496 uilo
734 1435 909 1497 medellam

47 1514 134 1591 loqui
151 1530 212 1576 non
227 1519 328 1591 potest
342 1513 483 1574 Calvinus
496 1513 535 1575 de
548 1514 718 1577 Alexandro
733 1515 773 1578 ll.
790 1527 840 1579 aut
855 1518 909 1580 ttt.

45 1603 98 1656 aut
119 1595 189 1658 aliis
206 1596 438 1673 posterioribus:
470 1597 517 1658 isti
547 1597 628 1658 enim
656 1600 776 1660 luerunt
800 1617 909 1662 carnes

43 1685 114 1755 post
132 1679 263 1740 lenirem
274 1677 330 1740 tx.
348 1679 399 1758 qui
413 1679 561 1742 acerrime
577 1680 713 1744 deiendit
727 1685 910 1746 sententiam

45 1763 160 1822 latinae
186 1760 342 1824 Ecclesiae
368 1761 406 1822 de
422 1759 608 1824 Eucharistia
636 1765 667 1826 in
689 1765 799 1830 azimis
815 1765 909 1826 carrli-

42 1843 179 1930 ιιιειιιιιι.Ι
193 1842 338 1921 Loquitur
353 1841 444 1921 igitur
460 1845 498 1906 de
514 1846 685 1908 Alexandro
708 1847 732 1908 Ι.
762 1849 812 1926 qui
829 1849 908 1910 sedit

44 1929 127 1988 circa
142 1941 259 1988 aunum
272 1923 392 1990 bomini
408 1926 478 1988 tib.
494 1929 535 1990 dc
550 1937 582 1989 ut
596 1929 743 1995 omittam.
756 1949 771 1990 a
785 1932 907 1994 nemine

43 2009 194 2088 scriptum
210 2025 293 2080 esse,
309 2009 390 2087 quod
407 2008 456 2070 hic
470 2009 638 2074 Alexander
652 2029 753 2090 aapnra
769 2018 905 2075 institae·

42 2091 93 2160 rit.
108 2107 170 2153 non
185 2099 235 2154 est
249 2090 406 2170 probabile
430 2093 536 2170 primis
552 2095 613 2158 illis
628 2096 729 2166 aneis,
747 2097 776 2156 in
792 2097 906 2170 quibus

44 2173 206 2236 Ecclesiae
220 2177 251 2234 in
269 2171 409 2251 piurimis
420 2175 625 2253 Judaiaabant
639 2183 669 2238 et
683 2179 792 2242 lactum
810 2180 908 2240 Domi·

44 2259 75 2316 rii
92 2259 170 2318 adeo
182 2273 293 2320 recens
308 2261 383 2330 erat,
401 2265 432 2318 ut
444 2258 544 2337 aliqua
561 2258 698 2322 Ecclesia
726 2262 906 2324 fermentato

44 2339 86 2400 uti
100 2340 254 2410 maluerit,
267 2356 358 2416 quam
373 2341 494 2413 eremis.
511 2342 608 2414 adde,
634 2343 715 2418 quod
732 2343 792 2406 beo
808 2344 858 2406 tx.
878 2348 907 2406 in

43 2423 137 2498 epist.
150 2423 187 2482 ad
204 2421 382 2484 Eicbe‘e'lem
398 2439 466 2498 cap.
480 2424 511 2486 s.
528 2424 613 2495 dicit,
631 2441 785 2489 romanam
802 2426 907 2488 Eccle-

43 2507 121 2566 siam
137 2504 266 2574 aPetro,
284 2521 343 2564 iiiiii
355 2505 394 2566 ab
409 2507 628 2579 Alexandrmut
643 2507 786 2570 Calvinus
798 2512 907 2571 menti-

44 2595 104 2661 tur,
119 2587 268 2652 didicisse
282 2588 412 2662 qualiter
423 2588 522 2650 divina
535 2590 677 2667 mysteria
690 2593 839 2653 celebrari
855 2595 908 2654 de-

42 2673 151 2732 beant:
167 2677 198 2732 ει
213 2686 267 2747 per
284 2669 375 2732 tuan.
392 2687 490 2735 annos
504 2689 520 2732 a
536 2673 680 2750 passione
703 2674 820 2738 boinlni
838 2677 908 2736 iuri·

41 2753 151 2816 coisse
165 2753 298 2816 eundem
315 2769 441 2826 moreau
454 2761 484 2814 et
504 2771 572 2830 cap.
589 2756 640 2816 El.
667 2756 752 2824 dicit,
777 2765 904 2821 sanctos

42 2841 189 2907 inartires
210 2836 380 2914 primitivae
395 2836 551 2900 Ecclesiae
576 2837 688 2900 nostris
702 2842 811 2910 azimis
826 2843 906 2918 mgi-

42 2925 148 2980 uatus.
165 2917 258 2996 tllqoe
271 2918 347 2980 haec
362 2920 400 2980 de
418 2919 614 2982 testimoniis.

84 3001 211 3062 Restant
224 3006 404 3080 argumenta
419 3017 458 3062 ert
473 3004 601 3066 ratione.
613 3003 647 3064 El
661 3003 784 3082 quidem
801 3003 906 3066 Graeci

42 3083 158 3162 triplici
175 3085 291 3147 ratione
306 3083 498 3162 potissimum
512 3085 684 3158 utebantur,
699 3103 778 3164 quire
793 3095 864 3151 sunt
876 3106 907 3150 a·

1686 389 1740 450 6¹5

957 544 1027 590 cuin
1036 531 1097 601 iam
1112 524 1338 591 ostenderimus
1353 524 1384 587 id
1400 523 1509 586 lectum
1525 524 1682 602 primodie
1698 542 1812 598 airino·

957 627 1088 672 murum.
1105 610 1159 672 llel
1174 610 1265 688 igitur
1286 610 1375 686 panis
1402 622 1521 677 azimus
1545 607 1647 670 diliert
1674 610 1811 686 speciae

955 694 1148 764 terracmam,
1164 695 1211 755 rel
1228 709 1301 754 uon.
1318 692 1350 752 Si
1364 689 1465 752 dilicit
1481 737 1490 760 ‚
1513 692 1545 750 ul
1574 691 1679 754 Graeci
1696 691 1812 765 ιιιιιιιιις

957 792 1031 853 ergo
1046 792 1106 837 uon
1123 782 1225 854 potest
1244 774 1434 836 Eueliaristia
1449 771 1559 833 cochei
1575 773 1604 834 iii
1621 775 1811 838 tormentata:

957 874 1017 918 non
1034 858 1116 920 enini
1132 857 1242 920 eonllci
1258 862 1359 932 potest
1373 856 1402 915 in
1419 854 1477 915 alia
1490 855 1700 934 speciequain
1718 861 1747 918 iii
1763 874 1812 929 ea,

956 957 1046 1018 quam
1060 941 1208 1003 [lominus
1221 939 1362 1002 instituit.
1379 937 1411 998 Si
1427 954 1487 999 non
1503 937 1614 1005 dinan.
1631 947 1663 1000 ul
1674 956 1744 1003 rere
1759 940 1813 1001 La·

956 1024 1009 1084 lini
1027 1023 1187 1098 affirmans
1204 1039 1279 1098 ergo
1295 1028 1395 1098 potest
1409 1019 1531 1091 confici,
1561 1029 1623 1082 tum
1639 1023 1668 1084 iii
1684 1039 1785 1098 airino
1804 1069 1812 1095 ,

956 1111 1017 1172 timi
1035 1106 1065 1166 in
1081 1104 1306 1178 lei·meiitato;ia
1323 1119 1424 1178 azanio
1438 1102 1647 1179 quidemquia
1665 1104 1812 1168 biiiiiiniis

954 1189 1000 1248 sie
1014 1188 1098 1262 iacit3
1114 1189 1144 1248 iii
1161 1188 1339 1249 leriiientato
1354 1185 1539 1260 solempnia
1553 1203 1614 1247 non
1628 1187 1729 1250 dilicit
1742 1207 1812 1265 spe·
1928 1233 1933 1243 .

955 1265 1057 1332 cie'eb
1072 1287 1185 1340 mimo.
1203 1269 1307 1348 itaque
1330 1268 1416 1330 rides
1430 1278 1665 1344 argumentum,
1696 1273 1722 1332 si
1738 1272 1814 1345 quid

954 1354 1044 1417 valet.
1061 1360 1164 1414 contra
1176 1353 1308 1412 Graecos
1321 1349 1497 1417 selaeseu
1515 1365 1618 1412 resera
1631 1351 1706 1412 nihil
1723 1355 1811 1425 iiilet,

953 1452 1023 1496 curn
1037 1453 1097 1496 nori
1119 1435 1237 1498 dillerat
1262 1431 1468 1498 essentialiter
1487 1449 1608 1504 arpinus
1629 1443 1659 1496 at
1674 1436 1807 1500 lerinen-

955 1522 1046 1580 latus.
1685 1563 1696 1572 -

993 1601 1086 1664 Porro
1097 1601 1148 1662 illa
1162 1599 1345 1678 etymologia
1359 1597 1443 1660 iocis
1462 1592 1556 1677 ἄρτος
1583 1598 1623 1660 ab
1637 1599 1786 1664 eiciendo
1804 1647 1812 1674 ‚

953 1685 1054 1746 autab
1075 1684 1257 1746 accidentali
1272 1681 1449 1744 conditione
1469 1685 1664 1757 complacet,
1683 1689 1715 1743 ot
1728 1683 1759 1744 iii
1782 1703 1813 1744 a·

953 1767 1007 1826 liis
1020 1767 1125 1828 multis
1146 1765 1256 1827 laetum
1270 1766 1421 1826 ridemus:
1439 1769 1490 1822 ant
1505 1780 1565 1824 non
1582 1763 1693 1826 dieitur
1707 1761 1812 1851 ἄριες,

954 1849 1024 1924 qnia
1039 1849 1177 1912 claretur
1193 1866 1247 1925 pei·
1263 1849 1458 1924 [armentum.
1475 1847 1531 1905 sed
1548 1848 1674 1922 potios,
1698 1850 1767 1925 qaia
1784 1869 1815 1910 e-

953 1933 1034 1994 levet
1048 1938 1183 1995 naturum
1199 1931 1361 1992 barisanam
1375 1927 1537 1990 auuieiida
1549 1935 1580 1990 et
1592 1932 1734 2008 appendo
1747 1948 1814 1992 rcr-

953 2030 1026 2092 pora
1039 2021 1153 2086 nostra,
1166 2015 1219 2092 qui
1235 2012 1365 2076 eiiectus
1378 2010 1552 2074 communis
1566 2019 1613 2074 est
1624 2015 1695 2090 pani
1709 2029 1814 2092 arpino

952 2113 1023 2161 cuin
1044 2097 1238 2160 termenlaio.

993 2180 1054 2243 Sed
1070 2180 1142 2242 hinc
1158 2181 1293 2240 irascitur
1307 2181 1519 2252 aspernantem
1547 2174 1661 2236 Caluini
1678 2178 1745 2239 loca
1760 2192 1812 2241 su·

952 2279 1004 2340 pra
1019 2269 1132 2324 notato.
1149 2262 1221 2324 llam
1234 2263 1260 2322 si
1276 2258 1478 2322 accidentaria
1488 2257 1657 2322 cinerarius
1673 2267 1721 2321 est
1736 2261 1814 2321 inter

953 2361 1090 2424 azymum
1119 2352 1150 2407 el
1163 2344 1387 2412 lermeaiataia.
1403 2342 1663 2419 qualisestetiam
1681 2344 1759 2404 inter
1771 2345 1814 2403 ri·

953 2443 1027 2490 num
1042 2429 1145 2490 album
1158 2434 1190 2490 et
1202 2426 1340 2495 rumoni,
1353 2440 1415 2487 non
1427 2431 1583 2502 oporteret
1596 2425 1626 2484 io
1641 2442 1813 2487 sacramen·

954 2515 984 2570 to
1000 2509 1210 2572 Eucharistiae
1225 2508 1331 2587 majori
1349 2524 1425 2576 ,cura
1448 2521 1598 2583 quaerere
1624 2523 1734 2584 panem
1748 2526 1812 2583 aar·

953 2600 1050 2659 aiom.
1065 2610 1157 2670 qoam
1172 2593 1349 2668 quaerimus
1367 2592 1472 2651 riuum
1484 2589 1600 2664 albom3
1612 2591 1668 2651 sed
1685 2599 1769 2652 esset
1782 2611 1814 2650 o·

955 2675 1080 2738 mnibus
1094 2674 1331 2753 permittendum
1348 2716 1358 2744 ,
1374 2678 1408 2734 ul
1422 2672 1519 2734 iibere
1535 2677 1692 2734 uterentur
1705 2674 1814 2752 quotis

954 2773 1045 2835 pene,
1063 2765 1095 2820 ul
1112 2758 1210 2820 libere
1226 2763 1352 2818 utuntur
1364 2753 1474 2834 quotis
1486 2756 1570 2816 irino.

993 2841 1190 2919 despondeo:
1214 2839 1338 2900 llolturn
1364 2838 1490 2898 interest
1519 2836 1814 2900 iiiiordilierentiain

952 2926 1043 3000 azimi
1059 2931 1090 2986 el
1103 2923 1286 2988 lermeutati.
1299 2928 1330 2982 et
1342 2919 1545 2982 differentiani
1557 2920 1619 2982 albi
1634 2926 1666 2980 et
1677 2919 1760 2983 rubri
1773 2923 1815 2980 vi·

952 3011 994 3070 ni.
1012 3007 1084 3070 liam
1100 3007 1129 3067 iii
1146 3004 1252 3082 primis
1265 3008 1385 3068 constit
1401 3001 1563 3062 bominum
1586 3019 1675 3064 usum
1696 3019 1769 3066 esse
1783 3023 1814 3062 a·
1887 3062 1891 3070 ,

950 3107 1050 3171 irino:
1065 3106 1125 3151 noa
1137 3094 1238 3151 autem
1251 3091 1369 3150 coastat
1383 3090 1483 3149 ulium
1496 3085 1569 3147 ,iiiia
1580 3084 1651 3147 albo
1665 3101 1703 3147 aa
1719 3087 1814 3147 rubro

43 3167 108 3245 pud
124 3167 302 3231 dnsclmoin
321 3168 348 3229 in
367 3168 445 3231 tibio
461 3169 500 3231 de
514 3183 627 3241 azimo.
644 3176 674 3233 ει
688 3170 907 3233 verbosissime
951 3192 1027 3239 usus
1040 3175 1092 3248 siti
1114 3180 1145 3235 et
1161 3172 1275 3233 ideirco
1290 3175 1467 3233 constanter
1488 3161 1659 3229 retinemus
1674 3185 1811 3245 arpinum

39 3251 220 3312 referuntur
248 3268 263 3311 a
295 3250 556 3315 Crantoriatoribus
578 3252 906 3328 ilapdoburiiensibus‚
952 3255 1216 3335 propterbomini
1238 3251 1483 3330 eseinplum3de
1513 3253 1590 3314 rino,
1613 3265 1674 3313 non
1704 3268 1814 3312 suiuus
1850 3247 1860 3265 ⁶

39 3352 78 3392 ai
94 3333 183 3395 libris
199 3332 357 3395 llicbaiilis
372 3334 511 3413 episcopi
527 3336 861 3412 constantinopolitani,
877 3346 908 3399 el
950 3338 1162 3415 sollicitiqnia
1179 3353 1240 3397 nori
1254 3334 1515 3395 habemussimile
1530 3333 1814 3409 exemptumbeta·

39 3416 167 3477 Electae
183 3414 270 3478 Cciil.
289 3418 338 3477 ll.
355 3434 421 3493 cap.
437 3416 471 3479 8.
503 3424 533 3479 ct
554 3418 634 3494 apud
665 3418 857 3497 Euthymiiim
876 3420 905 3481 iii
951 3424 990 3485 de
1002 3422 1173 3483 diffamatia
1188 3420 1282 3497 arpini
1309 3424 1339 3479 el
1351 3416 1522 3477 lermentati
1538 3416 1620 3477 ileos
1631 3432 1726 3495 saepe
1740 3434 1814 3477 osas

39 3516 113 3575 cap.
126 3498 179 3560 ue.
202 3496 307 3559 ltaiiti.
328 3506 358 3559 el
371 3516 469 3575 nuper
490 3502 579 3563 eliam
605 3502 752 3577 repetitae
780 3509 851 3563 sunl
866 3504 904 3563 ab
954 3514 1001 3567 est
1015 3506 1052 3565 ad
1069 3504 1147 3565 varia
1170 3501 1312 3578 misteria
1328 3496 1540 3576 significanda.
1557 3506 1590 3557 iit
1605 3504 1686 3574 patet
1702 3513 1737 3559 eii
1751 3506 1813 3559 toto

41 3582 195 3643 iheremia
209 3581 357 3661 episcopo
373 3583 703 3661 constantinopolitano
725 3586 755 3645 in
772 3600 902 3647 censura
954 3587 1098 3651 Leuitico.
1117 3584 1167 3647 obi
1192 3586 1254 3645 lere
1269 3597 1392 3659 semper
1407 3579 1658 3657 praescribuntur
1673 3597 1769 3657 panes
1784 3600 1813 3639 a·

40 3664 79 3725 ad
97 3662 326 3727 contessionem
337 3666 552 3743 segusianam,
569 3683 637 3741 cap.
655 3665 705 3727 til.
953 3672 1040 3742 rimi,
1056 3670 1097 3731 ob
1111 3665 1367 3745 significationem
1384 3662 1524 3755 puritatis
1551 3668 1581 3723 ει
1602 3661 1786 3756 sinceritatis
1804 3682 1813 3733 ;

83 3746 183 3807 Prima
199 3746 274 3807 ratio
287 3754 335 3809 est
346 3748 511 3826 ejusmodi:
524 3748 682 3811 maninus
693 3765 768 3811 cuin
780 3750 905 3813 Euche-
955 3768 1106 3829 nosquam
1121 3757 1222 3811 autern
1234 3750 1318 3809 ilaus
1333 3763 1409 3809 osus
1423 3751 1472 3805 εει
1496 3742 1666 3805 differentia
1678 3762 1738 3806 iiiii
1751 3748 1811 3805 albi

38 3831 170 3891 rislicm
180 3830 328 3901 instituit,
339 3846 461 3908 ponem
471 3832 604 3909 aceepit.
619 3828 655 3892 dl
667 3848 821 3909 asperum
834 3849 903 3895 riori
953 3842 1005 3899 eut
1020 3834 1103 3895 rubri
1119 3834 1155 3895 iil
1171 3832 1285 3907 aliquid
1301 3826 1548 3908 significandum:
1579 3827 1649 3919 ideo
1673 3828 1812 3890 Ecclesia

39 3911 528 3991 eslputtt'siPttitt'eettt'mpimece
540 3910 762 3992 diciturdipioc,
777 3916 904 3977 occido
952 3919 992 3979 ob
1007 3917 1262 3996 sigardi-attonem
1278 3913 1389 3975 retinet
1402 3926 1535 4003 azimum
1552 3956 1561 3979 ‚
1585 3926 1687 3971 sinum
1708 3918 1811 3976 autern

39 3997 132 4075 alpia,
149 3996 238 4075 quod
248 4002 294 4057 est
307 3996 428 4059 attollo:
443 4012 512 4059 non
526 4004 635 4061 eutem
650 3997 807 4061 attollitur
821 4000 901 4075 ibri·
952 3999 1161 4063 indifferenter
1174 3997 1300 4059 adhibet
1313 4012 1367 4057 seu
1383 3993 1486 4055 albuin
1501 3998 1551 4062 ειι,
1567 4007 1624 4085 εει
1639 3994 1778 4055 rubrum.

38 4094 168 4143 naseu
181 4079 459 4156 consparsionum
477 4095 537 4157 per
549 4080 755 4155 fernientum.
997 4082 1139 4145 Secunda
1156 4081 1231 4141 ratio
1246 4078 1430 4141 Graecorum
1446 4081 1505 4146 cst,
1527 4090 1598 4152 qma
1614 4091 1719 4168 azima!
1738 4084 1812 4137 suat

81 4161 277 4239 Respondes:
294 4160 358 4223 iioc
372 4168 584 4239 argumentum
603 4208 611 4233 ‚
627 4163 674 4223 rei
691 4162 766 4223 nihil
780 4164 898 4237 probat,
952 4163 1284 4241 proprialudaeorum3
1301 4177 1376 4239 ergo
1396 4172 1578 4221 consecrare
1589 4157 1811 4221 Eucharistiuin

40 4243 88 4305 iel
106 4258 162 4322 pro
176 4244 267 4305 nobis
280 4243 353 4305 lacit
365 4250 468 4307 contra
485 4243 703 4307 Graecosznam
719 4245 749 4305 iii
766 4243 901 4323 Scripto-
948 4249 978 4310 iii
993 4264 1099 4325 iiapmo
1114 4261 1204 4323 pone,
1221 4252 1269 4309 cst
1282 4243 1449 4335 jndaizare.
1554 4323 1560 4334 ·
1579 4322 1596 4333 ..

39 4345 71 4387 ra
90 4342 203 4387 nomen
219 4325 308 4404 pariis
322 4342 485 4391 commuue
501 4334 548 4389 est
576 4328 614 4389 ad
629 4342 762 4399 arpinum
791 4334 823 4389 ct
844 4330 900 4391 ter·
990 4329 1186 4407 Respondeo:
1202 4327 1266 4389 Non
1284 4332 1332 4388 est
1342 4326 1561 4417 judaizareuti
1578 4324 1686 4417 iisdem
1703 4322 1809 4390 rebus,

36 4414 224 4471 mentatum.
241 4408 276 4469 El
297 4408 424 4488 quiade
446 4409 627 4471 sermentato
643 4424 733 4472 nemo
760 4409 876 4471 dubitat
893 4428 901 4487 3
949 4414 1063 4488 quihus
1077 4412 1239 4475 utebantur
1252 4409 1372 4482 Judaeh
1389 4409 1500 4499 sedati
1514 4411 1625 4467 eodem
1639 4414 1700 4467 ritu
1726 4414 1756 4465 et
1770 4406 1809 4465 ad

38 4492 189 4569 probatur
203 4490 242 4553 de
253 4508 356 4571 azymo
369 4510 407 4555 eri
423 4492 476 4555 iilo
499 4492 597 4555 boone
620 4484 675 4553 ultl
704 4491 831 4569 Accepit
845 4511 904 4571 pii·
950 4495 1084 4559 cundem
1098 4492 1313 4569 linemllaqiie
1328 4492 1369 4552 uti
1385 4505 1575 4583 arpiniscuum
1586 4504 1666 4567 agno
1682 4488 1808 4582 paseha·

35 4590 128 4647 nean,
143 4573 381 4642 umidisque.
400 4574 434 4635 Et
455 4575 545 4637 intra:
563 4573 726 4651 Quomodo
749 4591 903 4652 capuana·
951 4578 1070 4641 thetid
1086 4575 1318 4652 siparumncam
1334 4572 1445 4635 Christi
1462 4578 1623 4649 puritatem
1638 4576 1670 4631 et
1683 4586 1812 4632 sinceri·

38 4664 122 4719 runt
134 4657 277 4719 illiunin
289 4657 449 4735 proruam
460 4658 570 4735 punis.
598 4657 687 4719 iilum
711 4658 793 4719 euim
808 4660 906 4721 luisse
952 4668 1042 4723 talem
1058 4660 1200 4725 loturam.
1215 4666 1247 4719 el
1261 4658 1360 4732 ipsiiis
1374 4656 1549 4747 passionem
1564 4660 1595 4715 et
1610 4658 1751 4715 mortem.
1761 4658 1809 4713 est

41 4756 157 4818 panem
173 4756 322 4819 arpinum,
338 4750 454 4803 certum
470 4736 529 4813 list,
542 4740 612 4819 quia
629 4740 659 4801 id
688 4739 800 4805 iactum
834 4748 904 4811 cst,
955 4745 1045 4820 plane
1057 4742 1223 4821 judaieire3
1239 4747 1270 4801 et
1284 4739 1435 4799 illicitum:
1452 4744 1486 4831 ιιιΙ
1498 4742 1540 4797 uti
1569 4735 1681 4815 azymis
1702 4737 1742 4830 ad
1761 4753 1821 4828 ει),

39 4822 128 4901 quod
140 4822 246 4887 Lucus
256 4829 367 4890 narrat.
381 4824 465 4885 tertia
482 4824 532 4885 die
542 4839 726 4901 azemorum,
740 4825 787 4886 ret
800 4840 909 4887 secun·
955 4831 1142 4889 crumentum
1158 4822 1365 4887 Eucharistiae
1379 4818 1605 4913 conficiendum
1620 4823 1650 4879 et
1664 4818 1701 4879 ad
1716 4834 1812 4895 signi-

42 4910 82 4965 ιιι
99 4906 153 4969 die
173 4905 345 4969 secuudum
360 4906 506 4983 Graecam
521 4906 635 4984 quibus
649 4905 761 4969 diebus
789 4924 848 4969 non
865 4908 910 4967 in·
957 4910 1104 4971 tteaiidaui
1121 4907 1232 4969 Christi
1247 4906 1408 4982 puritatem
1433 4911 1464 4963 et
1486 4908 1705 4997 sinceritatem
1731 4917 1812 4993 quae

41 4988 225 5053 veniebatur
238 4990 318 5067 opud
333 4988 490 5051 Hebraeos
505 4988 564 5051 nisi
580 5005 703 5068 orimus
719 4988 909 5065 panisd’rae·
956 4990 1021 5058 iiiii.
1039 4997 1070 5053 ct
1083 4996 1142 5066 esl;
1158 5006 1220 5051 nori
1234 4997 1284 5051 εει
1294 4987 1460 5066 judaizare.
1476 4986 1531 5047 sed
1547 4985 1675 5078 implere
1694 4986 1811 5080 indiis·

44 5078 132 5133 terea
147 5070 272 5134 beritic.
288 5072 319 5133 i.
336 5073 479 5135 dicuntur
499 5088 595 5149 panes
610 5088 679 5133 cuni
693 5073 857 5143 termento,
881 5078 911 5135 el
957 5074 1135 5153 mitigares.
1151 5072 1270 5149 Alioqui
1285 5087 1345 5133 noa
1362 5070 1547 5162 deberemus
1560 5074 1603 5127 uti
1618 5082 1700 5163 aqua
1711 5083 1742 5129 in
1758 5066 1811 5159 ila·

48 5170 153 5231 panes
177 5154 296 5230 absque
316 5153 481 5242 fermento.
508 5154 648 5233 Denique
675 5154 911 5224 Theodoretus.
959 5158 1082 5234 ptisnio.
1098 5155 1170 5231 quia
1185 5156 1236 5216 ilia
1258 5153 1421 5215 utebantur
1445 5158 1535 5244 etiam
1559 5149 1667 5243 ludaei
1693 5166 1725 5209 in
1746 5163 1812 5242 siris

45 5239 187 5301 tiraecus
201 5241 306 5299 auctor
322 5239 352 5299 iii
367 5254 435 5316 cap.
453 5238 503 5299 ill.
521 5237 658 5301 Danielis
674 5244 755 5299 notat
773 5238 913 5299 inscitiae
959 5236 1234 5317 purificationibus:
1250 5241 1281 5296 et
1295 5234 1429 5311 deniquo
1444 5234 1582 5327 Christus
1596 5246 1664 5325 ipse
1689 5246 1749 5292 non
1763 5248 1812 5307 iu·

47 5338 104 5381 aas
120 5322 174 5400 qui
189 5335 301 5399 panem
315 5334 459 5394 orimum,
483 5336 594 5398 panem
616 5323 716 5385 iocari
745 5336 838 5399 posse
861 5336 913 5383 ne·
959 5323 1079 5383 daiaare
1094 5320 1261 5385 docuisset,
1277 5320 1304 5380 si
1331 5318 1391 5379 hoc
1416 5325 1500 5377 esset
1522 5316 1687 5394 pidaimre.
1714 5312 1811 5385 idue,

48 5412 136 5481 goul.
959 5406 1040 5483 qood
1055 5402 1164 5465 ludaei
1178 5403 1215 5463 iii-
1226 5402 1320 5464 rebus
1335 5398 1442 5461 sacris.
1460 5416 1520 5459 non
1547 5403 1661 5458 tantiitu
1686 5398 1811 5490 uteban-

90 5487 157 5549 ltoc
172 5502 248 5563 orgo
263 5486 461 5549 luadumenlu
476 5486 587 5562 posito,
615 5484 791 5559 aohtptmus
806 5484 910 5547 ttaiih.
959 5485 1145 5565 larcrymis,
1161 5486 1217 5547 sed
1231 5485 1320 5546 eliani
1337 5484 1527 5554 fermentato,
1545 5487 1577 5542 ut
1592 5483 1673 5556 patet
1689 5480 1811 5540 beritic.

44 5569 101 5631 fid.
118 5569 172 5631 ille
184 5570 287 5632 rerba:
300 5566 429 5648 decepit
447 5584 583 5645 ponem,
606 5569 774 5633 benedieti
798 5574 856 5631 etc.
874 5570 912 5629 dc
959 5568 989 5631 i.
1007 5570 1058 5631 uhi
1072 5568 1219 5648 jubentur
1234 5566 1334 5629 ollorri
1352 5582 1459 5640 paries.
1474 5565 1592 5639 absque
1609 5564 1769 5656 lernieato3
1782 5566 1814 5623 et

43 5652 279 5733 aripatoesponi
293 5666 399 5730 posse,
415 5668 607 5717 comnomen
634 5652 860 5727 sitrominuiic3
883 5658 913 5713 et
959 5654 1050 5729 paulo
1064 5657 1132 5730 post
1146 5651 1175 5711 in
1192 5650 1252 5711 alio
1272 5647 1423 5711 sarritieio
1447 5648 1593 5724 jubentur
1617 5642 1720 5741 ollerri
1741 5660 1811 5705 cuin

45 5740 211 5815 priemrea
228 5750 290 5799 noo
306 5735 406 5801 solum
424 5750 540 5815 posse,
565 5736 620 5801 scd
636 5736 728 5803 otiam
744 5741 885 5812 oportere
902 5778 910 5808 ,
959 5734 1122 5812 termento,
1137 5743 1168 5798 et
1181 5732 1308 5798 herilia.
1325 5732 1373 5795 tl.
1390 5731 1513 5811 jubetur
1534 5728 1631 5793 Phasi
1656 5728 1723 5792 lieri
1747 5741 1816 5789 cuin
