<?xml version="1.0" encoding="UTF-8"?>
<!DOCTYPE html PUBLIC "-//W3C//DTD XHTML 1.0 Transitional//EN"
    "http://www.w3.org/TR/xhtml1/DTD/xhtml1-transitional.dtd">
<html xmlns="http://www.w3.org/1999/xhtml" xml:lang="en" lang="en">
 <head>
  <title>
</title>
<meta http-equiv="Content-Type" content="text/html;charset=utf-8" />
  <meta name='ocr-system' content='tesseract 3.04.00' />
  <meta name='ocr-capabilities' content='ocr_page ocr_carea ocr_par ocr_line ocrx_word'/>
</head>
<body>
  <div class='ocr_page' id='page_1' title='image "./operaomnia03unkngoog/operaomnia03unkngoog_0387.png"; bbox 0 0 4084 6275; ppageno 0'>
   <div class='ocr_carea' id='block_1_1' title="bbox 852 419 1778 488">
    <p class='ocr_par' dir='ltr' id='par_1_1' title="bbox 852 419 1778 488">
     <span class='ocr_line' id='line_1_1' title="bbox 852 419 1778 488; baseline 0.009 -10"><span class='ocrx_word' id='word_1_1' title='bbox 852 419 949 478; x_wconf 82' lang='lat' dir='ltr'>LIBER</span> <span class='ocrx_word' id='word_1_2' title='bbox 965 420 1106 483; x_wconf 78' lang='lat' dir='ltr'><strong>lanatus</strong></span> <span class='ocrx_word' id='word_1_3' title='bbox 1725 431 1778 488; x_wconf 79' lang='lat' dir='ltr'><strong>stt</strong></span> 
     </span>
    </p>
   </div>
   <div class='ocr_carea' id='block_1_2' title="bbox 0 554 1926 5845">
    <p class='ocr_par' dir='ltr' id='par_1_2' title="bbox 0 554 1926 5845">
     <span class='ocr_line' id='line_1_2' title="bbox 84 554 1846 652; baseline 0.001 -24"><span class='ocrx_word' id='word_1_4' title='bbox 84 561 184 628; x_wconf 89' lang='lat' dir='ltr'><strong>ritiao.</strong></span> <span class='ocrx_word' id='word_1_5' title='bbox 200 556 421 626; x_wconf 72' lang='lat' dir='ltr'><strong>Existimabam</strong></span> <span class='ocrx_word' id='word_1_6' title='bbox 448 555 530 620; x_wconf 90' lang='lat' dir='ltr'><strong>enim</strong></span> <span class='ocrx_word' id='word_1_7' title='bbox 555 560 698 622; x_wconf 87' lang='lat' dir='ltr'><strong>auctores</strong></span> <span class='ocrx_word' id='word_1_8' title='bbox 722 555 791 652; x_wconf 75' lang='lat' dir='ltr'><strong>ejus</strong></span> <span class='ocrx_word' id='word_1_9' title='bbox 812 554 942 634; x_wconf 90' lang='lat' dir='ltr'><strong>erroris,</strong></span> <span class='ocrx_word' id='word_1_10' title='bbox 1029 557 1314 639; x_wconf 81' lang='lat' dir='ltr'><strong>Atnonpotestita</strong></span> <span class='ocrx_word' id='word_1_11' title='bbox 1342 555 1535 637; x_wconf 88' lang='lat' dir='ltr'><strong>responderi.</strong></span> <span class='ocrx_word' id='word_1_12' title='bbox 1561 557 1637 622; x_wconf 84' lang='lat' dir='ltr'><strong>liant</strong></span> <span class='ocrx_word' id='word_1_13' title='bbox 1658 562 1846 641; x_wconf 88' lang='lat' dir='ltr'><strong>praedicatio</strong></span> 
     </span>
     <span class='ocr_line' id='line_1_3' title="bbox 83 637 1845 727; baseline -0.001 -17"><span class='ocrx_word' id='word_1_14' title='bbox 83 663 198 727; x_wconf 91' lang='lat' dir='ltr'><strong>panem</strong></span> <span class='ocrx_word' id='word_1_15' title='bbox 210 661 275 710; x_wconf 89' lang='lat' dir='ltr'><strong>rem</strong></span> <span class='ocrx_word' id='word_1_16' title='bbox 290 657 361 706; x_wconf 91' lang='lat' dir='ltr'><strong>esse</strong></span> <span class='ocrx_word' id='word_1_17' title='bbox 374 655 458 704; x_wconf 86' lang='lat' dir='ltr'><strong>mere</strong></span> <span class='ocrx_word' id='word_1_18' title='bbox 473 637 680 720; x_wconf 75' lang='lat' dir='ltr'><strong>artificiosam,</strong></span> <span class='ocrx_word' id='word_1_19' title='bbox 696 656 766 718; x_wconf 86' lang='lat' dir='ltr'><strong>quaa</strong></span> <span class='ocrx_word' id='word_1_20' title='bbox 787 639 942 712; x_wconf 87' lang='lat' dir='ltr'><strong>manibus,</strong></span> <span class='ocrx_word' id='word_1_21' title='bbox 989 640 1179 705; x_wconf 77' lang='lat' dir='ltr'><strong>diuersarum</strong></span> <span class='ocrx_word' id='word_1_22' title='bbox 1195 648 1366 706; x_wconf 91' lang='lat' dir='ltr'><strong>naturarum</strong></span> <span class='ocrx_word' id='word_1_23' title='bbox 1382 648 1505 721; x_wconf 88' lang='lat' dir='ltr'><strong>propter</strong></span> <span class='ocrx_word' id='word_1_24' title='bbox 1519 642 1663 706; x_wconf 90' lang='lat' dir='ltr'><strong>unionem</strong></span> <span class='ocrx_word' id='word_1_25' title='bbox 1676 644 1845 726; x_wconf 73' lang='lat' dir='ltr'><strong>hypostati-</strong></span> 
     </span>
     <span class='ocr_line' id='line_1_4' title="bbox 83 721 1846 805; baseline -0.001 -12"><span class='ocrx_word' id='word_1_26' title='bbox 83 736 114 793; x_wconf 91' lang='lat' dir='ltr'><strong>cl</strong></span> <span class='ocrx_word' id='word_1_27' title='bbox 129 737 196 794; x_wconf 90' lang='lat' dir='ltr'><strong>arta</strong></span> <span class='ocrx_word' id='word_1_28' title='bbox 212 727 370 792; x_wconf 87' lang='lat' dir='ltr'><strong>bominum</strong></span> <span class='ocrx_word' id='word_1_29' title='bbox 392 723 437 795; x_wconf 82' lang='lat' dir='ltr'><strong>ut,</strong></span> <span class='ocrx_word' id='word_1_30' title='bbox 454 730 484 787; x_wconf 90' lang='lat' dir='ltr'><strong>et</strong></span> <span class='ocrx_word' id='word_1_31' title='bbox 499 723 628 804; x_wconf 81' lang='lat' dir='ltr'>proinde</span> <span class='ocrx_word' id='word_1_32' title='bbox 643 722 778 786; x_wconf 87' lang='lat' dir='ltr'><strong>lormam&#39;</strong></span> <span class='ocrx_word' id='word_1_33' title='bbox 789 721 877 802; x_wconf 92' lang='lat' dir='ltr'><strong>panis</strong></span> <span class='ocrx_word' id='word_1_34' title='bbox 899 721 945 784; x_wconf 89' lang='lat' dir='ltr'><strong>ui·</strong></span> <span class='ocrx_word' id='word_1_35' title='bbox 989 738 1056 785; x_wconf 89' lang='lat' dir='ltr'><strong>cam</strong></span> <span class='ocrx_word' id='word_1_36' title='bbox 1071 741 1133 790; x_wconf 89' lang='lat' dir='ltr'><strong>non</strong></span> <span class='ocrx_word' id='word_1_37' title='bbox 1148 727 1229 788; x_wconf 84' lang='lat' dir='ltr'><strong>valet</strong></span> <span class='ocrx_word' id='word_1_38' title='bbox 1244 726 1302 789; x_wconf 88' lang='lat' dir='ltr'><strong>nisi</strong></span> <span class='ocrx_word' id='word_1_39' title='bbox 1317 725 1349 787; x_wconf 91' lang='lat' dir='ltr'><strong>in</strong></span> <span class='ocrx_word' id='word_1_40' title='bbox 1364 726 1413 799; x_wconf 89' lang='lat' dir='ltr'><strong>iis,</strong></span> <span class='ocrx_word' id='word_1_41' title='bbox 1430 742 1509 803; x_wconf 81' lang='lat' dir='ltr'><strong>quae</strong></span> <span class='ocrx_word' id='word_1_42' title='bbox 1520 725 1772 805; x_wconf 77' lang='lat' dir='ltr'><strong>significanturut</strong></span> <span class='ocrx_word' id='word_1_43' title='bbox 1783 736 1846 793; x_wconf 86' lang='lat' dir='ltr'><strong>tota</strong></span> 
     </span>
     <span class='ocr_line' id='line_1_5' title="bbox 81 804 1845 889; baseline 0.001 -15"><span class='ocrx_word' id='word_1_44' title='bbox 81 812 127 875; x_wconf 92' lang='lat' dir='ltr'><strong>bil</strong></span> <span class='ocrx_word' id='word_1_45' title='bbox 143 829 228 886; x_wconf 84' lang='lat' dir='ltr'><strong>esso,</strong></span> <span class='ocrx_word' id='word_1_46' title='bbox 245 810 304 874; x_wconf 89' lang='lat' dir='ltr'><strong>uisi</strong></span> <span class='ocrx_word' id='word_1_47' title='bbox 320 807 446 888; x_wconf 78' lang='lat' dir='ltr'><strong>liguram</strong></span> <span class='ocrx_word' id='word_1_48' title='bbox 462 806 544 868; x_wconf 90' lang='lat' dir='ltr'><strong>illam</strong></span> <span class='ocrx_word' id='word_1_49' title='bbox 558 813 724 876; x_wconf 83' lang='lat' dir='ltr'><strong>externam,</strong></span> <span class='ocrx_word' id='word_1_50' title='bbox 748 812 778 866; x_wconf 92' lang='lat' dir='ltr'><strong>et</strong></span> <span class='ocrx_word' id='word_1_51' title='bbox 801 804 943 867; x_wconf 90' lang='lat' dir='ltr'><strong>accidcn-</strong></span> <span class='ocrx_word' id='word_1_52' title='bbox 987 808 1152 885; x_wconf 81' lang='lat' dir='ltr'>quaedam,</span> <span class='ocrx_word' id='word_1_53' title='bbox 1168 816 1198 888; x_wconf 83' lang='lat' dir='ltr'><strong>ot</strong></span> <span class='ocrx_word' id='word_1_54' title='bbox 1212 809 1329 888; x_wconf 79' lang='lat' dir='ltr'><strong>integra</strong></span> <span class='ocrx_word' id='word_1_55' title='bbox 1344 807 1513 887; x_wconf 85' lang='lat' dir='ltr'><strong>supposita.</strong></span> <span class='ocrx_word' id='word_1_56' title='bbox 1528 805 1615 870; x_wconf 89' lang='lat' dir='ltr'><strong>Unde</strong></span> <span class='ocrx_word' id='word_1_57' title='bbox 1628 818 1688 874; x_wconf 91' lang='lat' dir='ltr'><strong>nau</strong></span> <span class='ocrx_word' id='word_1_58' title='bbox 1701 812 1845 889; x_wconf 76' lang='lat' dir='ltr'><strong>dicimus,</strong></span> 
     </span>
     <span class='ocr_line' id='line_1_6' title="bbox 82 887 1842 974; baseline -0.001 -16"><span class='ocrx_word' id='word_1_59' title='bbox 82 896 299 974; x_wconf 70' lang='lat' dir='ltr'><strong>malampnum</strong></span> <span class='ocrx_word' id='word_1_60' title='bbox 315 893 345 952; x_wconf 89' lang='lat' dir='ltr'><strong>ic</strong></span> <span class='ocrx_word' id='word_1_61' title='bbox 361 895 551 951; x_wconf 88' lang='lat' dir='ltr'><strong>sacramento</strong></span> <span class='ocrx_word' id='word_1_62' title='bbox 566 904 725 950; x_wconf 88' lang='lat' dir='ltr'><strong>remanere</strong></span> <span class='ocrx_word' id='word_1_63' title='bbox 743 887 893 950; x_wconf 74' lang='lat' dir='ltr'><strong>ridemus,</strong></span> <span class='ocrx_word' id='word_1_64' title='bbox 910 890 945 950; x_wconf 88' lang='lat' dir='ltr'><strong>ta</strong></span> <span class='ocrx_word' id='word_1_65' title='bbox 987 887 1104 967; x_wconf 87' lang='lat' dir='ltr'><strong>Carpus</strong></span> <span class='ocrx_word' id='word_1_66' title='bbox 1119 897 1166 952; x_wconf 94' lang='lat' dir='ltr'><strong>est</strong></span> <span class='ocrx_word' id='word_1_67' title='bbox 1180 894 1292 972; x_wconf 87' lang='lat' dir='ltr'><strong>aalma,</strong></span> <span class='ocrx_word' id='word_1_68' title='bbox 1308 893 1354 952; x_wconf 85' lang='lat' dir='ltr'><strong>rel</strong></span> <span class='ocrx_word' id='word_1_69' title='bbox 1371 893 1462 952; x_wconf 90' lang='lat' dir='ltr'><strong>bomo</strong></span> <span class='ocrx_word' id='word_1_70' title='bbox 1477 896 1524 952; x_wconf 89' lang='lat' dir='ltr'><strong>est</strong></span> <span class='ocrx_word' id='word_1_71' title='bbox 1538 889 1648 954; x_wconf 87' lang='lat' dir='ltr'><strong>aalma:</strong></span> <span class='ocrx_word' id='word_1_72' title='bbox 1674 910 1774 973; x_wconf 86' lang='lat' dir='ltr'><strong>acque</strong></span> <span class='ocrx_word' id='word_1_73' title='bbox 1797 896 1842 956; x_wconf 88' lang='lat' dir='ltr'><strong>dt·</strong></span> 
     </span>
     <span class='ocr_line' id='line_1_7' title="bbox 80 970 1842 1058; baseline -0.002 -16"><span class='ocrx_word' id='word_1_74' title='bbox 80 981 176 1058; x_wconf 87' lang='lat' dir='ltr'><strong>panis</strong></span> <span class='ocrx_word' id='word_1_75' title='bbox 192 995 253 1046; x_wconf 92' lang='lat' dir='ltr'><strong>noa</strong></span> <span class='ocrx_word' id='word_1_76' title='bbox 269 983 381 1040; x_wconf 85' lang='lat' dir='ltr'><strong>est-res</strong></span> <span class='ocrx_word' id='word_1_77' title='bbox 398 987 481 1034; x_wconf 85' lang='lat' dir='ltr'><strong>ancre</strong></span> <span class='ocrx_word' id='word_1_78' title='bbox 508 970 681 1042; x_wconf 82' lang='lat' dir='ltr'><strong>artificiosa,</strong></span> <span class='ocrx_word' id='word_1_79' title='bbox 709 986 767 1032; x_wconf 93' lang='lat' dir='ltr'><strong>nec</strong></span> <span class='ocrx_word' id='word_1_80' title='bbox 792 971 856 1032; x_wconf 89' lang='lat' dir='ltr'><strong>sula</strong></span> <span class='ocrx_word' id='word_1_81' title='bbox 879 976 944 1037; x_wconf 91' lang='lat' dir='ltr'><strong>arte</strong></span> <span class='ocrx_word' id='word_1_82' title='bbox 986 972 1098 1038; x_wconf 84' lang='lat' dir='ltr'><strong>cimus.</strong></span> <span class='ocrx_word' id='word_1_83' title='bbox 1114 974 1170 1034; x_wconf 90' lang='lat' dir='ltr'><strong>llic</strong></span> <span class='ocrx_word' id='word_1_84' title='bbox 1186 974 1268 1037; x_wconf 91' lang='lat' dir='ltr'><strong>Deus</strong></span> <span class='ocrx_word' id='word_1_85' title='bbox 1282 972 1448 1053; x_wconf 83' lang='lat' dir='ltr'><strong>(Christos)</strong></span> <span class='ocrx_word' id='word_1_86' title='bbox 1464 978 1512 1039; x_wconf 88' lang='lat' dir='ltr'><strong>est</strong></span> <span class='ocrx_word' id='word_1_87' title='bbox 1526 990 1639 1053; x_wconf 92' lang='lat' dir='ltr'><strong>carpus</strong></span> <span class='ocrx_word' id='word_1_88' title='bbox 1654 976 1776 1050; x_wconf 82' lang='lat' dir='ltr'><strong>Christi,</strong></span> <span class='ocrx_word' id='word_1_89' title='bbox 1793 977 1842 1040; x_wconf 88' lang='lat' dir='ltr'><strong>rol</strong></span> 
     </span>
     <span class='ocr_line' id='line_1_8' title="bbox 78 1051 1843 1140; baseline -0.001 -16"><span class='ocrx_word' id='word_1_90' title='bbox 78 1061 219 1126; x_wconf 87' lang='lat' dir='ltr'><strong>bumana</strong></span> <span class='ocrx_word' id='word_1_91' title='bbox 234 1060 299 1123; x_wconf 85' lang='lat' dir='ltr'><strong>heri</strong></span> <span class='ocrx_word' id='word_1_92' title='bbox 316 1061 427 1136; x_wconf 91' lang='lat' dir='ltr'><strong>potcst,</strong></span> <span class='ocrx_word' id='word_1_93' title='bbox 443 1061 477 1118; x_wconf 91' lang='lat' dir='ltr'><strong>ut</strong></span> <span class='ocrx_word' id='word_1_94' title='bbox 496 1051 718 1126; x_wconf 83' lang='lat' dir='ltr'><strong>huntscamua‚</strong></span> <span class='ocrx_word' id='word_1_95' title='bbox 731 1059 844 1126; x_wconf 88' lang='lat' dir='ltr'><strong>restes,</strong></span> <span class='ocrx_word' id='word_1_96' title='bbox 861 1053 943 1116; x_wconf 89' lang='lat' dir='ltr'><strong>aedi·</strong></span> <span class='ocrx_word' id='word_1_97' title='bbox 985 1055 1086 1116; x_wconf 90' lang='lat' dir='ltr'><strong>anima</strong></span> <span class='ocrx_word' id='word_1_98' title='bbox 1102 1054 1224 1129; x_wconf 82' lang='lat' dir='ltr'><strong>Christi,</strong></span> <span class='ocrx_word' id='word_1_99' title='bbox 1239 1057 1295 1118; x_wconf 93' lang='lat' dir='ltr'><strong>sed</strong></span> <span class='ocrx_word' id='word_1_100' title='bbox 1311 1064 1436 1129; x_wconf 82' lang='lat' dir='ltr'><strong>tantum,</strong></span> <span class='ocrx_word' id='word_1_101' title='bbox 1450 1059 1611 1121; x_wconf 85' lang='lat' dir='ltr'><strong>esthama.</strong></span> <span class='ocrx_word' id='word_1_102' title='bbox 1624 1055 1737 1125; x_wconf 78' lang='lat' dir='ltr'><strong>bodam</strong></span> <span class='ocrx_word' id='word_1_103' title='bbox 1751 1060 1843 1140; x_wconf 79' lang='lat' dir='ltr'><strong>igitur</strong></span> 
     </span>
     <span class='ocr_line' id='line_1_9' title="bbox 79 1135 1839 1221; baseline -0.001 -15"><span class='ocrx_word' id='word_1_104' title='bbox 79 1143 226 1221; x_wconf 84' lang='lat' dir='ltr'><strong>iicia3sed</strong></span> <span class='ocrx_word' id='word_1_105' title='bbox 241 1158 293 1205; x_wconf 87' lang='lat' dir='ltr'><strong>res</strong></span> <span class='ocrx_word' id='word_1_106' title='bbox 308 1145 356 1202; x_wconf 91' lang='lat' dir='ltr'><strong>cst</strong></span> <span class='ocrx_word' id='word_1_107' title='bbox 371 1137 561 1206; x_wconf 84' lang='lat' dir='ltr'><strong>naturalis,ct</strong></span> <span class='ocrx_word' id='word_1_108' title='bbox 575 1136 695 1198; x_wconf 90' lang='lat' dir='ltr'><strong>actione</strong></span> <span class='ocrx_word' id='word_1_109' title='bbox 711 1135 836 1200; x_wconf 90' lang='lat' dir='ltr'><strong>naturali</strong></span> <span class='ocrx_word' id='word_1_110' title='bbox 852 1153 944 1216; x_wconf 80' lang='lat' dir='ltr'><strong>agen·</strong></span> <span class='ocrx_word' id='word_1_111' title='bbox 987 1137 1077 1198; x_wconf 83' lang='lat' dir='ltr'><strong>ruodo</strong></span> <span class='ocrx_word' id='word_1_112' title='bbox 1100 1141 1195 1221; x_wconf 88' lang='lat' dir='ltr'><strong>posita</strong></span> <span class='ocrx_word' id='word_1_113' title='bbox 1217 1140 1427 1214; x_wconf 71' lang='lat' dir='ltr'><strong>assumptione</strong></span> <span class='ocrx_word' id='word_1_114' title='bbox 1450 1139 1734 1221; x_wconf 78' lang='lat' dir='ltr'><strong>hypostaticapanis</strong></span> <span class='ocrx_word' id='word_1_115' title='bbox 1746 1161 1762 1202; x_wconf 90' lang='lat' dir='ltr'><strong>a</strong></span> <span class='ocrx_word' id='word_1_116' title='bbox 1775 1159 1839 1207; x_wconf 86' lang='lat' dir='ltr'><strong>rer-</strong></span> 
     </span>
     <span class='ocr_line' id='line_1_10' title="bbox 77 1217 1843 1299; baseline -0.001 -11"><span class='ocrx_word' id='word_1_117' title='bbox 77 1228 158 1290; x_wconf 89' lang='lat' dir='ltr'><strong>tium</strong></span> <span class='ocrx_word' id='word_1_118' title='bbox 176 1226 357 1290; x_wconf 90' lang='lat' dir='ltr'><strong>naturalium</strong></span> <span class='ocrx_word' id='word_1_119' title='bbox 372 1221 410 1282; x_wconf 91' lang='lat' dir='ltr'><strong>ab</strong></span> <span class='ocrx_word' id='word_1_120' title='bbox 432 1218 607 1281; x_wconf 89' lang='lat' dir='ltr'><strong>haminibus</strong></span> <span class='ocrx_word' id='word_1_121' title='bbox 629 1219 849 1298; x_wconf 74' lang='lat' dir='ltr'><strong>applicatarum</strong></span> <span class='ocrx_word' id='word_1_122' title='bbox 871 1235 944 1280; x_wconf 92' lang='lat' dir='ltr'><strong>coo·</strong></span> <span class='ocrx_word' id='word_1_123' title='bbox 985 1217 1039 1286; x_wconf 84' lang='lat' dir='ltr'><strong>bo,</strong></span> <span class='ocrx_word' id='word_1_124' title='bbox 1056 1219 1163 1284; x_wconf 84' lang='lat' dir='ltr'><strong>liceret</strong></span> <span class='ocrx_word' id='word_1_125' title='bbox 1176 1221 1290 1293; x_wconf 82' lang='lat' dir='ltr'><strong>uicere,</strong></span> <span class='ocrx_word' id='word_1_126' title='bbox 1306 1219 1362 1283; x_wconf 87' lang='lat' dir='ltr'><strong>Hie</strong></span> <span class='ocrx_word' id='word_1_127' title='bbox 1376 1220 1464 1299; x_wconf 89' lang='lat' dir='ltr'><strong>panis</strong></span> <span class='ocrx_word' id='word_1_128' title='bbox 1476 1219 1687 1291; x_wconf 62' lang='lat' dir='ltr'><strong>estecestat</strong></span> <span class='ocrx_word' id='word_1_129' title='bbox 1700 1224 1843 1288; x_wconf 85' lang='lat' dir='ltr'><strong>csthri·</strong></span> 
     </span>
     <span class='ocr_line' id='line_1_11' title="bbox 74 1301 1844 1386; baseline 0 -16"><span class='ocrx_word' id='word_1_130' title='bbox 74 1311 194 1372; x_wconf 87' lang='lat' dir='ltr'><strong>licitur.</strong></span> <span class='ocrx_word' id='word_1_131' title='bbox 211 1303 475 1386; x_wconf 80' lang='lat' dir='ltr'><strong>Quemadmodum</strong></span> <span class='ocrx_word' id='word_1_132' title='bbox 501 1301 603 1369; x_wconf 73' lang='lat' dir='ltr'><strong>etiam¹</strong></span> <span class='ocrx_word' id='word_1_133' title='bbox 617 1317 721 1373; x_wconf 85' lang='lat' dir='ltr'><strong>ranae,</strong></span> <span class='ocrx_word' id='word_1_134' title='bbox 751 1302 944 1380; x_wconf 78' lang='lat' dir='ltr'><strong>scorpiones,</strong></span> <span class='ocrx_word' id='word_1_135' title='bbox 986 1307 1065 1374; x_wconf 83' lang='lat' dir='ltr'><strong>stus,</strong></span> <span class='ocrx_word' id='word_1_136' title='bbox 1081 1306 1128 1364; x_wconf 90' lang='lat' dir='ltr'><strong>rel</strong></span> <span class='ocrx_word' id='word_1_137' title='bbox 1144 1311 1192 1366; x_wconf 93' lang='lat' dir='ltr'><strong>est</strong></span> <span class='ocrx_word' id='word_1_138' title='bbox 1206 1306 1308 1380; x_wconf 88' lang='lat' dir='ltr'><strong>homo;</strong></span> <span class='ocrx_word' id='word_1_139' title='bbox 1326 1319 1386 1365; x_wconf 92' lang='lat' dir='ltr'><strong>non</strong></span> <span class='ocrx_word' id='word_1_140' title='bbox 1403 1309 1502 1364; x_wconf 91' lang='lat' dir='ltr'><strong>tomen</strong></span> <span class='ocrx_word' id='word_1_141' title='bbox 1519 1312 1623 1379; x_wconf 86' lang='lat' dir='ltr'><strong>posset</strong></span> <span class='ocrx_word' id='word_1_142' title='bbox 1637 1305 1709 1379; x_wconf 83' lang='lat' dir='ltr'><strong>dici,</strong></span> <span class='ocrx_word' id='word_1_143' title='bbox 1724 1307 1779 1370; x_wconf 90' lang='lat' dir='ltr'><strong>llic</strong></span> <span class='ocrx_word' id='word_1_144' title='bbox 1792 1327 1844 1386; x_wconf 86' lang='lat' dir='ltr'><strong>pa·</strong></span> 
     </span>
     <span class='ocr_line' id='line_1_12' title="bbox 75 1384 1845 1472; baseline -0.001 -18"><span class='ocrx_word' id='word_1_145' title='bbox 75 1393 169 1472; x_wconf 78' lang='lat' dir='ltr'><strong>apes,</strong></span> <span class='ocrx_word' id='word_1_146' title='bbox 186 1396 264 1465; x_wconf 77' lang='lat' dir='ltr'><strong>cata,</strong></span> <span class='ocrx_word' id='word_1_147' title='bbox 282 1389 402 1459; x_wconf 84' lang='lat' dir='ltr'><strong>aihum,</strong></span> <span class='ocrx_word' id='word_1_148' title='bbox 420 1393 450 1456; x_wconf 80' lang='lat' dir='ltr'><strong>et</strong></span> <span class='ocrx_word' id='word_1_149' title='bbox 464 1384 521 1446; x_wconf 88' lang='lat' dir='ltr'><strong>alia</strong></span> <span class='ocrx_word' id='word_1_150' title='bbox 548 1385 694 1446; x_wconf 90' lang='lat' dir='ltr'><strong>nonnulla</strong></span> <span class='ocrx_word' id='word_1_151' title='bbox 722 1384 852 1446; x_wconf 90' lang='lat' dir='ltr'><strong>bumana</strong></span> <span class='ocrx_word' id='word_1_152' title='bbox 878 1392 943 1446; x_wconf 90' lang='lat' dir='ltr'><strong>arte</strong></span> <span class='ocrx_word' id='word_1_153' title='bbox 987 1387 1035 1446; x_wconf 88' lang='lat' dir='ltr'><strong>nis</strong></span> <span class='ocrx_word' id='word_1_154' title='bbox 1051 1391 1101 1448; x_wconf 91' lang='lat' dir='ltr'><strong>est</strong></span> <span class='ocrx_word' id='word_1_155' title='bbox 1114 1403 1183 1448; x_wconf 90' lang='lat' dir='ltr'><strong>caro</strong></span> <span class='ocrx_word' id='word_1_156' title='bbox 1200 1385 1321 1462; x_wconf 77' lang='lat' dir='ltr'><strong>arrasa,</strong></span> <span class='ocrx_word' id='word_1_157' title='bbox 1339 1388 1384 1448; x_wconf 89' lang='lat' dir='ltr'><strong>ret</strong></span> <span class='ocrx_word' id='word_1_158' title='bbox 1401 1387 1452 1448; x_wconf 89' lang='lat' dir='ltr'><strong>bic</strong></span> <span class='ocrx_word' id='word_1_159' title='bbox 1468 1384 1555 1464; x_wconf 90' lang='lat' dir='ltr'><strong>panis</strong></span> <span class='ocrx_word' id='word_1_160' title='bbox 1572 1395 1620 1449; x_wconf 89' lang='lat' dir='ltr'><strong>est</strong></span> <span class='ocrx_word' id='word_1_161' title='bbox 1643 1405 1754 1468; x_wconf 92' lang='lat' dir='ltr'><strong>carpus</strong></span> <span class='ocrx_word' id='word_1_162' title='bbox 1779 1409 1845 1453; x_wconf 86' lang='lat' dir='ltr'><strong>aar·</strong></span> 
     </span>
     <span class='ocr_line' id='line_1_13' title="bbox 76 1465 1844 1553; baseline 0.001 -19"><span class='ocrx_word' id='word_1_163' title='bbox 76 1474 148 1540; x_wconf 88' lang='lat' dir='ltr'><strong>lieri</strong></span> <span class='ocrx_word' id='word_1_164' title='bbox 164 1480 307 1553; x_wconf 75' lang='lat' dir='ltr'><strong>possunt,</strong></span> <span class='ocrx_word' id='word_1_165' title='bbox 323 1474 527 1551; x_wconf 49' lang='lat' dir='ltr'><strong>quaestamen</strong></span> <span class='ocrx_word' id='word_1_166' title='bbox 555 1465 701 1530; x_wconf 91' lang='lat' dir='ltr'><strong>naturalia</strong></span> <span class='ocrx_word' id='word_1_167' title='bbox 727 1472 810 1539; x_wconf 88' lang='lat' dir='ltr'><strong>suat,</strong></span> <span class='ocrx_word' id='word_1_168' title='bbox 827 1473 858 1529; x_wconf 91' lang='lat' dir='ltr'><strong>et</strong></span> <span class='ocrx_word' id='word_1_169' title='bbox 882 1467 942 1528; x_wconf 88' lang='lat' dir='ltr'><strong>tor·</strong></span> <span class='ocrx_word' id='word_1_170' title='bbox 986 1466 1216 1531; x_wconf 78' lang='lat' dir='ltr'><strong>neumdbristi:</strong></span> <span class='ocrx_word' id='word_1_171' title='bbox 1233 1486 1302 1531; x_wconf 91' lang='lat' dir='ltr'><strong>cara</strong></span> <span class='ocrx_word' id='word_1_172' title='bbox 1318 1469 1412 1540; x_wconf 85' lang='lat' dir='ltr'><strong>caim,</strong></span> <span class='ocrx_word' id='word_1_173' title='bbox 1427 1485 1483 1530; x_wconf 88' lang='lat' dir='ltr'><strong>seu</strong></span> <span class='ocrx_word' id='word_1_174' title='bbox 1506 1483 1617 1548; x_wconf 87' lang='lat' dir='ltr'><strong>corpus</strong></span> <span class='ocrx_word' id='word_1_175' title='bbox 1642 1487 1786 1535; x_wconf 86' lang='lat' dir='ltr'><strong>carneum</strong></span> <span class='ocrx_word' id='word_1_176' title='bbox 1802 1474 1844 1536; x_wconf 89' lang='lat' dir='ltr'><strong>si·</strong></span> 
     </span>
     <span class='ocr_line' id='line_1_14' title="bbox 76 1548 1848 1632; baseline -0.002 -12"><span class='ocrx_word' id='word_1_177' title='bbox 76 1575 163 1620; x_wconf 87' lang='lat' dir='ltr'><strong>mam</strong></span> <span class='ocrx_word' id='word_1_178' title='bbox 185 1553 420 1622; x_wconf 85' lang='lat' dir='ltr'><strong>substantialem</strong></span> <span class='ocrx_word' id='word_1_179' title='bbox 443 1550 567 1620; x_wconf 87' lang='lat' dir='ltr'><strong>habent,</strong></span> <span class='ocrx_word' id='word_1_180' title='bbox 591 1565 628 1611; x_wconf 88' lang='lat' dir='ltr'><strong>eo</strong></span> <span class='ocrx_word' id='word_1_181' title='bbox 651 1549 731 1627; x_wconf 89' lang='lat' dir='ltr'><strong>qaod</strong></span> <span class='ocrx_word' id='word_1_182' title='bbox 755 1548 792 1609; x_wconf 91' lang='lat' dir='ltr'><strong>ad</strong></span> <span class='ocrx_word' id='word_1_183' title='bbox 815 1565 851 1612; x_wconf 90' lang='lat' dir='ltr'><strong>ea</strong></span> <span class='ocrx_word' id='word_1_184' title='bbox 875 1564 944 1630; x_wconf 90' lang='lat' dir='ltr'><strong>pra·</strong></span> <span class='ocrx_word' id='word_1_185' title='bbox 984 1550 1178 1629; x_wconf 78' lang='lat' dir='ltr'><strong>gallicantus,</strong></span> <span class='ocrx_word' id='word_1_186' title='bbox 1195 1559 1227 1614; x_wconf 93' lang='lat' dir='ltr'><strong>ut</strong></span> <span class='ocrx_word' id='word_1_187' title='bbox 1242 1550 1345 1632; x_wconf 86' lang='lat' dir='ltr'><strong>partes</strong></span> <span class='ocrx_word' id='word_1_188' title='bbox 1359 1558 1484 1613; x_wconf 89' lang='lat' dir='ltr'><strong>naturae</strong></span> <span class='ocrx_word' id='word_1_189' title='bbox 1498 1552 1662 1628; x_wconf 87' lang='lat' dir='ltr'><strong>humanae,</strong></span> <span class='ocrx_word' id='word_1_190' title='bbox 1678 1557 1848 1619; x_wconf 87' lang='lat' dir='ltr'><strong>uenatio-.-</strong></span> 
     </span>
     <span class='ocr_line' id='line_1_15' title="bbox 75 1633 1843 1717; baseline -0.001 -13"><span class='ocrx_word' id='word_1_191' title='bbox 75 1641 222 1704; x_wconf 86' lang='lat' dir='ltr'><strong>duceuda</strong></span> <span class='ocrx_word' id='word_1_192' title='bbox 244 1638 446 1700; x_wconf 78' lang='lat' dir='ltr'><strong>adhibeantur</strong></span> <span class='ocrx_word' id='word_1_193' title='bbox 468 1633 609 1712; x_wconf 80' lang='lat' dir='ltr'><strong>agentia,</strong></span> <span class='ocrx_word' id='word_1_194' title='bbox 632 1647 688 1694; x_wconf 92' lang='lat' dir='ltr'><strong>scu</strong></span> <span class='ocrx_word' id='word_1_195' title='bbox 700 1645 828 1695; x_wconf 90' lang='lat' dir='ltr'><strong>caussae</strong></span> <span class='ocrx_word' id='word_1_196' title='bbox 857 1638 944 1694; x_wconf 86' lang='lat' dir='ltr'><strong>uatu-</strong></span> <span class='ocrx_word' id='word_1_197' title='bbox 987 1640 1069 1712; x_wconf 81' lang='lat' dir='ltr'><strong>tcgre</strong></span> <span class='ocrx_word' id='word_1_198' title='bbox 1084 1634 1253 1713; x_wconf 89' lang='lat' dir='ltr'><strong>supposita.</strong></span> <span class='ocrx_word' id='word_1_199' title='bbox 1270 1634 1331 1697; x_wconf 88' lang='lat' dir='ltr'><strong>Nec</strong></span> <span class='ocrx_word' id='word_1_200' title='bbox 1347 1640 1448 1714; x_wconf 90' lang='lat' dir='ltr'><strong>potest</strong></span> <span class='ocrx_word' id='word_1_201' title='bbox 1461 1634 1533 1705; x_wconf 90' lang='lat' dir='ltr'><strong>dici,</strong></span> <span class='ocrx_word' id='word_1_202' title='bbox 1551 1647 1674 1702; x_wconf 85' lang='lat' dir='ltr'><strong>carnem</strong></span> <span class='ocrx_word' id='word_1_203' title='bbox 1689 1643 1843 1717; x_wconf 88' lang='lat' dir='ltr'><strong>etcorpus</strong></span> 
     </span>
     <span class='ocr_line' id='line_1_16' title="bbox 73 1711 1842 1800; baseline 0.003 -22"><span class='ocrx_word' id='word_1_204' title='bbox 73 1726 174 1786; x_wconf 75' lang='lat' dir='ltr'><strong>rates.</strong></span> <span class='ocrx_word' id='word_1_205' title='bbox 316 1751 320 1758; x_wconf 74' lang='lat'>=</span> <span class='ocrx_word' id='word_1_206' title='bbox 457 1729 461 1736; x_wconf 86' lang='grc'><strong><em>·</em></strong></span> <span class='ocrx_word' id='word_1_207' title='bbox 532 1763 535 1770; x_wconf 49' lang='grc'><strong>.</strong></span> <span class='ocrx_word' id='word_1_208' title='bbox 983 1711 1072 1779; x_wconf 87' lang='lat' dir='ltr'><strong>Jaan.</strong></span> <span class='ocrx_word' id='word_1_209' title='bbox 1088 1715 1119 1778; x_wconf 86' lang='lat' dir='ltr'><strong>a.</strong></span> <span class='ocrx_word' id='word_1_210' title='bbox 1135 1724 1166 1779; x_wconf 92' lang='lat' dir='ltr'><strong>et</strong></span> <span class='ocrx_word' id='word_1_211' title='bbox 1180 1715 1283 1780; x_wconf 89' lang='lat' dir='ltr'><strong>llattb.</strong></span> <span class='ocrx_word' id='word_1_212' title='bbox 1299 1717 1351 1779; x_wconf 79' lang='lat'><strong>26.</strong></span> <span class='ocrx_word' id='word_1_213' title='bbox 1366 1717 1463 1797; x_wconf 89' lang='lat' dir='ltr'><strong>accipi</strong></span> <span class='ocrx_word' id='word_1_214' title='bbox 1478 1720 1774 1797; x_wconf 86' lang='lat' dir='ltr'><strong>prasupposito,scu</strong></span> <span class='ocrx_word' id='word_1_215' title='bbox 1787 1739 1842 1800; x_wconf 93' lang='lat' dir='ltr'><strong>pra</strong></span> 
     </span>
     <span class='ocr_line' id='line_1_17' title="bbox 117 1795 1843 1882; baseline -0.002 -12"><span class='ocrx_word' id='word_1_216' title='bbox 117 1806 212 1869; x_wconf 88' lang='lat' dir='ltr'><strong>Porro</strong></span> <span class='ocrx_word' id='word_1_217' title='bbox 227 1804 352 1868; x_wconf 89' lang='lat' dir='ltr'><strong>turmam</strong></span> <span class='ocrx_word' id='word_1_218' title='bbox 368 1797 600 1862; x_wconf 88' lang='lat' dir='ltr'><strong>substantialem</strong></span> <span class='ocrx_word' id='word_1_219' title='bbox 623 1795 722 1876; x_wconf 89' lang='lat' dir='ltr'><strong>panis,</strong></span> <span class='ocrx_word' id='word_1_220' title='bbox 750 1815 842 1876; x_wconf 77' lang='lat' dir='ltr'><strong>auam</strong></span> <span class='ocrx_word' id='word_1_221' title='bbox 868 1812 940 1862; x_wconf 88' lang='lat' dir='ltr'><strong>esso</strong></span> <span class='ocrx_word' id='word_1_222' title='bbox 985 1814 1018 1861; x_wconf 90' lang='lat' dir='ltr'><strong>re</strong></span> <span class='ocrx_word' id='word_1_223' title='bbox 1036 1799 1130 1873; x_wconf 89' lang='lat' dir='ltr'><strong>totali,</strong></span> <span class='ocrx_word' id='word_1_224' title='bbox 1145 1801 1255 1863; x_wconf 90' lang='lat' dir='ltr'><strong>saltem</strong></span> <span class='ocrx_word' id='word_1_225' title='bbox 1275 1816 1332 1880; x_wconf 91' lang='lat' dir='ltr'><strong>per</strong></span> <span class='ocrx_word' id='word_1_226' title='bbox 1355 1798 1483 1880; x_wconf 78' lang='lat' dir='ltr'><strong>liguram</strong></span> <span class='ocrx_word' id='word_1_227' title='bbox 1510 1799 1740 1871; x_wconf 84' lang='lat' dir='ltr'><strong>intellectionis.¹</strong></span> <span class='ocrx_word' id='word_1_228' title='bbox 1768 1819 1843 1882; x_wconf 85' lang='lat' dir='ltr'><strong>quo·</strong></span> 
     </span>
     <span class='ocr_line' id='line_1_18' title="bbox 72 1879 1851 1968; baseline -0.001 -19"><span class='ocrx_word' id='word_1_229' title='bbox 72 1888 208 1968; x_wconf 89' lang='lat' dir='ltr'><strong>inpane</strong></span> <span class='ocrx_word' id='word_1_230' title='bbox 229 1881 500 1966; x_wconf 78' lang='lat' dir='ltr'><strong>practer&#39;hgaram</strong></span> <span class='ocrx_word' id='word_1_231' title='bbox 527 1887 694 1955; x_wconf 81' lang='lat' dir='ltr'><strong>externam,</strong></span> <span class='ocrx_word' id='word_1_232' title='bbox 717 1880 780 1961; x_wconf 90' lang='lat' dir='ltr'><strong>jam</strong></span> <span class='ocrx_word' id='word_1_233' title='bbox 806 1879 941 1942; x_wconf 91' lang='lat' dir='ltr'><strong>ostendi·</strong></span> <span class='ocrx_word' id='word_1_234' title='bbox 986 1882 1076 1944; x_wconf 91' lang='lat' dir='ltr'><strong>mado</strong></span> <span class='ocrx_word' id='word_1_235' title='bbox 1102 1883 1259 1961; x_wconf 78' lang='lat' dir='ltr'><strong>legimus:</strong></span> <span class='ocrx_word' id='word_1_236' title='bbox 1289 1881 1396 1946; x_wconf 81' lang='lat' dir='ltr'><strong>Omnia</strong></span> <span class='ocrx_word' id='word_1_237' title='bbox 1428 1898 1515 1945; x_wconf 51' lang='lat' dir='ltr'><strong>curo*</strong></span> <span class='ocrx_word' id='word_1_238' title='bbox 1538 1892 1727 1962; x_wconf 82' lang='lat' dir='ltr'><strong>corruperat</strong></span> <span class='ocrx_word' id='word_1_239' title='bbox 1756 1887 1851 1950; x_wconf 62' lang='lat' dir='ltr'><strong>aiam:</strong></span> 
     </span>
     <span class='ocr_line' id='line_1_19' title="bbox 73 1963 1843 2044; baseline -0.001 -12"><span class='ocrx_word' id='word_1_240' title='bbox 73 1989 162 2044; x_wconf 82' lang='lat' dir='ltr'><strong>naus,</strong></span> <span class='ocrx_word' id='word_1_241' title='bbox 179 1973 211 2034; x_wconf 92' lang='lat' dir='ltr'><strong>iu</strong></span> <span class='ocrx_word' id='word_1_242' title='bbox 225 1970 418 2034; x_wconf 89' lang='lat' dir='ltr'><strong>sacramento</strong></span> <span class='ocrx_word' id='word_1_243' title='bbox 443 1963 652 2026; x_wconf 82' lang='lat' dir='ltr'><strong>Eucharistiae</strong></span> <span class='ocrx_word' id='word_1_244' title='bbox 679 1980 742 2028; x_wconf 93' lang='lat' dir='ltr'><strong>non</strong></span> <span class='ocrx_word' id='word_1_245' title='bbox 769 1977 941 2039; x_wconf 89' lang='lat' dir='ltr'><strong>remanere,</strong></span> <span class='ocrx_word' id='word_1_246' title='bbox 984 1979 1092 2035; x_wconf 81' lang='lat' dir='ltr'><strong>onom,</strong></span> <span class='ocrx_word' id='word_1_247' title='bbox 1110 1965 1187 2028; x_wconf 84' lang='lat' dir='ltr'><strong>Gon.</strong></span> <span class='ocrx_word' id='word_1_248' title='bbox 1201 1965 1234 2026; x_wconf 89' lang='lat' dir='ltr'><strong>o.</strong></span> <span class='ocrx_word' id='word_1_249' title='bbox 1251 1973 1282 2029; x_wconf 91' lang='lat' dir='ltr'><strong>et</strong></span> <span class='ocrx_word' id='word_1_250' title='bbox 1299 1964 1433 2030; x_wconf 82' lang='lat' dir='ltr'><strong>Verbum</strong></span> <span class='ocrx_word' id='word_1_251' title='bbox 1446 1979 1522 2028; x_wconf 83' lang='lat' dir='ltr'><strong>curo</strong></span> <span class='ocrx_word' id='word_1_252' title='bbox 1535 1965 1659 2042; x_wconf 72' lang='lat' dir='ltr'><strong>facturn</strong></span> <span class='ocrx_word' id='word_1_253' title='bbox 1672 1973 1728 2038; x_wconf 84' lang='lat' dir='ltr'><strong>est,</strong></span> <span class='ocrx_word' id='word_1_254' title='bbox 1754 1966 1843 2032; x_wconf 85' lang='lat' dir='ltr'><strong>loen.</strong></span> 
     </span>
     <span class='ocr_line' id='line_1_20' title="bbox 72 2045 1844 2134; baseline -0.002 -18"><span class='ocrx_word' id='word_1_255' title='bbox 72 2056 168 2118; x_wconf 85' lang='lat' dir='ltr'><strong>iacile</strong></span> <span class='ocrx_word' id='word_1_256' title='bbox 184 2053 305 2134; x_wconf 89' lang='lat' dir='ltr'><strong>probari</strong></span> <span class='ocrx_word' id='word_1_257' title='bbox 322 2048 509 2130; x_wconf 82' lang='lat' dir='ltr'><strong>patestllam</strong></span> <span class='ocrx_word' id='word_1_258' title='bbox 524 2053 576 2108; x_wconf 91' lang='lat' dir='ltr'><strong>out</strong></span> <span class='ocrx_word' id='word_1_259' title='bbox 589 2062 659 2109; x_wconf 90' lang='lat' dir='ltr'><strong>cum</strong></span> <span class='ocrx_word' id='word_1_260' title='bbox 672 2047 796 2110; x_wconf 86' lang='lat' dir='ltr'><strong>materia</strong></span> <span class='ocrx_word' id='word_1_261' title='bbox 808 2063 863 2109; x_wconf 90' lang='lat' dir='ltr'><strong>suu</strong></span> <span class='ocrx_word' id='word_1_262' title='bbox 879 2061 941 2125; x_wconf 82' lang='lat' dir='ltr'><strong>ma·</strong></span> <span class='ocrx_word' id='word_1_263' title='bbox 986 2049 1016 2109; x_wconf 90' lang='lat' dir='ltr'><strong>l.</strong></span> <span class='ocrx_word' id='word_1_264' title='bbox 1033 2045 1106 2109; x_wconf 85' lang='lat' dir='ltr'><strong>Nam</strong></span> <span class='ocrx_word' id='word_1_265' title='bbox 1122 2046 1302 2126; x_wconf 89' lang='lat' dir='ltr'><strong>pronomina</strong></span> <span class='ocrx_word' id='word_1_266' title='bbox 1316 2047 1416 2112; x_wconf 90' lang='lat' dir='ltr'><strong>addita</strong></span> <span class='ocrx_word' id='word_1_267' title='bbox 1433 2048 1464 2109; x_wconf 92' lang='lat' dir='ltr'><strong>in</strong></span> <span class='ocrx_word' id='word_1_268' title='bbox 1478 2053 1609 2126; x_wconf 84' lang='lat' dir='ltr'><strong>utroque</strong></span> <span class='ocrx_word' id='word_1_269' title='bbox 1624 2052 1691 2112; x_wconf 92' lang='lat' dir='ltr'><strong>laco</strong></span> <span class='ocrx_word' id='word_1_270' title='bbox 1718 2059 1844 2129; x_wconf 76' lang='lat' dir='ltr'><strong>cogunt,</strong></span> 
     </span>
     <span class='ocr_line' id='line_1_21' title="bbox 73 2128 1845 2213; baseline -0.001 -15"><span class='ocrx_word' id='word_1_271' title='bbox 73 2148 177 2213; x_wconf 86' lang='lat' dir='ltr'><strong>acret,</strong></span> <span class='ocrx_word' id='word_1_272' title='bbox 194 2141 246 2200; x_wconf 91' lang='lat' dir='ltr'><strong>ant</strong></span> <span class='ocrx_word' id='word_1_273' title='bbox 260 2134 329 2197; x_wconf 89' lang='lat' dir='ltr'><strong>sine</strong></span> <span class='ocrx_word' id='word_1_274' title='bbox 345 2133 408 2207; x_wconf 78' lang='lat' dir='ltr'><strong>itlo3</strong></span> <span class='ocrx_word' id='word_1_275' title='bbox 424 2137 455 2192; x_wconf 91' lang='lat' dir='ltr'><strong>et</strong></span> <span class='ocrx_word' id='word_1_276' title='bbox 467 2131 492 2190; x_wconf 87' lang='lat' dir='ltr'><strong>si</strong></span> <span class='ocrx_word' id='word_1_277' title='bbox 509 2130 626 2208; x_wconf 88' lang='lat' dir='ltr'><strong>absque</strong></span> <span class='ocrx_word' id='word_1_278' title='bbox 641 2128 704 2200; x_wconf 91' lang='lat' dir='ltr'><strong>illa,</strong></span> <span class='ocrx_word' id='word_1_279' title='bbox 722 2135 774 2190; x_wconf 87' lang='lat' dir='ltr'><strong>eut</strong></span> <span class='ocrx_word' id='word_1_280' title='bbox 799 2129 941 2190; x_wconf 89' lang='lat' dir='ltr'><strong>interma-</strong></span> <span class='ocrx_word' id='word_1_281' title='bbox 984 2136 1017 2192; x_wconf 92' lang='lat' dir='ltr'><strong>ut</strong></span> <span class='ocrx_word' id='word_1_282' title='bbox 1032 2132 1218 2209; x_wconf 87' lang='lat' dir='ltr'><strong>accipiamus</strong></span> <span class='ocrx_word' id='word_1_283' title='bbox 1232 2148 1355 2194; x_wconf 90' lang='lat' dir='ltr'><strong>caruem</strong></span> <span class='ocrx_word' id='word_1_284' title='bbox 1371 2138 1402 2192; x_wconf 91' lang='lat' dir='ltr'><strong>et</strong></span> <span class='ocrx_word' id='word_1_285' title='bbox 1416 2146 1529 2208; x_wconf 91' lang='lat' dir='ltr'><strong>corpus</strong></span> <span class='ocrx_word' id='word_1_286' title='bbox 1544 2147 1599 2209; x_wconf 90' lang='lat' dir='ltr'><strong>pro</strong></span> <span class='ocrx_word' id='word_1_287' title='bbox 1614 2141 1775 2210; x_wconf 75' lang='lat' dir='ltr'><strong>certamen</strong></span> <span class='ocrx_word' id='word_1_288' title='bbox 1789 2151 1845 2212; x_wconf 89' lang='lat' dir='ltr'><strong>pro</strong></span> 
     </span>
     <span class='ocr_line' id='line_1_22' title="bbox 73 2211 1847 2295; baseline -0.001 -14"><span class='ocrx_word' id='word_1_289' title='bbox 73 2227 126 2282; x_wconf 90' lang='lat' dir='ltr'><strong>ret</strong></span> <span class='ocrx_word' id='word_1_290' title='bbox 141 2219 300 2290; x_wconf 85' lang='lat' dir='ltr'><strong>aratoriam</strong></span> <span class='ocrx_word' id='word_1_291' title='bbox 317 2214 455 2293; x_wconf 89' lang='lat' dir='ltr'><strong>corporis</strong></span> <span class='ocrx_word' id='word_1_292' title='bbox 469 2211 603 2288; x_wconf 86' lang='lat' dir='ltr'><strong>Domini,</strong></span> <span class='ocrx_word' id='word_1_293' title='bbox 620 2218 673 2276; x_wconf 91' lang='lat' dir='ltr'><strong>aut</strong></span> <span class='ocrx_word' id='word_1_294' title='bbox 686 2211 754 2274; x_wconf 93' lang='lat' dir='ltr'><strong>sine</strong></span> <span class='ocrx_word' id='word_1_295' title='bbox 776 2211 943 2274; x_wconf 91' lang='lat' dir='ltr'><strong>iulormuti·</strong></span> <span class='ocrx_word' id='word_1_296' title='bbox 986 2219 1060 2288; x_wconf 83' lang='lat' dir='ltr'><strong>toto.</strong></span> <span class='ocrx_word' id='word_1_297' title='bbox 1073 2215 1123 2275; x_wconf 87' lang='lat' dir='ltr'><strong>Sic</strong></span> <span class='ocrx_word' id='word_1_298' title='bbox 1138 2213 1221 2276; x_wconf 89' lang='lat' dir='ltr'><strong>enim</strong></span> <span class='ocrx_word' id='word_1_299' title='bbox 1237 2214 1386 2276; x_wconf 90' lang='lat' dir='ltr'><strong>Dominus</strong></span> <span class='ocrx_word' id='word_1_300' title='bbox 1401 2215 1453 2276; x_wconf 90' lang='lat' dir='ltr'><strong>ait:</strong></span> <span class='ocrx_word' id='word_1_301' title='bbox 1469 2213 1581 2285; x_wconf 78' lang='lat' dir='ltr'><strong>Porcio,</strong></span> <span class='ocrx_word' id='word_1_302' title='bbox 1598 2231 1693 2295; x_wconf 80' lang='lat' dir='ltr'><strong>auem</strong></span> <span class='ocrx_word' id='word_1_303' title='bbox 1714 2232 1771 2294; x_wconf 78' lang='lat' dir='ltr'><strong>epo</strong></span> <span class='ocrx_word' id='word_1_304' title='bbox 1787 2217 1847 2279; x_wconf 83' lang='lat' dir='ltr'><strong>da·-</strong></span> 
     </span>
     <span class='ocr_line' id='line_1_23' title="bbox 72 2281 1845 2380; baseline 0 -20"><span class='ocrx_word' id='word_1_305' title='bbox 72 2319 152 2375; x_wconf 87' lang='lat' dir='ltr'><strong>nne‚</strong></span> <span class='ocrx_word' id='word_1_306' title='bbox 170 2309 201 2366; x_wconf 91' lang='lat' dir='ltr'><strong>et</strong></span> <span class='ocrx_word' id='word_1_307' title='bbox 214 2305 383 2380; x_wconf 88' lang='lat' dir='ltr'><strong>separatae</strong></span> <span class='ocrx_word' id='word_1_308' title='bbox 407 2295 529 2358; x_wconf 90' lang='lat' dir='ltr'><strong>materia</strong></span> <span class='ocrx_word' id='word_1_309' title='bbox 552 2296 635 2357; x_wconf 87' lang='lat' dir='ltr'><strong>arani</strong></span> <span class='ocrx_word' id='word_1_310' title='bbox 657 2299 804 2370; x_wconf 68' lang='lat' dir='ltr'><strong>marceret.</strong></span> <span class='ocrx_word' id='word_1_311' title='bbox 829 2294 858 2355; x_wconf 86' lang='lat' dir='ltr'><strong>Si</strong></span> <span class='ocrx_word' id='word_1_312' title='bbox 881 2294 942 2373; x_wconf 87' lang='lat' dir='ltr'><strong>pri·</strong></span> <span class='ocrx_word' id='word_1_313' title='bbox 985 2281 1035 2368; x_wconf 80' lang='lat' dir='ltr'><strong>ho,</strong></span> <span class='ocrx_word' id='word_1_314' title='bbox 1052 2312 1128 2359; x_wconf 83' lang='lat' dir='ltr'><strong>cora</strong></span> <span class='ocrx_word' id='word_1_315' title='bbox 1143 2313 1217 2358; x_wconf 88' lang='lat' dir='ltr'><strong>mco</strong></span> <span class='ocrx_word' id='word_1_316' title='bbox 1232 2303 1290 2373; x_wconf 89' lang='lat' dir='ltr'><strong>est,·</strong></span> <span class='ocrx_word' id='word_1_317' title='bbox 1306 2303 1339 2359; x_wconf 90' lang='lat' dir='ltr'><strong>et</strong></span> <span class='ocrx_word' id='word_1_318' title='bbox 1352 2295 1417 2358; x_wconf 81' lang='lat' dir='ltr'><strong>Hoc</strong></span> <span class='ocrx_word' id='word_1_319' title='bbox 1431 2301 1477 2358; x_wconf 86' lang='lat' dir='ltr'><strong>est</strong></span> <span class='ocrx_word' id='word_1_320' title='bbox 1502 2311 1618 2376; x_wconf 82' lang='lat' dir='ltr'><strong>corpus</strong></span> <span class='ocrx_word' id='word_1_321' title='bbox 1642 2314 1762 2371; x_wconf 82' lang='lat' dir='ltr'><strong>uacum,</strong></span> <span class='ocrx_word' id='word_1_322' title='bbox 1780 2298 1845 2371; x_wconf 91' lang='lat' dir='ltr'><strong>ubi,</strong></span> 
     </span>
     <span class='ocr_line' id='line_1_24' title="bbox 73 2377 1848 2461; baseline 0 -15"><span class='ocrx_word' id='word_1_323' title='bbox 73 2393 175 2458; x_wconf 86' lang='lat' dir='ltr'><strong>mum,</strong></span> <span class='ocrx_word' id='word_1_324' title='bbox 199 2391 271 2447; x_wconf 89' lang='lat' dir='ltr'><strong>tunc</strong></span> <span class='ocrx_word' id='word_1_325' title='bbox 293 2383 374 2444; x_wconf 87' lang='lat' dir='ltr'><strong>nulla</strong></span> <span class='ocrx_word' id='word_1_326' title='bbox 396 2379 485 2442; x_wconf 85' lang='lat' dir='ltr'><strong>fleret</strong></span> <span class='ocrx_word' id='word_1_327' title='bbox 505 2378 679 2450; x_wconf 81' lang='lat' dir='ltr'><strong>cancerata,</strong></span> <span class='ocrx_word' id='word_1_328' title='bbox 703 2383 734 2440; x_wconf 90' lang='lat' dir='ltr'><strong>et</strong></span> <span class='ocrx_word' id='word_1_329' title='bbox 754 2377 944 2440; x_wconf 85' lang='lat' dir='ltr'><strong>coincidcret</strong></span> <span class='ocrx_word' id='word_1_330' title='bbox 984 2394 1059 2441; x_wconf 84' lang='lat' dir='ltr'><strong>mcc</strong></span> <span class='ocrx_word' id='word_1_331' title='bbox 1086 2385 1117 2441; x_wconf 90' lang='lat' dir='ltr'><strong>et</strong></span> <span class='ocrx_word' id='word_1_332' title='bbox 1130 2379 1250 2452; x_wconf 81' lang='lat' dir='ltr'><strong>mcum,</strong></span> <span class='ocrx_word' id='word_1_333' title='bbox 1268 2397 1329 2442; x_wconf 91' lang='lat' dir='ltr'><strong>non</strong></span> <span class='ocrx_word' id='word_1_334' title='bbox 1345 2378 1524 2458; x_wconf 86' lang='lat' dir='ltr'><strong>permittunt</strong></span> <span class='ocrx_word' id='word_1_335' title='bbox 1538 2388 1571 2441; x_wconf 93' lang='lat' dir='ltr'><strong>at</strong></span> <span class='ocrx_word' id='word_1_336' title='bbox 1586 2382 1636 2442; x_wconf 90' lang='lat' dir='ltr'><strong>illo</strong></span> <span class='ocrx_word' id='word_1_337' title='bbox 1658 2382 1848 2461; x_wconf 90' lang='lat' dir='ltr'><strong>accipiantur</strong></span> 
     </span>
     <span class='ocr_line' id='line_1_25' title="bbox 71 2459 1388 2541; baseline -0.005 -11"><span class='ocrx_word' id='word_1_338' title='bbox 71 2469 155 2530; x_wconf 89' lang='lat' dir='ltr'><strong>baec</strong></span> <span class='ocrx_word' id='word_1_339' title='bbox 169 2465 323 2530; x_wconf 90' lang='lat' dir='ltr'><strong>sententia</strong></span> <span class='ocrx_word' id='word_1_340' title='bbox 338 2480 407 2525; x_wconf 91' lang='lat' dir='ltr'><strong>cum</strong></span> <span class='ocrx_word' id='word_1_341' title='bbox 425 2461 532 2538; x_wconf 91' lang='lat' dir='ltr'><strong>prima.</strong></span> <span class='ocrx_word' id='word_1_342' title='bbox 550 2461 579 2523; x_wconf 91' lang='lat' dir='ltr'><strong>Si</strong></span> <span class='ocrx_word' id='word_1_343' title='bbox 598 2459 862 2528; x_wconf 81' lang='lat' dir='ltr'><strong>Secundumtuac</strong></span> <span class='ocrx_word' id='word_1_344' title='bbox 878 2475 940 2520; x_wconf 91' lang='lat' dir='ltr'><strong>nou</strong></span> <span class='ocrx_word' id='word_1_345' title='bbox 966 2459 969 2466; x_wconf 88' lang='lat'>&#39;</span> <span class='ocrx_word' id='word_1_346' title='bbox 985 2459 1042 2540; x_wconf 85' lang='lat' dir='ltr'><strong>p&#39;ro</strong></span> <span class='ocrx_word' id='word_1_347' title='bbox 1056 2467 1130 2533; x_wconf 88' lang='lat' dir='ltr'><strong>toto,</strong></span> <span class='ocrx_word' id='word_1_348' title='bbox 1146 2466 1388 2541; x_wconf 85' lang='lat' dir='ltr'><strong>scasappostto.</strong></span> 
     </span>
     <span class='ocr_line' id='line_1_26' title="bbox 72 2541 1849 2626; baseline -0.001 -15"><span class='ocrx_word' id='word_1_349' title='bbox 72 2550 167 2626; x_wconf 89' lang='lat' dir='ltr'><strong>panis</strong></span> <span class='ocrx_word' id='word_1_350' title='bbox 182 2549 270 2613; x_wconf 89' lang='lat' dir='ltr'><strong>fleret</strong></span> <span class='ocrx_word' id='word_1_351' title='bbox 284 2561 397 2625; x_wconf 92' lang='lat' dir='ltr'><strong>carpas</strong></span> <span class='ocrx_word' id='word_1_352' title='bbox 411 2543 544 2617; x_wconf 89' lang='lat' dir='ltr'><strong>Domini,</strong></span> <span class='ocrx_word' id='word_1_353' title='bbox 561 2545 616 2606; x_wconf 90' lang='lat' dir='ltr'><strong>sed</strong></span> <span class='ocrx_word' id='word_1_354' title='bbox 631 2558 650 2605; x_wconf 89' lang='lat' dir='ltr'><strong>e</strong></span> <span class='ocrx_word' id='word_1_355' title='bbox 665 2541 815 2605; x_wconf 91' lang='lat' dir='ltr'><strong>contraria</strong></span> <span class='ocrx_word' id='word_1_356' title='bbox 828 2556 940 2619; x_wconf 88' lang='lat' dir='ltr'><strong>carpus</strong></span> <span class='ocrx_word' id='word_1_357' title='bbox 1026 2543 1133 2606; x_wconf 84' lang='lat' dir='ltr'><strong>Posset</strong></span> <span class='ocrx_word' id='word_1_358' title='bbox 1148 2546 1217 2622; x_wconf 85' lang='lat' dir='ltr'><strong>quis</strong></span> <span class='ocrx_word' id='word_1_359' title='bbox 1232 2561 1340 2608; x_wconf 90' lang='lat' dir='ltr'><strong>rursus</strong></span> <span class='ocrx_word' id='word_1_360' title='bbox 1355 2559 1410 2624; x_wconf 92' lang='lat' dir='ltr'><strong>pro</strong></span> <span class='ocrx_word' id='word_1_361' title='bbox 1424 2543 1558 2620; x_wconf 79' lang='lat' dir='ltr'><strong>liuperto</strong></span> <span class='ocrx_word' id='word_1_362' title='bbox 1571 2545 1771 2621; x_wconf 86' lang='lat' dir='ltr'><strong>respondere,</strong></span> <span class='ocrx_word' id='word_1_363' title='bbox 1781 2564 1849 2610; x_wconf 92' lang='lat' dir='ltr'><strong>car-</strong></span> 
     </span>
     <span class='ocr_line' id='line_1_27' title="bbox 71 2624 1849 2710; baseline -0.002 -16"><span class='ocrx_word' id='word_1_364' title='bbox 71 2633 198 2694; x_wconf 85' lang='lat' dir='ltr'><strong>Domini</strong></span> <span class='ocrx_word' id='word_1_365' title='bbox 214 2631 304 2695; x_wconf 87' lang='lat' dir='ltr'><strong>fleret</strong></span> <span class='ocrx_word' id='word_1_366' title='bbox 316 2629 418 2708; x_wconf 87' lang='lat' dir='ltr'><strong>punis,</strong></span> <span class='ocrx_word' id='word_1_367' title='bbox 434 2633 463 2688; x_wconf 91' lang='lat' dir='ltr'><strong>cl</strong></span> <span class='ocrx_word' id='word_1_368' title='bbox 478 2624 665 2688; x_wconf 81' lang='lat' dir='ltr'><strong>Eucharistia</strong></span> <span class='ocrx_word' id='word_1_369' title='bbox 680 2625 845 2688; x_wconf 76' lang='lat' dir='ltr'><strong>formaliter</strong></span> <span class='ocrx_word' id='word_1_370' title='bbox 857 2629 955 2706; x_wconf 56' lang='lat' dir='ltr'><strong>esset,</strong></span> <span class='ocrx_word' id='word_1_371' title='bbox 985 2640 1044 2704; x_wconf 87' lang='lat' dir='ltr'><strong>pos</strong></span> <span class='ocrx_word' id='word_1_372' title='bbox 1059 2625 1171 2688; x_wconf 84' lang='lat' dir='ltr'><strong>Christi</strong></span> <span class='ocrx_word' id='word_1_373' title='bbox 1185 2645 1334 2710; x_wconf 88' lang='lat' dir='ltr'><strong>carneum</strong></span> <span class='ocrx_word' id='word_1_374' title='bbox 1358 2643 1414 2705; x_wconf 88' lang='lat' dir='ltr'><strong>per</strong></span> <span class='ocrx_word' id='word_1_375' title='bbox 1439 2625 1705 2690; x_wconf 86' lang='lat' dir='ltr'><strong>concomitantiam</strong></span> <span class='ocrx_word' id='word_1_376' title='bbox 1718 2627 1849 2692; x_wconf 86' lang='lat' dir='ltr'><strong>natura·</strong></span> 
     </span>
     <span class='ocr_line' id='line_1_28' title="bbox 73 2707 1849 2792; baseline -0.002 -14"><span class='ocrx_word' id='word_1_377' title='bbox 73 2717 182 2792; x_wconf 88' lang='lat' dir='ltr'><strong>panis,</strong></span> <span class='ocrx_word' id='word_1_378' title='bbox 197 2730 259 2777; x_wconf 93' lang='lat' dir='ltr'><strong>nan</strong></span> <span class='ocrx_word' id='word_1_379' title='bbox 275 2727 400 2792; x_wconf 85' lang='lat' dir='ltr'><strong>carpus,</strong></span> <span class='ocrx_word' id='word_1_380' title='bbox 417 2715 447 2770; x_wconf 90' lang='lat' dir='ltr'><strong>ct</strong></span> <span class='ocrx_word' id='word_1_381' title='bbox 461 2707 610 2770; x_wconf 85' lang='lat' dir='ltr'><strong>Dominus</strong></span> <span class='ocrx_word' id='word_1_382' title='bbox 625 2723 686 2769; x_wconf 92' lang='lat' dir='ltr'><strong>uon</strong></span> <span class='ocrx_word' id='word_1_383' title='bbox 703 2707 830 2769; x_wconf 87' lang='lat' dir='ltr'><strong>dixisset</strong></span> <span class='ocrx_word' id='word_1_384' title='bbox 853 2721 940 2770; x_wconf 88' lang='lat' dir='ltr'><strong>accc·</strong></span> <span class='ocrx_word' id='word_1_385' title='bbox 985 2711 1046 2771; x_wconf 92' lang='lat' dir='ltr'><strong>lem</strong></span> <span class='ocrx_word' id='word_1_386' title='bbox 1062 2724 1135 2773; x_wconf 90' lang='lat' dir='ltr'><strong>esse</strong></span> <span class='ocrx_word' id='word_1_387' title='bbox 1149 2707 1181 2770; x_wconf 91' lang='lat' dir='ltr'><strong>in</strong></span> <span class='ocrx_word' id='word_1_388' title='bbox 1198 2708 1387 2772; x_wconf 83' lang='lat' dir='ltr'><strong>Euclaaristia</strong></span> <span class='ocrx_word' id='word_1_389' title='bbox 1403 2709 1494 2773; x_wconf 91' lang='lat' dir='ltr'><strong>simul</strong></span> <span class='ocrx_word' id='word_1_390' title='bbox 1510 2725 1579 2770; x_wconf 88' lang='lat' dir='ltr'><strong>curu</strong></span> <span class='ocrx_word' id='word_1_391' title='bbox 1595 2724 1723 2789; x_wconf 90' lang='lat' dir='ltr'><strong>corpure</strong></span> <span class='ocrx_word' id='word_1_392' title='bbox 1736 2710 1849 2775; x_wconf 83' lang='lat' dir='ltr'><strong>christi</strong></span> 
     </span>
     <span class='ocr_line' id='line_1_29' title="bbox 71 2789 1849 2877; baseline -0.002 -17"><span class='ocrx_word' id='word_1_393' title='bbox 71 2806 129 2877; x_wconf 88' lang='lat' dir='ltr'><strong>pta</strong></span> <span class='ocrx_word' id='word_1_394' title='bbox 146 2813 238 2877; x_wconf 88' lang='lat' dir='ltr'><strong>panc:</strong></span> <span class='ocrx_word' id='word_1_395' title='bbox 254 2796 319 2858; x_wconf 84' lang='lat' dir='ltr'><strong>Hoc</strong></span> <span class='ocrx_word' id='word_1_396' title='bbox 335 2798 380 2856; x_wconf 88' lang='lat' dir='ltr'><strong>est</strong></span> <span class='ocrx_word' id='word_1_397' title='bbox 394 2807 511 2872; x_wconf 80' lang='lat' dir='ltr'><strong>corpus</strong></span> <span class='ocrx_word' id='word_1_398' title='bbox 524 2806 644 2864; x_wconf 75' lang='lat' dir='ltr'><strong>metum</strong></span> <span class='ocrx_word' id='word_1_399' title='bbox 661 2789 716 2854; x_wconf 90' lang='lat' dir='ltr'><strong>sed</strong></span> <span class='ocrx_word' id='word_1_400' title='bbox 733 2796 859 2874; x_wconf 89' lang='lat' dir='ltr'><strong>ostensa</strong></span> <span class='ocrx_word' id='word_1_401' title='bbox 874 2806 941 2850; x_wconf 92' lang='lat' dir='ltr'><strong>cor·</strong></span> <span class='ocrx_word' id='word_1_402' title='bbox 983 2807 1132 2870; x_wconf 84' lang='lat' dir='ltr'><strong>panacea,</strong></span> <span class='ocrx_word' id='word_1_403' title='bbox 1149 2794 1398 2873; x_wconf 84' lang='lat' dir='ltr'><strong>quandoquidem</strong></span> <span class='ocrx_word' id='word_1_404' title='bbox 1414 2791 1496 2854; x_wconf 88' lang='lat' dir='ltr'><strong>unita</strong></span> <span class='ocrx_word' id='word_1_405' title='bbox 1511 2797 1583 2853; x_wconf 88' lang='lat' dir='ltr'><strong>suut</strong></span> <span class='ocrx_word' id='word_1_406' title='bbox 1598 2790 1648 2854; x_wconf 90' lang='lat' dir='ltr'><strong>illa</strong></span> <span class='ocrx_word' id='word_1_407' title='bbox 1675 2809 1801 2872; x_wconf 90' lang='lat' dir='ltr'><strong>corpora</strong></span> <span class='ocrx_word' id='word_1_408' title='bbox 1817 2797 1849 2857; x_wconf 92' lang='lat' dir='ltr'><strong>in</strong></span> 
     </span>
     <span class='ocr_line' id='line_1_30' title="bbox 72 2873 1851 2960; baseline -0.003 -16"><span class='ocrx_word' id='word_1_409' title='bbox 72 2897 156 2960; x_wconf 87' lang='lat' dir='ltr'><strong>pare</strong></span> <span class='ocrx_word' id='word_1_410' title='bbox 171 2879 311 2951; x_wconf 78' lang='lat' dir='ltr'><strong>dixisset,</strong></span> <span class='ocrx_word' id='word_1_411' title='bbox 327 2877 385 2940; x_wconf 81' lang='lat' dir='ltr'><strong>llic</strong></span> <span class='ocrx_word' id='word_1_412' title='bbox 401 2879 446 2938; x_wconf 87' lang='lat' dir='ltr'><strong>eol</strong></span> <span class='ocrx_word' id='word_1_413' title='bbox 459 2874 674 2954; x_wconf 81' lang='lat' dir='ltr'><strong>punisancus:</strong></span> <span class='ocrx_word' id='word_1_414' title='bbox 697 2887 714 2932; x_wconf 91' lang='lat' dir='ltr'><strong>a</strong></span> <span class='ocrx_word' id='word_1_415' title='bbox 739 2873 833 2936; x_wconf 90' lang='lat' dir='ltr'><strong>larma</strong></span> <span class='ocrx_word' id='word_1_416' title='bbox 859 2873 941 2934; x_wconf 89' lang='lat' dir='ltr'><strong>enim</strong></span> <span class='ocrx_word' id='word_1_417' title='bbox 984 2875 1097 2936; x_wconf 86' lang='lat' dir='ltr'><strong>cadom</strong></span> <span class='ocrx_word' id='word_1_418' title='bbox 1111 2876 1286 2955; x_wconf 87' lang='lat' dir='ltr'><strong>supposito:</strong></span> <span class='ocrx_word' id='word_1_419' title='bbox 1303 2881 1332 2936; x_wconf 92' lang='lat' dir='ltr'><strong>et</strong></span> <span class='ocrx_word' id='word_1_420' title='bbox 1348 2876 1418 2937; x_wconf 88' lang='lat' dir='ltr'><strong>ideo</strong></span> <span class='ocrx_word' id='word_1_421' title='bbox 1433 2889 1503 2936; x_wconf 87' lang='lat' dir='ltr'><strong>rere</strong></span> <span class='ocrx_word' id='word_1_422' title='bbox 1516 2873 1575 2935; x_wconf 88' lang='lat' dir='ltr'><strong>dici</strong></span> <span class='ocrx_word' id='word_1_423' title='bbox 1589 2877 1726 2950; x_wconf 88' lang='lat' dir='ltr'><strong>potuisse</strong></span> <span class='ocrx_word' id='word_1_424' title='bbox 1739 2877 1777 2938; x_wconf 91' lang='lat' dir='ltr'><strong>de</strong></span> <span class='ocrx_word' id='word_1_425' title='bbox 1789 2876 1851 2939; x_wconf 82' lang='lat' dir='ltr'><strong>Do-</strong></span> 
     </span>
     <span class='ocr_line' id='line_1_31' title="bbox 72 2954 1847 3040; baseline -0.002 -14"><span class='ocrx_word' id='word_1_426' title='bbox 72 2979 131 3026; x_wconf 86' lang='lat' dir='ltr'><strong>res</strong></span> <span class='ocrx_word' id='word_1_427' title='bbox 146 2977 350 3040; x_wconf 77' lang='lat' dir='ltr'><strong>unaquaeque</strong></span> <span class='ocrx_word' id='word_1_428' title='bbox 365 2955 476 3036; x_wconf 90' lang='lat' dir='ltr'><strong>accipit</strong></span> <span class='ocrx_word' id='word_1_429' title='bbox 491 2973 572 3030; x_wconf 84' lang='lat' dir='ltr'><strong>esse,</strong></span> <span class='ocrx_word' id='word_1_430' title='bbox 590 2961 621 3018; x_wconf 91' lang='lat' dir='ltr'><strong>et</strong></span> <span class='ocrx_word' id='word_1_431' title='bbox 646 2971 770 3018; x_wconf 87' lang='lat' dir='ltr'><strong>namen.</strong></span> <span class='ocrx_word' id='word_1_432' title='bbox 793 2955 823 3017; x_wconf 90' lang='lat' dir='ltr'><strong>Si</strong></span> <span class='ocrx_word' id='word_1_433' title='bbox 846 2954 940 3017; x_wconf 77' lang='lat' dir='ltr'><strong>lerti-</strong></span> <span class='ocrx_word' id='word_1_434' title='bbox 985 2955 1141 3021; x_wconf 87' lang='lat' dir='ltr'><strong>choristia:</strong></span> <span class='ocrx_word' id='word_1_435' title='bbox 1156 2957 1223 3020; x_wconf 81' lang='lat' dir='ltr'><strong>Ho&#39;c</strong></span> <span class='ocrx_word' id='word_1_436' title='bbox 1238 2964 1282 3023; x_wconf 88' lang='lat' dir='ltr'><strong>cot</strong></span> <span class='ocrx_word' id='word_1_437' title='bbox 1295 2973 1413 3038; x_wconf 85' lang='lat' dir='ltr'><strong>corpus</strong></span> <span class='ocrx_word' id='word_1_438' title='bbox 1427 2970 1547 3028; x_wconf 83' lang='lat' dir='ltr'><strong>mcum,</strong></span> <span class='ocrx_word' id='word_1_439' title='bbox 1563 2959 1653 3035; x_wconf 83' lang='lat' dir='ltr'><strong>quod</strong></span> <span class='ocrx_word' id='word_1_440' title='bbox 1671 2974 1736 3036; x_wconf 63' lang='lat' dir='ltr'><strong>⁴poa</strong></span> <span class='ocrx_word' id='word_1_441' title='bbox 1758 2958 1847 3023; x_wconf 83' lang='lat' dir='ltr'><strong>nabis</strong></span> 
     </span>
     <span class='ocr_line' id='line_1_32' title="bbox 73 3037 1143 3116; baseline -0.006 -7"><span class='ocrx_word' id='word_1_442' title='bbox 73 3063 144 3115; x_wconf 83' lang='lat' dir='ltr'><strong>um,</strong></span> <span class='ocrx_word' id='word_1_443' title='bbox 159 3046 267 3108; x_wconf 88' lang='lat' dir='ltr'><strong>lrustra</strong></span> <span class='ocrx_word' id='word_1_444' title='bbox 283 3043 370 3107; x_wconf 89' lang='lat' dir='ltr'><strong>fleret</strong></span> <span class='ocrx_word' id='word_1_445' title='bbox 391 3040 572 3104; x_wconf 82' lang='lat' dir='ltr'><strong>miraculum</strong></span> <span class='ocrx_word' id='word_1_446' title='bbox 594 3039 742 3116; x_wconf 77' lang='lat' dir='ltr'><strong>hacteuus</strong></span> <span class='ocrx_word' id='word_1_447' title='bbox 758 3037 939 3110; x_wconf 86' lang='lat' dir='ltr'><strong>inauditum,</strong></span> <span class='ocrx_word' id='word_1_448' title='bbox 985 3039 1143 3104; x_wconf 84' lang='lat' dir='ltr'><strong>tradetur.</strong></span> 
     </span>
     <span class='ocr_line' id='line_1_33' title="bbox 74 3119 1846 3203; baseline -0.004 -9"><span class='ocrx_word' id='word_1_449' title='bbox 74 3138 110 3194; x_wconf 90' lang='lat' dir='ltr'><strong>ut</strong></span> <span class='ocrx_word' id='word_1_450' title='bbox 124 3129 221 3192; x_wconf 84' lang='lat' dir='ltr'><strong>torma</strong></span> <span class='ocrx_word' id='word_1_451' title='bbox 234 3125 455 3200; x_wconf 87' lang='lat' dir='ltr'><strong>essentialis,et</strong></span> <span class='ocrx_word' id='word_1_452' title='bbox 466 3131 565 3187; x_wconf 92' lang='lat' dir='ltr'><strong>tamen</strong></span> <span class='ocrx_word' id='word_1_453' title='bbox 583 3120 751 3201; x_wconf 89' lang='lat' dir='ltr'><strong>corporalis</strong></span> <span class='ocrx_word' id='word_1_454' title='bbox 764 3122 831 3183; x_wconf 92' lang='lat' dir='ltr'><strong>siue</strong></span> <span class='ocrx_word' id='word_1_455' title='bbox 847 3128 941 3198; x_wconf 87' lang='lat' dir='ltr'><strong>mate·</strong></span> <span class='ocrx_word' id='word_1_456' title='bbox 1026 3122 1063 3185; x_wconf 80' lang='lat' dir='ltr'><strong>At</strong></span> <span class='ocrx_word' id='word_1_457' title='bbox 1078 3139 1179 3203; x_wconf 78' lang='lat' dir='ltr'><strong>oeque</strong></span> <span class='ocrx_word' id='word_1_458' title='bbox 1194 3123 1272 3185; x_wconf 90' lang='lat' dir='ltr'><strong>haec</strong></span> <span class='ocrx_word' id='word_1_459' title='bbox 1286 3120 1449 3202; x_wconf 88' lang='lat' dir='ltr'><strong>responsio</strong></span> <span class='ocrx_word' id='word_1_460' title='bbox 1464 3119 1561 3183; x_wconf 89' lang='lat' dir='ltr'><strong>solida</strong></span> <span class='ocrx_word' id='word_1_461' title='bbox 1587 3126 1645 3183; x_wconf 89' lang='lat' dir='ltr'><strong>est.</strong></span> <span class='ocrx_word' id='word_1_462' title='bbox 1671 3119 1746 3185; x_wconf 88' lang='lat' dir='ltr'><strong>Nam</strong></span> <span class='ocrx_word' id='word_1_463' title='bbox 1772 3123 1846 3186; x_wconf 93' lang='lat' dir='ltr'><strong>unio</strong></span> 
     </span>
     <span class='ocr_line' id='line_1_34' title="bbox 73 3204 1845 3285; baseline -0.005 -9"><span class='ocrx_word' id='word_1_464' title='bbox 73 3214 123 3276; x_wconf 90' lang='lat' dir='ltr'><strong>ria</strong></span> <span class='ocrx_word' id='word_1_465' title='bbox 142 3218 292 3275; x_wconf 90' lang='lat' dir='ltr'><strong>maneret.</strong></span> <span class='ocrx_word' id='word_1_466' title='bbox 309 3211 460 3285; x_wconf 86' lang='lat' dir='ltr'><strong>Quorsum</strong></span> <span class='ocrx_word' id='word_1_467' title='bbox 476 3207 559 3269; x_wconf 89' lang='lat' dir='ltr'><strong>enim</strong></span> <span class='ocrx_word' id='word_1_468' title='bbox 575 3206 654 3268; x_wconf 90' lang='lat' dir='ltr'><strong>istud</strong></span> <span class='ocrx_word' id='word_1_469' title='bbox 667 3204 862 3272; x_wconf 81' lang='lat' dir='ltr'><strong>miraculum?</strong></span> <span class='ocrx_word' id='word_1_470' title='bbox 871 3204 943 3267; x_wconf 89' lang='lat' dir='ltr'><strong>llam</strong></span> <span class='ocrx_word' id='word_1_471' title='bbox 984 3207 1172 3285; x_wconf 78' lang='lat' dir='ltr'><strong>hypostatica</strong></span> <span class='ocrx_word' id='word_1_472' title='bbox 1190 3222 1251 3269; x_wconf 92' lang='lat' dir='ltr'><strong>aon</strong></span> <span class='ocrx_word' id='word_1_473' title='bbox 1279 3206 1371 3268; x_wconf 90' lang='lat' dir='ltr'><strong>trabit</strong></span> <span class='ocrx_word' id='word_1_474' title='bbox 1395 3220 1502 3267; x_wconf 87' lang='lat' dir='ltr'><strong>secum</strong></span> <span class='ocrx_word' id='word_1_475' title='bbox 1521 3206 1796 3269; x_wconf 73' lang='lat' dir='ltr'><strong>&#39;concomitantiam</strong></span> <span class='ocrx_word' id='word_1_476' title='bbox 1812 3226 1845 3269; x_wconf 93' lang='lat' dir='ltr'><strong>u·</strong></span> 
     </span>
     <span class='ocr_line' id='line_1_35' title="bbox 74 3285 1851 3375; baseline -0.004 -17"><span class='ocrx_word' id='word_1_477' title='bbox 74 3294 393 3375; x_wconf 79' lang='lat' dir='ltr'><strong>accidentiaqaidem</strong></span> <span class='ocrx_word' id='word_1_478' title='bbox 409 3297 532 3354; x_wconf 82' lang='lat' dir='ltr'><strong>caterua</strong></span> <span class='ocrx_word' id='word_1_479' title='bbox 550 3288 665 3352; x_wconf 88' lang='lat' dir='ltr'><strong>utiliter</strong></span> <span class='ocrx_word' id='word_1_480' title='bbox 687 3294 810 3350; x_wconf 90' lang='lat' dir='ltr'><strong>manent</strong></span> <span class='ocrx_word' id='word_1_481' title='bbox 831 3287 861 3349; x_wconf 89' lang='lat' dir='ltr'><strong>ia</strong></span> <span class='ocrx_word' id='word_1_482' title='bbox 884 3286 944 3349; x_wconf 81' lang='lat' dir='ltr'><strong>llu-</strong></span> <span class='ocrx_word' id='word_1_483' title='bbox 984 3288 1056 3350; x_wconf 90' lang='lat' dir='ltr'><strong>nius</strong></span> <span class='ocrx_word' id='word_1_484' title='bbox 1071 3295 1195 3351; x_wconf 90' lang='lat' dir='ltr'><strong>naturae</strong></span> <span class='ocrx_word' id='word_1_485' title='bbox 1216 3304 1286 3352; x_wconf 92' lang='lat' dir='ltr'><strong>cum</strong></span> <span class='ocrx_word' id='word_1_486' title='bbox 1311 3288 1417 3366; x_wconf 70' lang='lat' dir='ltr'><strong>alteram</strong></span> <span class='ocrx_word' id='word_1_487' title='bbox 1444 3286 1558 3366; x_wconf 88' lang='lat' dir='ltr'><strong>alioqui</strong></span> <span class='ocrx_word' id='word_1_488' title='bbox 1584 3285 1776 3370; x_wconf 89' lang='lat' dir='ltr'><strong>ubicumque</strong></span> <span class='ocrx_word' id='word_1_489' title='bbox 1802 3296 1851 3351; x_wconf 90' lang='lat' dir='ltr'><strong>est</strong></span> 
     </span>
     <span class='ocr_line' id='line_1_36' title="bbox 74 3367 1849 3452; baseline -0.005 -10"><span class='ocrx_word' id='word_1_490' title='bbox 74 3378 227 3442; x_wconf 88' lang='lat' dir='ltr'><strong>charistia</strong></span> <span class='ocrx_word' id='word_1_491' title='bbox 242 3378 281 3441; x_wconf 90' lang='lat' dir='ltr'><strong>ad</strong></span> <span class='ocrx_word' id='word_1_492' title='bbox 295 3376 457 3437; x_wconf 79' lang='lat' dir='ltr'><strong>rotandum</strong></span> <span class='ocrx_word' id='word_1_493' title='bbox 474 3386 587 3452; x_wconf 91' lang='lat' dir='ltr'><strong>corpus</strong></span> <span class='ocrx_word' id='word_1_494' title='bbox 601 3369 766 3449; x_wconf 72' lang='lat' dir='ltr'><strong>Damiuimt</strong></span> <span class='ocrx_word' id='word_1_495' title='bbox 779 3367 835 3434; x_wconf 89' lang='lat' dir='ltr'><strong>islo</strong></span> <span class='ocrx_word' id='word_1_496' title='bbox 848 3369 943 3433; x_wconf 78' lang='lat' dir='ltr'><strong>forma</strong></span> <span class='ocrx_word' id='word_1_497' title='bbox 985 3368 1122 3433; x_wconf 77' lang='lat' dir='ltr'><strong>Verbum</strong></span> <span class='ocrx_word' id='word_1_498' title='bbox 1137 3389 1206 3433; x_wconf 92' lang='lat' dir='ltr'><strong>cum</strong></span> <span class='ocrx_word' id='word_1_499' title='bbox 1222 3388 1276 3433; x_wconf 91' lang='lat' dir='ltr'><strong>sua</strong></span> <span class='ocrx_word' id='word_1_500' title='bbox 1292 3371 1460 3444; x_wconf 76' lang='lat' dir='ltr'><strong>divinitate,</strong></span> <span class='ocrx_word' id='word_1_501' title='bbox 1477 3370 1520 3431; x_wconf 88' lang='lat' dir='ltr'><strong>ibi</strong></span> <span class='ocrx_word' id='word_1_502' title='bbox 1536 3369 1628 3431; x_wconf 88' lang='lat' dir='ltr'><strong>etiam</strong></span> <span class='ocrx_word' id='word_1_503' title='bbox 1644 3377 1729 3433; x_wconf 90' lang='lat' dir='ltr'><strong>essct</strong></span> <span class='ocrx_word' id='word_1_504' title='bbox 1743 3373 1849 3436; x_wconf 86' lang='lat' dir='ltr'><strong>humu-</strong></span> 
     </span>
     <span class='ocr_line' id='line_1_37' title="bbox 76 3452 1851 3534; baseline -0.004 -11"><span class='ocrx_word' id='word_1_505' title='bbox 76 3460 248 3524; x_wconf 89' lang='lat' dir='ltr'><strong>iurislbilis</strong></span> <span class='ocrx_word' id='word_1_506' title='bbox 261 3460 330 3523; x_wconf 93' lang='lat' dir='ltr'><strong>sine</strong></span> <span class='ocrx_word' id='word_1_507' title='bbox 344 3459 406 3521; x_wconf 93' lang='lat' dir='ltr'><strong>ulla</strong></span> <span class='ocrx_word' id='word_1_508' title='bbox 421 3472 529 3519; x_wconf 89' lang='lat' dir='ltr'><strong>caussa</strong></span> <span class='ocrx_word' id='word_1_509' title='bbox 546 3460 694 3517; x_wconf 90' lang='lat' dir='ltr'><strong>maneret.</strong></span> <span class='ocrx_word' id='word_1_510' title='bbox 988 3454 1068 3515; x_wconf 89' lang='lat' dir='ltr'><strong>nitas</strong></span> <span class='ocrx_word' id='word_1_511' title='bbox 1083 3452 1193 3516; x_wconf 83' lang='lat' dir='ltr'><strong>Gbristt</strong></span> <span class='ocrx_word' id='word_1_512' title='bbox 1211 3469 1265 3532; x_wconf 92' lang='lat' dir='ltr'><strong>per</strong></span> <span class='ocrx_word' id='word_1_513' title='bbox 1280 3454 1448 3515; x_wconf 89' lang='lat' dir='ltr'><strong>naturalem</strong></span> <span class='ocrx_word' id='word_1_514' title='bbox 1463 3453 1741 3515; x_wconf 85' lang='lat' dir='ltr'><strong>concomitantiam:</strong></span> <span class='ocrx_word' id='word_1_515' title='bbox 1766 3455 1851 3534; x_wconf 80' lang='lat' dir='ltr'><strong>quod</strong></span> 
     </span>
     <span class='ocr_line' id='line_1_38' title="bbox 987 3534 1850 3617; baseline 0.002 -21"><span class='ocrx_word' id='word_1_516' title='bbox 987 3534 1099 3598; x_wconf 86' lang='lat' dir='ltr'><strong>laisum</strong></span> <span class='ocrx_word' id='word_1_517' title='bbox 1115 3544 1162 3599; x_wconf 89' lang='lat' dir='ltr'><strong>est</strong></span> <span class='ocrx_word' id='word_1_518' title='bbox 1176 3538 1289 3599; x_wconf 91' lang='lat' dir='ltr'><strong>docent</strong></span> <span class='ocrx_word' id='word_1_519' title='bbox 1303 3550 1411 3597; x_wconf 90' lang='lat' dir='ltr'><strong>amnes</strong></span> <span class='ocrx_word' id='word_1_520' title='bbox 1426 3534 1567 3597; x_wconf 87' lang='lat' dir='ltr'><strong>catholici</strong></span> <span class='ocrx_word' id='word_1_521' title='bbox 1593 3541 1697 3597; x_wconf 91' lang='lat' dir='ltr'><strong>contra</strong></span> <span class='ocrx_word' id='word_1_522' title='bbox 1723 3535 1850 3617; x_wconf 84' lang='lat' dir='ltr'><strong>Ubiqui·</strong></span> 
     </span>
     <span class='ocr_line' id='line_1_39' title="bbox 321 3616 1850 3699; baseline 0 -18"><span class='ocrx_word' id='word_1_523' title='bbox 321 3676 325 3689; x_wconf 85' lang='grc'><em>,</em></span> <span class='ocrx_word' id='word_1_524' title='bbox 773 3696 775 3699; x_wconf 17' lang='lat'>¹</span> <span class='ocrx_word' id='word_1_525' title='bbox 990 3625 1066 3680; x_wconf 89' lang='lat' dir='ltr'><strong>stus.</strong></span> <span class='ocrx_word' id='word_1_526' title='bbox 1081 3617 1177 3687; x_wconf 72' lang='lat' dir='ltr'><strong>Adde.</strong></span> <span class='ocrx_word' id='word_1_527' title='bbox 1195 3619 1276 3697; x_wconf 92' lang='lat' dir='ltr'><strong>quud</strong></span> <span class='ocrx_word' id='word_1_528' title='bbox 1292 3618 1445 3695; x_wconf 82' lang='lat' dir='ltr'><strong>llapeltus</strong></span> <span class='ocrx_word' id='word_1_529' title='bbox 1460 3616 1527 3695; x_wconf 89' lang='lat' dir='ltr'><strong>ipse</strong></span> <span class='ocrx_word' id='word_1_530' title='bbox 1543 3632 1604 3679; x_wconf 92' lang='lat' dir='ltr'><strong>non</strong></span> <span class='ocrx_word' id='word_1_531' title='bbox 1620 3617 1748 3679; x_wconf 88' lang='lat' dir='ltr'><strong>admittit</strong></span> <span class='ocrx_word' id='word_1_532' title='bbox 1761 3620 1850 3681; x_wconf 90' lang='lat' dir='ltr'><strong>istam</strong></span> 
     </span>
     <span class='ocr_line' id='line_1_40' title="bbox 412 3678 1850 3777; baseline 0 -14"><span class='ocrx_word' id='word_1_533' title='bbox 412 3678 530 3747; x_wconf 55' lang='lat' dir='ltr'>CAPUT</span> <span class='ocrx_word' id='word_1_534' title='bbox 551 3678 616 3743; x_wconf 71' lang='lat' dir='ltr'><strong>XV·</strong></span> <span class='ocrx_word' id='word_1_535' title='bbox 990 3702 1268 3763; x_wconf 88' lang='lat' dir='ltr'><strong>concomitantiam:</strong></span> <span class='ocrx_word' id='word_1_536' title='bbox 1295 3715 1367 3761; x_wconf 87' lang='lat' dir='ltr'><strong>raam</strong></span> <span class='ocrx_word' id='word_1_537' title='bbox 1390 3699 1446 3761; x_wconf 89' lang='lat' dir='ltr'><strong>ttb.</strong></span> <span class='ocrx_word' id='word_1_538' title='bbox 1472 3699 1569 3760; x_wconf 79' lang='lat' dir='ltr'><strong>2..de</strong></span> <span class='ocrx_word' id='word_1_539' title='bbox 1593 3698 1704 3762; x_wconf 85' lang='lat' dir='ltr'><strong>officiis</strong></span> <span class='ocrx_word' id='word_1_540' title='bbox 1723 3702 1850 3777; x_wconf 82' lang='lat' dir='ltr'><strong>divinis,</strong></span> 
     </span>
     <span class='ocr_line' id='line_1_41' title="bbox 709 3780 1849 3869; baseline 0.001 -24"><span class='ocrx_word' id='word_1_541' title='bbox 709 3853 717 3869; x_wconf 36' lang='grc' dir='ltr'>ι</span> <span class='ocrx_word' id='word_1_542' title='bbox 990 3800 1059 3860; x_wconf 82' lang='grc' dir='ltr'><strong>οορ.</strong></span> <span class='ocrx_word' id='word_1_543' title='bbox 1075 3783 1107 3845; x_wconf 84' lang='grc'><strong>2.</strong></span> <span class='ocrx_word' id='word_1_544' title='bbox 1123 3784 1208 3859; x_wconf 86' lang='lat' dir='ltr'><strong>dicit,</strong></span> <span class='ocrx_word' id='word_1_545' title='bbox 1225 3784 1359 3857; x_wconf 86' lang='lat' dir='ltr'><strong>eundem</strong></span> <span class='ocrx_word' id='word_1_546' title='bbox 1374 3780 1527 3859; x_wconf 82' lang='lat' dir='ltr'><strong>Christum</strong></span> <span class='ocrx_word' id='word_1_547' title='bbox 1542 3797 1676 3856; x_wconf 92' lang='lat' dir='ltr'><strong>sursum,</strong></span> <span class='ocrx_word' id='word_1_548' title='bbox 1702 3783 1792 3860; x_wconf 91' lang='lat' dir='ltr'><strong>idest,</strong></span> <span class='ocrx_word' id='word_1_549' title='bbox 1816 3786 1849 3846; x_wconf 88' lang='lat' dir='ltr'><strong>in</strong></span> 
     </span>
     <span class='ocr_line' id='line_1_42' title="bbox 297 3852 1849 3962; baseline -0.003 -28"><span class='ocrx_word' id='word_1_550' title='bbox 297 3854 461 3934; x_wconf 62' lang='lat' dir='ltr'><strong>Rifflllssil?</strong></span> <span class='ocrx_word' id='word_1_551' title='bbox 475 3870 566 3921; x_wconf 59' lang='lat' dir='ltr'><strong>&amp;W</strong></span> <span class='ocrx_word' id='word_1_552' title='bbox 579 3852 728 3945; x_wconf 58' lang='lat' dir='ltr'><strong>Ruperti·</strong></span> <span class='ocrx_word' id='word_1_553' title='bbox 986 3868 1078 3962; x_wconf 81' lang='lat' dir='ltr'><strong>coela</strong></span> <span class='ocrx_word' id='word_1_554' title='bbox 1094 3881 1165 3929; x_wconf 89' lang='lat' dir='ltr'><strong>esso</strong></span> <span class='ocrx_word' id='word_1_555' title='bbox 1180 3866 1212 3929; x_wconf 92' lang='lat' dir='ltr'><strong>in</strong></span> <span class='ocrx_word' id='word_1_556' title='bbox 1227 3881 1331 3943; x_wconf 83' lang='lat' dir='ltr'><strong>carne3</strong></span> <span class='ocrx_word' id='word_1_557' title='bbox 1346 3866 1503 3938; x_wconf 89' lang='lat' dir='ltr'><strong>deorsum,</strong></span> <span class='ocrx_word' id='word_1_558' title='bbox 1522 3863 1611 3937; x_wconf 83' lang='lat' dir='ltr'><strong>idest,</strong></span> <span class='ocrx_word' id='word_1_559' title='bbox 1629 3865 1659 3925; x_wconf 89' lang='lat' dir='ltr'><strong>in</strong></span> <span class='ocrx_word' id='word_1_560' title='bbox 1676 3865 1849 3941; x_wconf 88' lang='lat' dir='ltr'><strong>altari‚esse</strong></span> 
     </span>
     <span class='ocr_line' id='line_1_43' title="bbox 986 3965 1775 4027; baseline 0.001 -17"><span class='ocrx_word' id='word_1_561' title='bbox 986 3965 1123 4027; x_wconf 72' lang='lat' dir='ltr'><strong>anpaue¹</strong></span> <span class='ocrx_word' id='word_1_562' title='bbox 1480 3966 1483 3972; x_wconf 71' lang='grc'><em>’</em></span> <span class='ocrx_word' id='word_1_563' title='bbox 1771 3991 1775 3998; x_wconf 49' lang='lat'><em>1</em></span> 
     </span>
     <span class='ocr_line' id='line_1_44' title="bbox 123 4028 1848 4111; baseline 0 -20"><span class='ocrx_word' id='word_1_564' title='bbox 123 4028 260 4105; x_wconf 81' lang='lat' dir='ltr'><strong>Quintus</strong></span> <span class='ocrx_word' id='word_1_565' title='bbox 274 4042 371 4102; x_wconf 88' lang='lat' dir='ltr'><strong>error,</strong></span> <span class='ocrx_word' id='word_1_566' title='bbox 387 4043 479 4107; x_wconf 86' lang='lat' dir='ltr'><strong>quem</strong></span> <span class='ocrx_word' id='word_1_567' title='bbox 493 4028 618 4109; x_wconf 84' lang='lat' dir='ltr'><strong>Ruperti</strong></span> <span class='ocrx_word' id='word_1_568' title='bbox 633 4047 706 4098; x_wconf 91' lang='lat' dir='ltr'><strong>esse</strong></span> <span class='ocrx_word' id='word_1_569' title='bbox 730 4030 874 4105; x_wconf 83' lang='lat' dir='ltr'><strong>diximus,</strong></span> <span class='ocrx_word' id='word_1_570' title='bbox 896 4046 946 4092; x_wconf 88' lang='lat' dir='ltr'><strong>re·</strong></span> <span class='ocrx_word' id='word_1_571' title='bbox 1028 4031 1172 4094; x_wconf 88' lang='lat' dir='ltr'><strong>Secundo</strong></span> <span class='ocrx_word' id='word_1_572' title='bbox 1189 4037 1294 4111; x_wconf 90' lang='lat' dir='ltr'><strong>posset</strong></span> <span class='ocrx_word' id='word_1_573' title='bbox 1308 4031 1360 4093; x_wconf 91' lang='lat' dir='ltr'><strong>bic</strong></span> <span class='ocrx_word' id='word_1_574' title='bbox 1373 4044 1459 4093; x_wconf 91' lang='lat' dir='ltr'><strong>error</strong></span> <span class='ocrx_word' id='word_1_575' title='bbox 1473 4029 1596 4091; x_wconf 86' lang='lat' dir='ltr'><strong>relatori</strong></span> <span class='ocrx_word' id='word_1_576' title='bbox 1624 4028 1769 4092; x_wconf 90' lang='lat' dir='ltr'><strong>omnibus</strong></span> <span class='ocrx_word' id='word_1_577' title='bbox 1789 4031 1848 4093; x_wconf 89' lang='lat' dir='ltr'><strong>tor·</strong></span> 
     </span>
     <span class='ocr_line' id='line_1_45' title="bbox 77 4110 1847 4193; baseline -0.001 -17"><span class='ocrx_word' id='word_1_578' title='bbox 77 4113 195 4177; x_wconf 88' lang='lat' dir='ltr'><strong>iellitnr</strong></span> <span class='ocrx_word' id='word_1_579' title='bbox 211 4110 324 4185; x_wconf 85' lang='lat' dir='ltr'><strong>Primo,</strong></span> <span class='ocrx_word' id='word_1_580' title='bbox 342 4112 411 4190; x_wconf 86' lang='lat' dir='ltr'><strong>quia</strong></span> <span class='ocrx_word' id='word_1_581' title='bbox 439 4120 589 4191; x_wconf 81' lang='lat' dir='ltr'><strong>repugnat</strong></span> <span class='ocrx_word' id='word_1_582' title='bbox 614 4114 816 4193; x_wconf 88' lang='lat' dir='ltr'><strong>apertissimis</strong></span> <span class='ocrx_word' id='word_1_583' title='bbox 841 4112 943 4175; x_wconf 84' lang='lat' dir='ltr'><strong>verbis</strong></span> <span class='ocrx_word' id='word_1_584' title='bbox 985 4130 1036 4175; x_wconf 91' lang='lat' dir='ltr'><strong>mc</strong></span> <span class='ocrx_word' id='word_1_585' title='bbox 1048 4116 1231 4176; x_wconf 90' lang='lat' dir='ltr'><strong>testimoniis</strong></span> <span class='ocrx_word' id='word_1_586' title='bbox 1247 4115 1377 4184; x_wconf 80' lang='lat' dir='ltr'><strong>Petrum,</strong></span> <span class='ocrx_word' id='word_1_587' title='bbox 1393 4128 1473 4193; x_wconf 87' lang='lat' dir='ltr'><strong>quae</strong></span> <span class='ocrx_word' id='word_1_588' title='bbox 1487 4126 1580 4189; x_wconf 90' lang='lat' dir='ltr'><strong>supra</strong></span> <span class='ocrx_word' id='word_1_589' title='bbox 1595 4118 1658 4173; x_wconf 91' lang='lat' dir='ltr'><strong>tolo</strong></span> <span class='ocrx_word' id='word_1_590' title='bbox 1675 4114 1730 4175; x_wconf 67' lang='lat' dir='ltr'><strong>tab,</strong></span> <span class='ocrx_word' id='word_1_591' title='bbox 1745 4114 1776 4175; x_wconf 78' lang='lat'><strong>2.</strong></span> <span class='ocrx_word' id='word_1_592' title='bbox 1793 4114 1847 4175; x_wconf 93' lang='lat' dir='ltr'><strong>ad·</strong></span> 
     </span>
     <span class='ocr_line' id='line_1_46' title="bbox 77 4192 1850 4277; baseline -0.002 -19"><span class='ocrx_word' id='word_1_593' title='bbox 77 4194 217 4259; x_wconf 89' lang='lat' dir='ltr'><strong>Domini.</strong></span> <span class='ocrx_word' id='word_1_594' title='bbox 233 4192 383 4256; x_wconf 90' lang='lat' dir='ltr'><strong>Dominus</strong></span> <span class='ocrx_word' id='word_1_595' title='bbox 396 4193 478 4257; x_wconf 88' lang='lat' dir='ltr'><strong>enim</strong></span> <span class='ocrx_word' id='word_1_596' title='bbox 494 4197 535 4257; x_wconf 89' lang='lat' dir='ltr'><strong>ait</strong></span> <span class='ocrx_word' id='word_1_597' title='bbox 548 4196 636 4259; x_wconf 86' lang='lat' dir='ltr'><strong>laon.</strong></span> <span class='ocrx_word' id='word_1_598' title='bbox 652 4197 682 4259; x_wconf 87' lang='grc'><strong>6.</strong></span> <span class='ocrx_word' id='word_1_599' title='bbox 694 4197 794 4261; x_wconf 80' lang='lat' dir='ltr'><strong>Portis</strong></span> <span class='ocrx_word' id='word_1_600' title='bbox 806 4212 942 4277; x_wconf 85' lang='lat' dir='ltr'><strong>quemc-</strong></span> <span class='ocrx_word' id='word_1_601' title='bbox 988 4198 1078 4258; x_wconf 90' lang='lat' dir='ltr'><strong>ducta</strong></span> <span class='ocrx_word' id='word_1_602' title='bbox 1095 4205 1180 4258; x_wconf 87' lang='lat' dir='ltr'><strong>sunt:</strong></span> <span class='ocrx_word' id='word_1_603' title='bbox 1197 4212 1305 4260; x_wconf 93' lang='lat' dir='ltr'><strong>omnes</strong></span> <span class='ocrx_word' id='word_1_604' title='bbox 1320 4196 1401 4259; x_wconf 87' lang='lat' dir='ltr'><strong>enim</strong></span> <span class='ocrx_word' id='word_1_605' title='bbox 1417 4212 1477 4256; x_wconf 92' lang='lat' dir='ltr'><strong>una</strong></span> <span class='ocrx_word' id='word_1_606' title='bbox 1492 4211 1567 4257; x_wconf 83' lang='lat' dir='ltr'><strong>vace</strong></span> <span class='ocrx_word' id='word_1_607' title='bbox 1592 4196 1734 4273; x_wconf 79' lang='lat' dir='ltr'><strong>clamant,</strong></span> <span class='ocrx_word' id='word_1_608' title='bbox 1759 4196 1850 4261; x_wconf 84' lang='lat' dir='ltr'><strong>nobis</strong></span> 
     </span>
     <span class='ocr_line' id='line_1_47' title="bbox 78 4268 1849 4358; baseline -0.001 -17"><span class='ocrx_word' id='word_1_609' title='bbox 78 4294 118 4355; x_wconf 81' lang='lat' dir='ltr'><strong>pa</strong></span> <span class='ocrx_word' id='word_1_610' title='bbox 134 4268 236 4349; x_wconf 82' lang='lat' dir='ltr'><strong>dabo,</strong></span> <span class='ocrx_word' id='word_1_611' title='bbox 253 4292 330 4345; x_wconf 86' lang='lat' dir='ltr'><strong>coro</strong></span> <span class='ocrx_word' id='word_1_612' title='bbox 344 4293 419 4341; x_wconf 87' lang='lat' dir='ltr'><strong>uteo</strong></span> <span class='ocrx_word' id='word_1_613' title='bbox 433 4282 488 4340; x_wconf 88' lang='lat' dir='ltr'><strong>cot.</strong></span> <span class='ocrx_word' id='word_1_614' title='bbox 504 4278 538 4339; x_wconf 83' lang='lat' dir='ltr'><strong>lt</strong></span> <span class='ocrx_word' id='word_1_615' title='bbox 551 4282 638 4358; x_wconf 89' lang='lat' dir='ltr'><strong>panis</strong></span> <span class='ocrx_word' id='word_1_616' title='bbox 659 4280 712 4344; x_wconf 90' lang='lat' dir='ltr'><strong>ille</strong></span> <span class='ocrx_word' id='word_1_617' title='bbox 733 4287 942 4358; x_wconf 89' lang='lat' dir='ltr'><strong>assumptusa</strong></span> <span class='ocrx_word' id='word_1_618' title='bbox 987 4278 1019 4341; x_wconf 88' lang='lat' dir='ltr'><strong>iu</strong></span> <span class='ocrx_word' id='word_1_619' title='bbox 1035 4279 1225 4342; x_wconf 72' lang='lat' dir='ltr'><strong>Eucharistin</strong></span> <span class='ocrx_word' id='word_1_620' title='bbox 1238 4279 1301 4342; x_wconf 89' lang='lat' dir='ltr'><strong>dari</strong></span> <span class='ocrx_word' id='word_1_621' title='bbox 1317 4294 1430 4357; x_wconf 89' lang='lat' dir='ltr'><strong>carpus</strong></span> <span class='ocrx_word' id='word_1_622' title='bbox 1445 4276 1555 4341; x_wconf 83' lang='lat' dir='ltr'><strong>Christi</strong></span> <span class='ocrx_word' id='word_1_623' title='bbox 1571 4294 1714 4339; x_wconf 90' lang='lat' dir='ltr'><strong>carneum</strong></span> <span class='ocrx_word' id='word_1_624' title='bbox 1730 4279 1768 4339; x_wconf 90' lang='lat' dir='ltr'><strong>de</strong></span> <span class='ocrx_word' id='word_1_625' title='bbox 1783 4276 1849 4341; x_wconf 79' lang='lat' dir='ltr'><strong>Vir·</strong></span> 
     </span>
     <span class='ocr_line' id='line_1_48' title="bbox 78 4359 1807 4443; baseline 0 -21"><span class='ocrx_word' id='word_1_626' title='bbox 78 4360 195 4433; x_wconf 78' lang='lat' dir='ltr'><strong>llcrbo,</strong></span> <span class='ocrx_word' id='word_1_627' title='bbox 213 4364 262 4421; x_wconf 88' lang='lat' dir='ltr'><strong>est</strong></span> <span class='ocrx_word' id='word_1_628' title='bbox 281 4360 405 4437; x_wconf 84' lang='lat' dir='ltr'><strong>quidem</strong></span> <span class='ocrx_word' id='word_1_629' title='bbox 428 4375 551 4439; x_wconf 90' lang='lat' dir='ltr'><strong>carpus·</strong></span> <span class='ocrx_word' id='word_1_630' title='bbox 563 4362 685 4437; x_wconf 85' lang='lat' dir='ltr'><strong>Christi,</strong></span> <span class='ocrx_word' id='word_1_631' title='bbox 708 4364 764 4425; x_wconf 92' lang='lat' dir='ltr'><strong>sed</strong></span> <span class='ocrx_word' id='word_1_632' title='bbox 788 4378 848 4423; x_wconf 95' lang='lat' dir='ltr'><strong>non</strong></span> <span class='ocrx_word' id='word_1_633' title='bbox 872 4376 943 4424; x_wconf 90' lang='lat' dir='ltr'><strong>cara</strong></span> <span class='ocrx_word' id='word_1_634' title='bbox 987 4361 1060 4443; x_wconf 79' lang='lat' dir='ltr'><strong>gine</strong></span> <span class='ocrx_word' id='word_1_635' title='bbox 1074 4370 1243 4441; x_wconf 87' lang='lat' dir='ltr'><strong>sumptum,</strong></span> <span class='ocrx_word' id='word_1_636' title='bbox 1261 4369 1291 4424; x_wconf 93' lang='lat' dir='ltr'><strong>ct</strong></span> <span class='ocrx_word' id='word_1_637' title='bbox 1304 4361 1336 4423; x_wconf 93' lang='lat' dir='ltr'><strong>in</strong></span> <span class='ocrx_word' id='word_1_638' title='bbox 1351 4362 1436 4440; x_wconf 77' lang='lat' dir='ltr'><strong>ligna</strong></span> <span class='ocrx_word' id='word_1_639' title='bbox 1452 4359 1555 4422; x_wconf 82' lang='lat' dir='ltr'><strong>crucis</strong></span> <span class='ocrx_word' id='word_1_640' title='bbox 1570 4365 1730 4422; x_wconf 86' lang='lat' dir='ltr'><strong>exterrsum</strong></span> <span class='ocrx_word' id='word_1_641' title='bbox 1746 4368 1807 4423; x_wconf 90' lang='lat' dir='ltr'><strong>ctc.</strong></span> 
     </span>
     <span class='ocr_line' id='line_1_49' title="bbox 78 4437 1849 4524; baseline -0.002 -18"><span class='ocrx_word' id='word_1_642' title='bbox 78 4442 207 4519; x_wconf 81' lang='lat' dir='ltr'><strong>Christi3</strong></span> <span class='ocrx_word' id='word_1_643' title='bbox 225 4456 327 4520; x_wconf 84' lang='lat' dir='ltr'><strong>nequo</strong></span> <span class='ocrx_word' id='word_1_644' title='bbox 342 4443 424 4505; x_wconf 84' lang='lat' dir='ltr'><strong>enlm</strong></span> <span class='ocrx_word' id='word_1_645' title='bbox 439 4456 496 4522; x_wconf 84' lang='lat' dir='ltr'><strong>per</strong></span> <span class='ocrx_word' id='word_1_646' title='bbox 509 4446 749 4524; x_wconf 88' lang='lat' dir='ltr'><strong>assumptionem</strong></span> <span class='ocrx_word' id='word_1_647' title='bbox 765 4444 847 4507; x_wconf 89' lang='lat' dir='ltr'><strong>illam</strong></span> <span class='ocrx_word' id='word_1_648' title='bbox 872 4460 943 4522; x_wconf 90' lang='lat' dir='ltr'><strong>spc-</strong></span> <span class='ocrx_word' id='word_1_649' title='bbox 1028 4446 1129 4522; x_wconf 79' lang='lat' dir='ltr'><strong>lertio</strong></span> <span class='ocrx_word' id='word_1_650' title='bbox 1143 4447 1261 4507; x_wconf 90' lang='lat' dir='ltr'><strong>ratione</strong></span> <span class='ocrx_word' id='word_1_651' title='bbox 1275 4445 1373 4508; x_wconf 87' lang='lat' dir='ltr'><strong>retolli</strong></span> <span class='ocrx_word' id='word_1_652' title='bbox 1391 4449 1508 4521; x_wconf 80' lang='lat' dir='ltr'><strong>patest-</strong></span> <span class='ocrx_word' id='word_1_653' title='bbox 1519 4437 1593 4504; x_wconf 82' lang='lat' dir='ltr'><strong>Nam</strong></span> <span class='ocrx_word' id='word_1_654' title='bbox 1616 4444 1698 4503; x_wconf 90' lang='lat' dir='ltr'><strong>nulla</strong></span> <span class='ocrx_word' id='word_1_655' title='bbox 1722 4444 1849 4505; x_wconf 89' lang='lat' dir='ltr'><strong>omnino</strong></span> 
     </span>
     <span class='ocr_line' id='line_1_50' title="bbox 77 4525 1848 4606; baseline -0.002 -16"><span class='ocrx_word' id='word_1_656' title='bbox 77 4528 160 4590; x_wconf 88' lang='lat' dir='ltr'><strong>ciem</strong></span> <span class='ocrx_word' id='word_1_657' title='bbox 178 4540 268 4591; x_wconf 89' lang='lat' dir='ltr'><strong>suam</strong></span> <span class='ocrx_word' id='word_1_658' title='bbox 283 4532 388 4587; x_wconf 87' lang='lat' dir='ltr'><strong>mutat:</strong></span> <span class='ocrx_word' id='word_1_659' title='bbox 415 4528 504 4605; x_wconf 88' lang='lat' dir='ltr'><strong>panis</strong></span> <span class='ocrx_word' id='word_1_660' title='bbox 525 4534 626 4590; x_wconf 91' lang='lat' dir='ltr'><strong>autem</strong></span> <span class='ocrx_word' id='word_1_661' title='bbox 650 4544 762 4606; x_wconf 91' lang='lat' dir='ltr'><strong>corpus</strong></span> <span class='ocrx_word' id='word_1_662' title='bbox 788 4536 847 4597; x_wconf 82' lang='lat' dir='ltr'><strong>est,</strong></span> <span class='ocrx_word' id='word_1_663' title='bbox 871 4543 943 4589; x_wconf 90' lang='lat' dir='ltr'><strong>caro</strong></span> <span class='ocrx_word' id='word_1_664' title='bbox 988 4543 1097 4589; x_wconf 91' lang='lat' dir='ltr'><strong>caussa</strong></span> <span class='ocrx_word' id='word_1_665' title='bbox 1111 4528 1196 4589; x_wconf 88' lang='lat' dir='ltr'><strong>reddi</strong></span> <span class='ocrx_word' id='word_1_666' title='bbox 1214 4533 1325 4605; x_wconf 87' lang='lat' dir='ltr'><strong>potest,</strong></span> <span class='ocrx_word' id='word_1_667' title='bbox 1341 4543 1397 4588; x_wconf 93' lang='lat' dir='ltr'><strong>car</strong></span> <span class='ocrx_word' id='word_1_668' title='bbox 1411 4541 1521 4606; x_wconf 90' lang='lat' dir='ltr'><strong>panem</strong></span> <span class='ocrx_word' id='word_1_669' title='bbox 1547 4526 1738 4604; x_wconf 80' lang='lat' dir='ltr'><strong>hypostatice</strong></span> <span class='ocrx_word' id='word_1_670' title='bbox 1763 4525 1848 4595; x_wconf 79' lang='lat' dir='ltr'><strong>cbri-</strong></span> 
     </span>
     <span class='ocr_line' id='line_1_51' title="bbox 79 4606 1849 4675; baseline -0.001 -4"><span class='ocrx_word' id='word_1_671' title='bbox 79 4626 143 4671; x_wconf 90' lang='lat' dir='ltr'><strong>aon</strong></span> <span class='ocrx_word' id='word_1_672' title='bbox 160 4615 221 4671; x_wconf 88' lang='lat' dir='ltr'><strong>est.</strong></span> <span class='ocrx_word' id='word_1_673' title='bbox 237 4607 356 4671; x_wconf 89' lang='lat' dir='ltr'><strong>llursus</strong></span> <span class='ocrx_word' id='word_1_674' title='bbox 370 4608 520 4673; x_wconf 86' lang='lat' dir='ltr'><strong>Dominus</strong></span> <span class='ocrx_word' id='word_1_675' title='bbox 534 4611 576 4671; x_wconf 90' lang='lat' dir='ltr'><strong>ait</strong></span> <span class='ocrx_word' id='word_1_676' title='bbox 604 4610 709 4675; x_wconf 85' lang='lat' dir='ltr'><strong>llattb.</strong></span> <span class='ocrx_word' id='word_1_677' title='bbox 735 4610 788 4672; x_wconf 78' lang='lat'><strong>26.</strong></span> <span class='ocrx_word' id='word_1_678' title='bbox 812 4609 877 4672; x_wconf 88' lang='lat' dir='ltr'><strong>Hac</strong></span> <span class='ocrx_word' id='word_1_679' title='bbox 898 4614 944 4672; x_wconf 89' lang='lat' dir='ltr'><strong>est</strong></span> <span class='ocrx_word' id='word_1_680' title='bbox 986 4616 1053 4672; x_wconf 85' lang='lat' dir='ltr'><strong>stus</strong></span> <span class='ocrx_word' id='word_1_681' title='bbox 1068 4625 1225 4673; x_wconf 88' lang='lat' dir='ltr'><strong>assumere</strong></span> <span class='ocrx_word' id='word_1_682' title='bbox 1240 4610 1381 4672; x_wconf 83' lang='lat' dir='ltr'><strong>rataortt:</strong></span> <span class='ocrx_word' id='word_1_683' title='bbox 1393 4624 1452 4670; x_wconf 87' lang='lat' dir='ltr'><strong>cur</strong></span> <span class='ocrx_word' id='word_1_684' title='bbox 1464 4608 1547 4669; x_wconf 89' lang='lat' dir='ltr'><strong>enirn</strong></span> <span class='ocrx_word' id='word_1_685' title='bbox 1560 4606 1715 4669; x_wconf 79' lang='lat' dir='ltr'><strong>{nominem</strong></span> <span class='ocrx_word' id='word_1_686' title='bbox 1727 4623 1849 4669; x_wconf 89' lang='lat' dir='ltr'><strong>assum·</strong></span> 
     </span>
     <span class='ocr_line' id='line_1_52' title="bbox 79 4689 1850 4772; baseline -0.001 -19"><span class='ocrx_word' id='word_1_687' title='bbox 79 4706 202 4772; x_wconf 78' lang='lat' dir='ltr'><strong>corpus</strong></span> <span class='ocrx_word' id='word_1_688' title='bbox 215 4706 336 4766; x_wconf 82' lang='lat' dir='ltr'><strong>meum,</strong></span> <span class='ocrx_word' id='word_1_689' title='bbox 353 4692 442 4772; x_wconf 83' lang='lat' dir='ltr'><strong>quad</strong></span> <span class='ocrx_word' id='word_1_690' title='bbox 454 4708 513 4771; x_wconf 85' lang='lat' dir='ltr'><strong>pro</strong></span> <span class='ocrx_word' id='word_1_691' title='bbox 527 4692 615 4757; x_wconf 85' lang='lat' dir='ltr'><strong>uobis</strong></span> <span class='ocrx_word' id='word_1_692' title='bbox 640 4695 799 4757; x_wconf 84' lang='lat' dir='ltr'><strong>trudetur.</strong></span> <span class='ocrx_word' id='word_1_693' title='bbox 822 4693 856 4754; x_wconf 85' lang='lat' dir='ltr'><strong>tt</strong></span> <span class='ocrx_word' id='word_1_694' title='bbox 877 4708 948 4755; x_wconf 61' lang='lat' dir='ltr'><strong>cor-³</strong></span> <span class='ocrx_word' id='word_1_695' title='bbox 988 4693 1096 4772; x_wconf 82' lang='lat' dir='ltr'><strong>poerit,</strong></span> <span class='ocrx_word' id='word_1_696' title='bbox 1113 4698 1172 4754; x_wconf 92' lang='lat' dir='ltr'><strong>tota</strong></span> <span class='ocrx_word' id='word_1_697' title='bbox 1188 4708 1295 4755; x_wconf 87' lang='lat' dir='ltr'><strong>caussa</strong></span> <span class='ocrx_word' id='word_1_698' title='bbox 1310 4691 1377 4763; x_wconf 88' lang='lat' dir='ltr'><strong>luit,</strong></span> <span class='ocrx_word' id='word_1_699' title='bbox 1395 4697 1427 4753; x_wconf 93' lang='lat' dir='ltr'><strong>ut</strong></span> <span class='ocrx_word' id='word_1_700' title='bbox 1442 4690 1597 4752; x_wconf 89' lang='lat' dir='ltr'><strong>bominem</strong></span> <span class='ocrx_word' id='word_1_701' title='bbox 1613 4689 1850 4756; x_wconf 83' lang='lat' dir='ltr'><strong>liberaretldeo</strong></span> 
     </span>
     <span class='ocr_line' id='line_1_53' title="bbox 78 4772 1850 4856; baseline -0.002 -19"><span class='ocrx_word' id='word_1_702' title='bbox 78 4792 139 4849; x_wconf 89' lang='lat' dir='ltr'><strong>pus</strong></span> <span class='ocrx_word' id='word_1_703' title='bbox 154 4772 236 4835; x_wconf 90' lang='lat' dir='ltr'><strong>ittud</strong></span> <span class='ocrx_word' id='word_1_704' title='bbox 249 4789 421 4852; x_wconf 90' lang='lat' dir='ltr'><strong>panaceam</strong></span> <span class='ocrx_word' id='word_1_705' title='bbox 437 4792 497 4837; x_wconf 92' lang='lat' dir='ltr'><strong>nou</strong></span> <span class='ocrx_word' id='word_1_706' title='bbox 514 4774 568 4838; x_wconf 85' lang='lat' dir='ltr'><strong>tuit</strong></span> <span class='ocrx_word' id='word_1_707' title='bbox 589 4791 645 4856; x_wconf 91' lang='lat' dir='ltr'><strong>pro</strong></span> <span class='ocrx_word' id='word_1_708' title='bbox 670 4777 761 4841; x_wconf 91' lang='lat' dir='ltr'><strong>uobis</strong></span> <span class='ocrx_word' id='word_1_709' title='bbox 787 4776 942 4855; x_wconf 88' lang='lat' dir='ltr'><strong>traditum;</strong></span> <span class='ocrx_word' id='word_1_710' title='bbox 989 4778 1073 4837; x_wconf 86' lang='lat' dir='ltr'><strong>eninr</strong></span> <span class='ocrx_word' id='word_1_711' title='bbox 1088 4790 1188 4853; x_wconf 86' lang='lat' dir='ltr'><strong>neque</strong></span> <span class='ocrx_word' id='word_1_712' title='bbox 1203 4776 1465 4855; x_wconf 77' lang='lat' dir='ltr'><strong>angelummeauo</strong></span> <span class='ocrx_word' id='word_1_713' title='bbox 1476 4778 1615 4835; x_wconf 91' lang='lat' dir='ltr'><strong>naturam</strong></span> <span class='ocrx_word' id='word_1_714' title='bbox 1629 4773 1717 4833; x_wconf 89' lang='lat' dir='ltr'><strong>aliam</strong></span> <span class='ocrx_word' id='word_1_715' title='bbox 1729 4788 1850 4855; x_wconf 86' lang='lat' dir='ltr'><strong>assum·</strong></span> 
     </span>
     <span class='ocr_line' id='line_1_54' title="bbox 78 4854 1849 4939; baseline -0.001 -20"><span class='ocrx_word' id='word_1_716' title='bbox 78 4873 197 4936; x_wconf 86' lang='lat' dir='ltr'><strong>carpus</strong></span> <span class='ocrx_word' id='word_1_717' title='bbox 212 4856 305 4935; x_wconf 80' lang='lat' dir='ltr'><strong>igitur</strong></span> <span class='ocrx_word' id='word_1_718' title='bbox 319 4857 427 4920; x_wconf 88' lang='lat' dir='ltr'><strong>datum.</strong></span> <span class='ocrx_word' id='word_1_719' title='bbox 437 4860 583 4937; x_wconf 89' lang='lat' dir='ltr'><strong>apostolis</strong></span> <span class='ocrx_word' id='word_1_720' title='bbox 595 4877 612 4925; x_wconf 90' lang='lat' dir='ltr'><strong>a</strong></span> <span class='ocrx_word' id='word_1_721' title='bbox 625 4856 744 4921; x_wconf 85' lang='lat' dir='ltr'><strong>Christo</strong></span> <span class='ocrx_word' id='word_1_722' title='bbox 760 4858 944 4931; x_wconf 84' lang='lat' dir='ltr'><strong>manducan·</strong></span> <span class='ocrx_word' id='word_1_723' title='bbox 989 4858 1061 4939; x_wconf 89' lang='lat' dir='ltr'><strong>psit,</strong></span> <span class='ocrx_word' id='word_1_724' title='bbox 1077 4858 1149 4935; x_wconf 85' lang='lat' dir='ltr'><strong>quia</strong></span> <span class='ocrx_word' id='word_1_725' title='bbox 1164 4873 1215 4920; x_wconf 89' lang='lat' dir='ltr'><strong>rcs</strong></span> <span class='ocrx_word' id='word_1_726' title='bbox 1228 4863 1369 4920; x_wconf 88' lang='lat' dir='ltr'><strong>caeterae</strong></span> <span class='ocrx_word' id='word_1_727' title='bbox 1383 4862 1435 4919; x_wconf 93' lang='lat' dir='ltr'><strong>aut</strong></span> <span class='ocrx_word' id='word_1_728' title='bbox 1448 4870 1512 4919; x_wconf 93' lang='lat' dir='ltr'><strong>uon</strong></span> <span class='ocrx_word' id='word_1_729' title='bbox 1540 4854 1849 4934; x_wconf 79' lang='lat' dir='ltr'><strong>egebant-liberatio·</strong></span> 
     </span>
     <span class='ocr_line' id='line_1_55' title="bbox 78 4935 1926 5021; baseline -0.001 -20"><span class='ocrx_word' id='word_1_730' title='bbox 78 4942 154 5001; x_wconf 92' lang='lat' dir='ltr'><strong>dum</strong></span> <span class='ocrx_word' id='word_1_731' title='bbox 171 4940 203 5001; x_wconf 90' lang='lat' dir='ltr'><strong>in</strong></span> <span class='ocrx_word' id='word_1_732' title='bbox 220 4939 326 5001; x_wconf 86' lang='lat' dir='ltr'><strong>ultime</strong></span> <span class='ocrx_word' id='word_1_733' title='bbox 340 4954 449 5013; x_wconf 84' lang='lat' dir='ltr'><strong>coeca,</strong></span> <span class='ocrx_word' id='word_1_734' title='bbox 466 4956 526 5005; x_wconf 93' lang='lat' dir='ltr'><strong>nou</strong></span> <span class='ocrx_word' id='word_1_735' title='bbox 543 4941 597 5005; x_wconf 91' lang='lat' dir='ltr'><strong>luit</strong></span> <span class='ocrx_word' id='word_1_736' title='bbox 612 4958 792 5021; x_wconf 86' lang='lat' dir='ltr'><strong>panaceam,</strong></span> <span class='ocrx_word' id='word_1_737' title='bbox 808 4940 865 5003; x_wconf 89' lang='lat' dir='ltr'><strong>sed</strong></span> <span class='ocrx_word' id='word_1_738' title='bbox 880 4956 945 5007; x_wconf 90' lang='lat' dir='ltr'><strong>aar·</strong></span> <span class='ocrx_word' id='word_1_739' title='bbox 989 4955 1042 5012; x_wconf 90' lang='lat' dir='ltr'><strong>ne,</strong></span> <span class='ocrx_word' id='word_1_740' title='bbox 1058 4945 1110 5002; x_wconf 89' lang='lat' dir='ltr'><strong>aut</strong></span> <span class='ocrx_word' id='word_1_741' title='bbox 1125 4956 1185 5003; x_wconf 89' lang='lat' dir='ltr'><strong>nou</strong></span> <span class='ocrx_word' id='word_1_742' title='bbox 1201 4947 1341 5017; x_wconf 88' lang='lat' dir='ltr'><strong>poterant</strong></span> <span class='ocrx_word' id='word_1_743' title='bbox 1355 4935 1491 5002; x_wconf 76' lang='lat' dir='ltr'><strong>libcrari:</strong></span> <span class='ocrx_word' id='word_1_744' title='bbox 1513 4939 1600 5000; x_wconf 90' lang='lat' dir='ltr'><strong>solus</strong></span> <span class='ocrx_word' id='word_1_745' title='bbox 1625 4938 1718 4999; x_wconf 85' lang='lat' dir='ltr'><strong>bonta</strong></span> <span class='ocrx_word' id='word_1_746' title='bbox 1741 4954 1847 5016; x_wconf 83' lang='lat' dir='ltr'><strong>sapor.</strong></span> <span class='ocrx_word' id='word_1_747' title='bbox 1923 4993 1926 4999; x_wconf 91' lang='grc'><em>,</em></span> 
     </span>
     <span class='ocr_line' id='line_1_56' title="bbox 78 5020 1848 5104; baseline -0.003 -17"><span class='ocrx_word' id='word_1_748' title='bbox 78 5038 190 5087; x_wconf 88' lang='lat' dir='ltr'><strong>noum.</strong></span> <span class='ocrx_word' id='word_1_749' title='bbox 205 5020 261 5085; x_wconf 81' lang='lat' dir='ltr'><strong>Vel</strong></span> <span class='ocrx_word' id='word_1_750' title='bbox 276 5022 303 5082; x_wconf 90' lang='lat' dir='ltr'><strong>si</strong></span> <span class='ocrx_word' id='word_1_751' title='bbox 319 5024 488 5086; x_wconf 87' lang='lat' dir='ltr'><strong>contendas</strong></span> <span class='ocrx_word' id='word_1_752' title='bbox 513 5040 624 5103; x_wconf 88' lang='lat' dir='ltr'><strong>eorpus</strong></span> <span class='ocrx_word' id='word_1_753' title='bbox 650 5028 819 5103; x_wconf 82' lang='lat' dir='ltr'><strong>panaceam</strong></span> <span class='ocrx_word' id='word_1_754' title='bbox 841 5023 943 5085; x_wconf 90' lang='lat' dir='ltr'><strong>datum</strong></span> <span class='ocrx_word' id='word_1_755' title='bbox 990 5029 1021 5087; x_wconf 91' lang='lat' dir='ltr'><strong>et</strong></span> <span class='ocrx_word' id='word_1_756' title='bbox 1035 5025 1178 5104; x_wconf 73' lang='lat' dir='ltr'><strong>indigens</strong></span> <span class='ocrx_word' id='word_1_757' title='bbox 1194 5022 1383 5086; x_wconf 89' lang='lat' dir='ltr'><strong>liberationis</strong></span> <span class='ocrx_word' id='word_1_758' title='bbox 1398 5028 1474 5084; x_wconf 89' lang='lat' dir='ltr'><strong>crat.</strong></span> <span class='ocrx_word' id='word_1_759' title='bbox 1500 5020 1651 5096; x_wconf 80' lang='lat' dir='ltr'><strong>Quorsum</strong></span> <span class='ocrx_word' id='word_1_760' title='bbox 1678 5021 1770 5099; x_wconf 77' lang='lat' dir='ltr'><strong>lgitur</strong></span> <span class='ocrx_word' id='word_1_761' title='bbox 1796 5034 1848 5099; x_wconf 80' lang='lat' dir='ltr'><strong>pa,-</strong></span> 
     </span>
     <span class='ocr_line' id='line_1_57' title="bbox 75 5103 1763 5185; baseline -0.002 -17"><span class='ocrx_word' id='word_1_762' title='bbox 75 5104 260 5183; x_wconf 81' lang='lat' dir='ltr'><strong>discipulis3</strong></span> <span class='ocrx_word' id='word_1_763' title='bbox 276 5105 431 5183; x_wconf 88' lang='lat' dir='ltr'><strong>oportebit</strong></span> <span class='ocrx_word' id='word_1_764' title='bbox 444 5106 533 5169; x_wconf 91' lang='lat' dir='ltr'><strong>eliam</strong></span> <span class='ocrx_word' id='word_1_765' title='bbox 547 5106 631 5170; x_wconf 90' lang='lat' dir='ltr'><strong>latori</strong></span> <span class='ocrx_word' id='word_1_766' title='bbox 648 5123 760 5185; x_wconf 91' lang='lat' dir='ltr'><strong>corpus</strong></span> <span class='ocrx_word' id='word_1_767' title='bbox 776 5122 945 5184; x_wconf 87' lang='lat' dir='ltr'><strong>panaceam</strong></span> <span class='ocrx_word' id='word_1_768' title='bbox 990 5122 1061 5169; x_wconf 89' lang='lat' dir='ltr'><strong>nem</strong></span> <span class='ocrx_word' id='word_1_769' title='bbox 1077 5113 1260 5179; x_wconf 88' lang='lat' dir='ltr'><strong>assumeret,</strong></span> <span class='ocrx_word' id='word_1_770' title='bbox 1277 5104 1329 5185; x_wconf 86' lang='lat' dir='ltr'><strong>qai</strong></span> <span class='ocrx_word' id='word_1_771' title='bbox 1345 5104 1428 5165; x_wconf 93' lang='lat' dir='ltr'><strong>nulla</strong></span> <span class='ocrx_word' id='word_1_772' title='bbox 1444 5104 1625 5166; x_wconf 87' lang='lat' dir='ltr'><strong>liberatione</strong></span> <span class='ocrx_word' id='word_1_773' title='bbox 1640 5103 1763 5181; x_wconf 77' lang='lat' dir='ltr'><strong>agebat.</strong></span> 
     </span>
     <span class='ocr_line' id='line_1_58' title="bbox 77 5184 1851 5267; baseline -0.001 -19"><span class='ocrx_word' id='word_1_774' title='bbox 77 5204 137 5267; x_wconf 89' lang='lat' dir='ltr'><strong>pro</strong></span> <span class='ocrx_word' id='word_1_775' title='bbox 154 5185 248 5249; x_wconf 89' lang='lat' dir='ltr'><strong>nohis</strong></span> <span class='ocrx_word' id='word_1_776' title='bbox 264 5186 359 5250; x_wconf 85' lang='lat' dir='ltr'><strong>luisse</strong></span> <span class='ocrx_word' id='word_1_777' title='bbox 374 5187 564 5264; x_wconf 81' lang='lat' dir='ltr'><strong>crucitlnum,</strong></span> <span class='ocrx_word' id='word_1_778' title='bbox 582 5194 616 5252; x_wconf 87' lang='lat' dir='ltr'><strong>ut</strong></span> <span class='ocrx_word' id='word_1_779' title='bbox 628 5188 945 5253; x_wconf 74' lang='lat' dir='ltr'><strong>lacctc‘deducitl&#39;cr·</strong></span> <span class='ocrx_word' id='word_1_780' title='bbox 1031 5189 1129 5250; x_wconf 77' lang='lat' dir='ltr'><strong>Adde:</strong></span> <span class='ocrx_word' id='word_1_781' title='bbox 1144 5186 1351 5267; x_wconf 89' lang='lat' dir='ltr'><strong>Improbabile</strong></span> <span class='ocrx_word' id='word_1_782' title='bbox 1366 5202 1437 5249; x_wconf 90' lang='lat' dir='ltr'><strong>esse</strong></span> <span class='ocrx_word' id='word_1_783' title='bbox 1451 5190 1588 5257; x_wconf 89' lang='lat' dir='ltr'><strong>aruoino,</strong></span> <span class='ocrx_word' id='word_1_784' title='bbox 1606 5191 1641 5248; x_wconf 92' lang='lat' dir='ltr'><strong>ut</strong></span> <span class='ocrx_word' id='word_1_785' title='bbox 1660 5185 1733 5247; x_wconf 91' lang='lat' dir='ltr'><strong>unia</strong></span> <span class='ocrx_word' id='word_1_786' title='bbox 1754 5184 1851 5267; x_wconf 77' lang='lat' dir='ltr'><strong>bypa-</strong></span> 
     </span>
     <span class='ocr_line' id='line_1_59' title="bbox 78 5266 1850 5348; baseline -0.001 -17"><span class='ocrx_word' id='word_1_787' title='bbox 78 5271 232 5332; x_wconf 88' lang='lat' dir='ltr'><strong>tulttanus</strong></span> <span class='ocrx_word' id='word_1_788' title='bbox 246 5268 302 5331; x_wconf 89' lang='lat' dir='ltr'><strong>lib.</strong></span> <span class='ocrx_word' id='word_1_789' title='bbox 318 5268 349 5332; x_wconf 75' lang='lat' dir='ltr'><strong>i.</strong></span> <span class='ocrx_word' id='word_1_790' title='bbox 365 5280 469 5333; x_wconf 86' lang='lat' dir='ltr'><strong>cantra</strong></span> <span class='ocrx_word' id='word_1_791' title='bbox 484 5271 679 5335; x_wconf 74' lang='lat' dir='ltr'><strong>Marcionem.</strong></span> <span class='ocrx_word' id='word_1_792' title='bbox 767 5342 769 5347; x_wconf 65' lang='lat'><strong>,</strong></span> <span class='ocrx_word' id='word_1_793' title='bbox 991 5271 1096 5333; x_wconf 85' lang='lat' dir='ltr'><strong>statice</strong></span> <span class='ocrx_word' id='word_1_794' title='bbox 1111 5270 1166 5333; x_wconf 90' lang='lat' dir='ltr'><strong>Dei</strong></span> <span class='ocrx_word' id='word_1_795' title='bbox 1181 5286 1252 5333; x_wconf 94' lang='lat' dir='ltr'><strong>cum</strong></span> <span class='ocrx_word' id='word_1_796' title='bbox 1266 5276 1404 5333; x_wconf 89' lang='lat' dir='ltr'><strong>creatura</strong></span> <span class='ocrx_word' id='word_1_797' title='bbox 1420 5270 1556 5345; x_wconf 83' lang='lat' dir='ltr'><strong>quotidie</strong></span> <span class='ocrx_word' id='word_1_798' title='bbox 1571 5267 1633 5343; x_wconf 87' lang='lat' dir='ltr'><strong>liat,</strong></span> <span class='ocrx_word' id='word_1_799' title='bbox 1662 5271 1693 5329; x_wconf 85' lang='lat' dir='ltr'><strong>et</strong></span> <span class='ocrx_word' id='word_1_800' title='bbox 1713 5266 1850 5348; x_wconf 87' lang='lat' dir='ltr'><strong>quotidie</strong></span> 
     </span>
     <span class='ocr_line' id='line_1_60' title="bbox 119 5349 1849 5434; baseline -0.002 -20"><span class='ocrx_word' id='word_1_801' title='bbox 119 5352 317 5430; x_wconf 82' lang='lat' dir='ltr'><strong>Responderi</strong></span> <span class='ocrx_word' id='word_1_802' title='bbox 335 5360 440 5430; x_wconf 91' lang='lat' dir='ltr'><strong>passct</strong></span> <span class='ocrx_word' id='word_1_803' title='bbox 454 5353 492 5423; x_wconf 89' lang='lat' dir='ltr'><strong>de</strong></span> <span class='ocrx_word' id='word_1_804' title='bbox 508 5370 635 5434; x_wconf 90' lang='lat' dir='ltr'><strong>corpore</strong></span> <span class='ocrx_word' id='word_1_805' title='bbox 661 5370 796 5433; x_wconf 89' lang='lat' dir='ltr'><strong>panacea</strong></span> <span class='ocrx_word' id='word_1_806' title='bbox 821 5358 947 5433; x_wconf 89' lang='lat' dir='ltr'><strong>propter</strong></span> <span class='ocrx_word' id='word_1_807' title='bbox 991 5352 1176 5416; x_wconf 87' lang='lat' dir='ltr'><strong>destruatur:</strong></span> <span class='ocrx_word' id='word_1_808' title='bbox 1193 5354 1269 5415; x_wconf 87' lang='lat' dir='ltr'><strong>nibil</strong></span> <span class='ocrx_word' id='word_1_809' title='bbox 1285 5352 1366 5416; x_wconf 88' lang='lat' dir='ltr'><strong>enirn</strong></span> <span class='ocrx_word' id='word_1_810' title='bbox 1381 5350 1495 5431; x_wconf 86' lang='lat' dir='ltr'><strong>majus,</strong></span> <span class='ocrx_word' id='word_1_811' title='bbox 1518 5358 1550 5414; x_wconf 93' lang='lat' dir='ltr'><strong>ct</strong></span> <span class='ocrx_word' id='word_1_812' title='bbox 1574 5349 1743 5413; x_wconf 91' lang='lat' dir='ltr'><strong>mirabilius</strong></span> <span class='ocrx_word' id='word_1_813' title='bbox 1764 5349 1849 5414; x_wconf 89' lang='lat' dir='ltr'><strong>Deus</strong></span> 
     </span>
     <span class='ocr_line' id='line_1_61' title="bbox 78 5432 1847 5516; baseline -0.004 -17"><span class='ocrx_word' id='word_1_814' title='bbox 78 5435 232 5499; x_wconf 89' lang='lat' dir='ltr'><strong>unionem</strong></span> <span class='ocrx_word' id='word_1_815' title='bbox 260 5436 481 5515; x_wconf 76' lang='lat' dir='ltr'><strong>hypostaticam</strong></span> <span class='ocrx_word' id='word_1_816' title='bbox 507 5438 675 5516; x_wconf 86' lang='lat' dir='ltr'><strong>praedicari</strong></span> <span class='ocrx_word' id='word_1_817' title='bbox 703 5452 815 5516; x_wconf 91' lang='lat' dir='ltr'><strong>carpus</strong></span> <span class='ocrx_word' id='word_1_818' title='bbox 840 5451 967 5499; x_wconf 75' lang='lat' dir='ltr'><strong>carue·</strong></span> <span class='ocrx_word' id='word_1_819' title='bbox 992 5437 1139 5499; x_wconf 92' lang='lat' dir='ltr'><strong>creaturis</strong></span> <span class='ocrx_word' id='word_1_820' title='bbox 1154 5437 1287 5511; x_wconf 88' lang='lat' dir='ltr'><strong>donarit,</strong></span> <span class='ocrx_word' id='word_1_821' title='bbox 1304 5449 1397 5515; x_wconf 84' lang='lat' dir='ltr'><strong>quam</strong></span> <span class='ocrx_word' id='word_1_822' title='bbox 1418 5450 1505 5495; x_wconf 83' lang='lat' dir='ltr'><strong>suoru</strong></span> <span class='ocrx_word' id='word_1_823' title='bbox 1527 5433 1625 5512; x_wconf 90' lang='lat' dir='ltr'><strong>ipsius</strong></span> <span class='ocrx_word' id='word_1_824' title='bbox 1650 5432 1847 5512; x_wconf 76' lang='lat' dir='ltr'><strong>personalita</strong></span> 
     </span>
     <span class='ocr_line' id='line_1_62' title="bbox 79 5512 1848 5599; baseline -0.002 -20"><span class='ocrx_word' id='word_1_825' title='bbox 79 5534 145 5593; x_wconf 83' lang='lat' dir='ltr'><strong>ruu3</strong></span> <span class='ocrx_word' id='word_1_826' title='bbox 162 5534 202 5579; x_wconf 92' lang='lat' dir='ltr'><strong>ac</strong></span> <span class='ocrx_word' id='word_1_827' title='bbox 217 5518 348 5595; x_wconf 88' lang='lat' dir='ltr'><strong>proinde</strong></span> <span class='ocrx_word' id='word_1_828' title='bbox 362 5518 422 5580; x_wconf 88' lang='lat' dir='ltr'><strong>dtct</strong></span> <span class='ocrx_word' id='word_1_829' title='bbox 440 5520 589 5599; x_wconf 82' lang='lat' dir='ltr'><strong>potuisse3</strong></span> <span class='ocrx_word' id='word_1_830' title='bbox 604 5520 660 5583; x_wconf 88' lang='lat' dir='ltr'><strong>Hic</strong></span> <span class='ocrx_word' id='word_1_831' title='bbox 675 5520 763 5599; x_wconf 88' lang='lat' dir='ltr'><strong>panis</strong></span> <span class='ocrx_word' id='word_1_832' title='bbox 775 5526 822 5582; x_wconf 91' lang='lat' dir='ltr'><strong>est</strong></span> <span class='ocrx_word' id='word_1_833' title='bbox 833 5533 947 5596; x_wconf 90' lang='lat' dir='ltr'><strong>carpus</strong></span> <span class='ocrx_word' id='word_1_834' title='bbox 992 5525 1066 5593; x_wconf 92' lang='lat' dir='ltr'><strong>tem,</strong></span> <span class='ocrx_word' id='word_1_835' title='bbox 1083 5534 1153 5581; x_wconf 93' lang='lat' dir='ltr'><strong>cum</strong></span> <span class='ocrx_word' id='word_1_836' title='bbox 1168 5518 1298 5581; x_wconf 80' lang='lat' dir='ltr'><strong>Verbum</strong></span> <span class='ocrx_word' id='word_1_837' title='bbox 1314 5532 1384 5583; x_wconf 90' lang='lat' dir='ltr'><strong>caro</strong></span> <span class='ocrx_word' id='word_1_838' title='bbox 1398 5512 1509 5586; x_wconf 88' lang='lat' dir='ltr'><strong>lactum</strong></span> <span class='ocrx_word' id='word_1_839' title='bbox 1525 5523 1583 5579; x_wconf 89' lang='lat' dir='ltr'><strong>cst.</strong></span> <span class='ocrx_word' id='word_1_840' title='bbox 1606 5517 1643 5577; x_wconf 80' lang='lat' dir='ltr'><strong>at</strong></span> <span class='ocrx_word' id='word_1_841' title='bbox 1667 5515 1737 5595; x_wconf 86' lang='lat' dir='ltr'><strong>quis</strong></span> <span class='ocrx_word' id='word_1_842' title='bbox 1761 5513 1848 5586; x_wconf 89' lang='lat' dir='ltr'><strong>ierat,</strong></span> 
     </span>
     <span class='ocr_line' id='line_1_63' title="bbox 77 5598 1852 5682; baseline -0.001 -21"><span class='ocrx_word' id='word_1_843' title='bbox 77 5600 172 5675; x_wconf 89' lang='lat' dir='ltr'><strong>illud,</strong></span> <span class='ocrx_word' id='word_1_844' title='bbox 189 5599 274 5677; x_wconf 80' lang='lat' dir='ltr'><strong>quod</strong></span> <span class='ocrx_word' id='word_1_845' title='bbox 290 5616 347 5677; x_wconf 90' lang='lat' dir='ltr'><strong>pra</strong></span> <span class='ocrx_word' id='word_1_846' title='bbox 359 5601 448 5664; x_wconf 84' lang='lat' dir='ltr'><strong>robis</strong></span> <span class='ocrx_word' id='word_1_847' title='bbox 464 5604 609 5675; x_wconf 84' lang='lat' dir='ltr'><strong>tradetur,</strong></span> <span class='ocrx_word' id='word_1_848' title='bbox 626 5610 656 5665; x_wconf 88' lang='lat' dir='ltr'><strong>et</strong></span> <span class='ocrx_word' id='word_1_849' title='bbox 671 5602 721 5665; x_wconf 90' lang='lat' dir='ltr'><strong>bic</strong></span> <span class='ocrx_word' id='word_1_850' title='bbox 737 5602 825 5682; x_wconf 91' lang='lat' dir='ltr'><strong>panis</strong></span> <span class='ocrx_word' id='word_1_851' title='bbox 837 5608 885 5663; x_wconf 90' lang='lat' dir='ltr'><strong>cst</strong></span> <span class='ocrx_word' id='word_1_852' title='bbox 897 5617 947 5663; x_wconf 88' lang='lat' dir='ltr'><strong>ca·</strong></span> <span class='ocrx_word' id='word_1_853' title='bbox 993 5602 1109 5663; x_wconf 91' lang='lat' dir='ltr'><strong>danum</strong></span> <span class='ocrx_word' id='word_1_854' title='bbox 1125 5608 1183 5662; x_wconf 91' lang='lat' dir='ltr'><strong>tam</strong></span> <span class='ocrx_word' id='word_1_855' title='bbox 1199 5601 1355 5681; x_wconf 76' lang='lat' dir='ltr'><strong>singulare</strong></span> <span class='ocrx_word' id='word_1_856' title='bbox 1369 5598 1505 5677; x_wconf 89' lang='lat' dir='ltr'><strong>quotidie</strong></span> <span class='ocrx_word' id='word_1_857' title='bbox 1520 5615 1589 5661; x_wconf 92' lang='lat' dir='ltr'><strong>cum</strong></span> <span class='ocrx_word' id='word_1_858' title='bbox 1612 5616 1702 5678; x_wconf 71' lang='lat' dir='ltr'><strong>pane⁴</strong></span> <span class='ocrx_word' id='word_1_859' title='bbox 1713 5613 1852 5661; x_wconf 91' lang='lat' dir='ltr'><strong>commu·</strong></span> 
     </span>
     <span class='ocr_line' id='line_1_64' title="bbox 0 5680 1804 5763; baseline -0.003 -18"><span class='ocrx_word' id='word_1_860' title='bbox 0 5685 2 5692; x_wconf 82' lang='grc'>’</span> <span class='ocrx_word' id='word_1_861' title='bbox 78 5700 114 5745; x_wconf 86' lang='lat' dir='ltr'><strong>ra</strong></span> <span class='ocrx_word' id='word_1_862' title='bbox 129 5698 199 5744; x_wconf 89' lang='lat' dir='ltr'><strong>mea</strong></span> <span class='ocrx_word' id='word_1_863' title='bbox 216 5697 273 5761; x_wconf 90' lang='lat' dir='ltr'><strong>pra</strong></span> <span class='ocrx_word' id='word_1_864' title='bbox 288 5684 394 5744; x_wconf 91' lang='lat' dir='ltr'><strong>muudi</strong></span> <span class='ocrx_word' id='word_1_865' title='bbox 409 5684 481 5761; x_wconf 82' lang='lat' dir='ltr'><strong>rita3</strong></span> <span class='ocrx_word' id='word_1_866' title='bbox 504 5685 584 5747; x_wconf 89' lang='lat' dir='ltr'><strong>sieut</strong></span> <span class='ocrx_word' id='word_1_867' title='bbox 604 5684 748 5763; x_wconf 87' lang='lat' dir='ltr'><strong>dicimus;</strong></span> <span class='ocrx_word' id='word_1_868' title='bbox 774 5683 829 5748; x_wconf 87' lang='lat' dir='ltr'><strong>llic</strong></span> <span class='ocrx_word' id='word_1_869' title='bbox 855 5682 948 5747; x_wconf 87' lang='lat' dir='ltr'><strong>boma</strong></span> <span class='ocrx_word' id='word_1_870' title='bbox 994 5684 1102 5758; x_wconf 87' lang='lat' dir='ltr'><strong>uicari,</strong></span> <span class='ocrx_word' id='word_1_871' title='bbox 1117 5683 1272 5748; x_wconf 90' lang='lat' dir='ltr'><strong>etiterum</strong></span> <span class='ocrx_word' id='word_1_872' title='bbox 1288 5684 1378 5762; x_wconf 93' lang='lat' dir='ltr'><strong>paulo</strong></span> <span class='ocrx_word' id='word_1_873' title='bbox 1393 5680 1602 5761; x_wconf 80' lang='lat' dir='ltr'><strong>postauterri?</strong></span> <span class='ocrx_word' id='word_1_874' title='bbox 1800 5730 1804 5739; x_wconf 92' lang='lat'><em>.</em></span> 
     </span>
     <span class='ocr_line' id='line_1_65' title="bbox 81 5762 1851 5845; baseline -0.005 -16"><span class='ocrx_word' id='word_1_875' title='bbox 81 5772 130 5829; x_wconf 86' lang='lat' dir='ltr'><strong>est</strong></span> <span class='ocrx_word' id='word_1_876' title='bbox 145 5764 243 5838; x_wconf 85' lang='lat' dir='ltr'><strong>Deus,</strong></span> <span class='ocrx_word' id='word_1_877' title='bbox 260 5769 292 5826; x_wconf 89' lang='lat' dir='ltr'><strong>et</strong></span> <span class='ocrx_word' id='word_1_878' title='bbox 305 5764 355 5828; x_wconf 89' lang='lat' dir='ltr'><strong>bic</strong></span> <span class='ocrx_word' id='word_1_879' title='bbox 369 5765 453 5829; x_wconf 90' lang='lat' dir='ltr'><strong>Deus</strong></span> <span class='ocrx_word' id='word_1_880' title='bbox 467 5773 515 5833; x_wconf 90' lang='lat' dir='ltr'><strong>cst</strong></span> <span class='ocrx_word' id='word_1_881' title='bbox 529 5766 633 5832; x_wconf 89' lang='lat' dir='ltr'><strong>bama.</strong></span> <span class='ocrx_word' id='word_1_882' title='bbox 1014 5767 1120 5832; x_wconf 62' lang='lat' dir='ltr'><strong>adde</strong></span> <span class='ocrx_word' id='word_1_883' title='bbox 1133 5766 1255 5831; x_wconf 84' lang='lat' dir='ltr'><strong>Ultimo:</strong></span> <span class='ocrx_word' id='word_1_884' title='bbox 1271 5765 1359 5845; x_wconf 91' lang='lat' dir='ltr'><strong>Quod</strong></span> <span class='ocrx_word' id='word_1_885' title='bbox 1375 5766 1451 5828; x_wconf 91' lang='lat' dir='ltr'><strong>baec</strong></span> <span class='ocrx_word' id='word_1_886' title='bbox 1471 5762 1575 5845; x_wconf 88' lang='lat' dir='ltr'><strong>opinio</strong></span> <span class='ocrx_word' id='word_1_887' title='bbox 1599 5763 1692 5828; x_wconf 88' lang='lat' dir='ltr'><strong>tidem</strong></span> <span class='ocrx_word' id='word_1_888' title='bbox 1717 5768 1851 5827; x_wconf 89' lang='lat' dir='ltr'><strong>nostram</strong></span> 
     </span>
    </p>
   </div>
   <div class='ocr_carea' id='block_1_3' title="bbox 153 5864 1632 5923">
    <p class='ocr_par' dir='ltr' id='par_1_3' title="bbox 153 5864 1632 5923">
     <span class='ocr_line' id='line_1_66' title="bbox 153 5864 1632 5923; baseline -0.001 -1"><span class='ocrx_word' id='word_1_889' title='bbox 153 5864 317 5923; x_wconf 79' lang='lat' dir='ltr'><strong>barranum</strong></span> <span class='ocrx_word' id='word_1_890' title='bbox 334 5864 394 5923; x_wconf 90' lang='lat' dir='ltr'><strong>llol.</strong></span> <span class='ocrx_word' id='word_1_891' title='bbox 412 5865 460 5923; x_wconf 90' lang='lat' dir='ltr'><strong>tlt.</strong></span> <span class='ocrx_word' id='word_1_892' title='bbox 1593 5866 1632 5921; x_wconf 73' lang='lat' dir='ltr'><strong>li</strong></span> 
     </span>
    </p>
   </div>
   <div class='ocr_carea' id='block_1_4' title="bbox 0 0 2050 6275">
    <p class='ocr_par' dir='ltr' id='par_1_4' title="bbox 0 0 2050 6275">
     <span class='ocr_line' id='line_1_67' title="bbox 0 0 2050 6275; baseline 0 0"><span class='ocrx_word' id='word_1_893' title='bbox 0 0 2050 6275; x_wconf 95' lang='lat' dir='ltr'><strong> </strong></span> 
     </span>
    </p>
   </div>
  </div>
 </body>
</html>
