4084 6275
291 367 346 424 au
857 336 1373 430 oustmaucurouarntuouu

220 497 496 578 motiorustipite,
524 501 674 578 quantum
698 499 738 563 nb
767 501 915 567 omnibus
941 504 1087 576 personis
1171 503 1401 568 advertendum
1416 506 1466 568 est
1480 501 1637 580 Secundo,
1665 502 1820 568 naturalia
1837 511 1996 584 praecepta

218 581 348 643 alterius
363 579 517 642 laterislt
531 581 656 660 quando
669 582 906 648 cousideremns
919 602 1085 666 personam
1131 585 1182 648 illa
1196 601 1283 661 csse,
1298 601 1378 665 quae
1395 587 1464 648 soto
1492 587 1610 648 lumine
1637 588 1770 650 naturali
1800 587 1880 649 siae
1905 587 1996 666 aliquo

215 662 484 756 propinquiorem,
501 668 535 724 ut
548 661 710 741 tumbam,
728 671 802 728 ωηο
822 682 885 728 ηηη
896 668 1086 733 attendimus
1130 668 1288 741 discursu,
1304 673 1358 729 aut
1372 674 1458 730 certe
1472 683 1530 747 per
1554 668 1732 732 discursum
1747 668 1887 731 rationis
1902 668 1999 732 lucilli·

215 745 392 809 distantiam
408 759 479 823 eJus
501 745 654 823 astipite3
683 747 740 810 sed
769 748 946 811 distantium
970 749 1086 828 stipitis
1130 765 1214 812 mum
1228 756 1472 830 cognoscuntur,
1489 757 1521 812 οι
1534 751 1616 827 apud
1632 765 1743 813 omues
1758 757 1838 813 sunt
1870 751 1996 822 eaden,

216 829 254 887 ad
271 841 422 906 personas
435 825 563 887 alterius
578 827 695 900 lateris,
711 835 743 891 ct
757 829 789 891 in
818 831 924 909 stipite
949 837 1024 894 tunc
1038 831 1084 893 in·
1129 835 1193 894 tum
1208 833 1310 909 quoad
1326 831 1477 905 notitiam,
1495 837 1558 892 tum
1574 832 1675 910 quoad
1692 831 1997 894 rectitudinemllan

215 909 386 987 telligimus
402 922 567 984 personam
585 909 669 970 iilam
686 912 998 991 propinquioremtet
1011 913 1083 992 quia
1127 925 1208 990 quae
1221 913 1362 993 indigent
1377 913 1494 975 lumine
1507 914 1746 990 supernaturali,
1763 914 1920 978 dicuutur
1934 917 1998 975 diri·

214 993 293 1069 stips
308 990 401 1050 distat
415 989 620 1068 inaequaliter
633 1007 650 1051 a
664 994 807 1069 personis
821 995 949 1057 alterius
963 995 1080 1067 lateris,
1128 1011 1166 1056 na
1180 993 1322 1073 positira3
1339 1009 1419 1072 quae
1436 1009 1491 1072 per
1505 995 1682 1058 discursum
1699 997 1878 1058 humanum
1892 1013 1908 1056 a
1924 997 1997 1074 prin·

213 1073 285 1134 idco
297 1072 389 1133 ctiam
413 1083 546 1166 persona
564 1071 617 1133 illa
633 1073 848 1154 propinquior,
872 1075 966 1151 idest;
988 1076 1082 1138 lbra·
1126 1076 1198 1154 cipe
1214 1075 1455 1150 constituuntur,
1473 1075 1618 1138 dicuutur
1634 1077 1783 1150 bumana,
1802 1085 1838 1140 et
1855 1078 1928 1140 talia
1944 1095 1996 1140 noa

212 1155 296 1226 bam,
321 1153 527 1230 inaequalrter
540 1153 633 1215 distat
645 1154 685 1217 ab
706 1156 853 1219 omnibus
880 1160 1024 1237 personis
1038 1159 1081 1220 al·
1126 1164 1200 1220 suut
1212 1158 1320 1220 eadem
1336 1158 1418 1234 apud
1434 1173 1557 1219 omnes.

216 1236 315 1298 terius
329 1235 446 1296 tataris.
1168 1239 1272 1302 Potest
1287 1246 1389 1300 autem
1406 1238 1505 1300 tribus
1522 1237 1623 1302 modis
1651 1239 1778 1319 aliquod
1797 1245 1996 1318 praeceptum

203 1339 211 1353 ·
256 1316 348 1378 bicos
363 1331 483 1378 rursus:
494 1313 595 1388 Quare
610 1318 838 1382 considerando
853 1335 1018 1399 personam
1033 1337 1081 1384 re·
1126 1320 1300 1399 prohibens
1316 1321 1377 1382 dici
1393 1321 1544 1382 naturale.
1564 1321 1677 1392 Primo,
1693 1324 1765 1398 quia
1783 1324 1827 1384 sit
1844 1323 1889 1385 de
1905 1339 1937 1383 re
1958 1325 1996 1384 ia·

213 1404 341 1472 motam,
358 1404 392 1458 ut
406 1397 535 1474 loscpb,
551 1399 742 1462 attendimus
770 1402 947 1465 distantiam
977 1403 1079 1482 eiusa
1126 1401 1261 1465 trinsece
1275 1401 1365 1474 mala,
1384 1402 1422 1463 ita
1438 1407 1471 1463 ut
1484 1417 1610 1480 sempor
1627 1449 1635 1475 ,
1666 1408 1697 1464 et
1721 1405 1805 1482 apud
1836 1410 1996 1466 omncssit

213 1481 331 1559 stipite3
348 1487 379 1540 et
393 1495 455 1541 non
471 1482 563 1542 etiarn
579 1481 610 1542 id
628 1481 770 1556 iacimus,
786 1485 910 1561 quando
938 1486 1081 1549 conside·
1126 1484 1217 1554 mala,
1242 1499 1301 1546 nec
1327 1485 1426 1561 possit
1447 1498 1504 1560 per
1525 1483 1724 1547 mutationem
1750 1487 1995 1548 circumstantia·

212 1579 318 1626 ramus
334 1577 498 1639 personam
510 1564 730 1641 propinquum,
748 1570 782 1626 ut
796 1565 961 1630 Abrabam.
1123 1581 1191 1628 rum
1208 1564 1274 1627 fleri
1290 1565 1384 1628 bona:
1402 1565 1504 1642 qualia
1520 1571 1595 1626 sunt
1608 1568 1745 1643 mentiri,
1775 1568 1954 1639 moechari,
1969 1585 1995 1630 c

253 1643 532 1722 Respondeotduia
548 1645 575 1705 si
590 1645 821 1708 considerando
836 1663 1079 1727 personampro·
1123 1647 1210 1710 disse
1223 1647 1319 1710 licum
1333 1654 1393 1708 etc.
1410 1652 1442 1708 at
1458 1647 1536 1709 baec
1551 1648 1676 1725 proprie
1691 1651 1752 1711 rim
1770 1649 1859 1728 legis
1876 1650 1992 1722 babent,

213 1725 372 1804 pioquam‚
387 1726 620 1788 attenderemus
635 1726 811 1789 distantiam
826 1732 896 1803 eius
911 1747 927 1789 a
943 1733 1051 1809 stipite
1068 1777 1077 1805 ,
1124 1735 1155 1792 et
1170 1737 1244 1792 suat
1256 1729 1383 1790 omnino
1395 1727 1664 1806 indispensabilia.

209 1815 395 1888 sequeretur
417 1821 570 1884 personas
591 1809 713 1885 aliquas
734 1810 864 1872 alterius
885 1811 991 1873 lateris
1006 1828 1078 1876 csse
1163 1810 1321 1872 Secundo:
1339 1809 1413 1882 Quia
1436 1810 1527 1872 sitde
1543 1825 1576 1872 re
1593 1810 1671 1872 mala
1687 1825 1841 1889 semper,
1860 1817 1895 1872 et
1919 1815 1990 1890 apud

208 1890 451 1969 propinquiores
466 1904 524 1951 suo
540 1890 724 1962 collaterali,
747 1908 839 1969 quam
866 1894 976 1972 stipiti,
993 1893 1077 1972 quod
1123 1907 1245 1964 omnes,
1261 1898 1389 1968 excepta
1400 1897 1535 1954 extrema
1551 1891 1750 1954 necessitate:
1767 1895 1865 1970 quale
1877 1897 1990 1968 esctol-

209 1977 258 2032 cst
271 1972 400 2032 omnino
421 1969 631 2047 impossibile3
661 1989 731 2034 com
759 1989 820 2035 nou
850 1983 1079 2056 conjungantur
1123 1975 1189 2036 lere
1204 1974 1339 2036 alienum
1355 1973 1449 2035 inrito
1461 1971 1604 2035 Domino.
1621 1972 1656 2036 id
1671 1974 1754 2036 enim
1770 1975 1859 2053 apud
1874 1991 1988 2046 omnes,

209 2053 416 2123 collaterales,
434 2053 493 2114 nisi
517 2068 573 2129 per
587 2054 736 2132 stipitem.
754 2055 820 2118 lloc
844 2062 947 2120 autem
970 2059 1079 2121 absur·
1123 2063 1153 2118 et
1167 2069 1292 2133 semper
1303 2059 1352 2118 est
1366 2055 1492 2129 malum,
1509 2061 1638 2132 excepta
1654 2054 1759 2118 ultima
1776 2058 1988 2120 necessitate:

211 2135 285 2196 dum
302 2140 334 2194 et
347 2135 545 2212 impossibile
560 2137 663 2214 sequi,
680 2135 879 2216 perspicuum
895 2140 1036 2202 ostilam
1052 2141 1079 2202 si
1122 2143 1197 2200 lunc
1212 2139 1296 2200 euim
1312 2136 1395 2214 quod
1411 2143 1475 2199 erut
1496 2137 1650 2209 alienum,
1680 2138 1799 2200 desinit
1824 2153 1902 2200 esse
1924 2141 1989 2202 alie·

211 2216 408 2278 attcndamus
423 2216 600 2278 distantiam
617 2217 757 2280 abrabae
771 2221 988 2293 albornotio
1002 2222 1080 2283 'lba-
1126 2235 1212 2286 num.
1227 2225 1259 2280 at
1272 2217 1307 2280 lit
1318 2233 1497 2280 commune.
1513 2217 1551 2280 Et
1563 2219 1624 2280 tale
1636 2219 1728 2280 etiam
1751 2235 1828 2282 esse
1852 2220 1988 2293 ridetur,

211 2314 246 2360 re
261 2298 472 2376 intelligamus
486 2313 597 2362 omncs
621 2315 773 2377 personas
797 2302 927 2365 alterius
952 2305 1079 2382 luteris3
1123 2299 1348 2364 Matrimonium
1364 2315 1435 2364 cum
1452 2299 1575 2378 propria
1591 2315 1709 2362 sorore:
1734 2319 1806 2362 nana
1833 2302 1991 2380 ubiquea·

212 2385 287 2441 tunc
301 2379 428 2441 distabit
438 2380 590 2442 Abrabam
605 2382 645 2443 ab
665 2382 813 2444 omnibus
832 2386 977 2462 personis
1004 2387 1080 2448 alte·
1123 2383 1186 2462 pud
1202 2382 1357 2454 homiues,
1374 2379 1427 2460 qui
1443 2388 1526 2444 recta
1541 2381 1660 2444 ratione
1676 2387 1807 2444 utuntur
1831 2383 1864 2445 id
1878 2385 1993 2460 judica·

211 2463 277 2522 rius
293 2461 400 2524 lateris
416 2477 478 2522 uno
494 2467 611 2525 tantum
626 2463 1002 2542 gradu,quemadmodum
1018 2483 1081 2530 uno
1125 2472 1174 2526 tur
1188 2464 1314 2536 malum,
1332 2463 1391 2524 nisi
1404 2467 1539 2526 extrema
1555 2463 1683 2525 omnino
1695 2470 1832 2543 cogente
1860 2467 1993 2527 necess·

213 2550 330 2604 tantum
346 2542 443 2620 gradu
459 2544 582 2605 distata
604 2545 722 2621 stipite,
739 2546 793 2623 qui
808 2553 856 2609 est
871 2548 982 2611 Tbare.
1000 2549 1081 2629 iirgo
1124 2553 1198 2621 tute,
1214 2547 1315 2624 qualia
1331 2543 1387 2606 luit
1401 2543 1490 2606 initio
1505 2542 1624 2606 mundi.
1640 2541 1678 2604 Et
1692 2546 1771 2607 bace
1797 2546 1895 2608 etiam
1913 2562 1994 2623 prae·

209 2625 363 2687 Abrabam
392 2632 424 2686 et
439 2625 541 2687 baban
557 2633 650 2689 eruut
662 2626 696 2688 in
708 2631 808 2705 primo
822 2630 1014 2710 grado.l3rgo
1028 2633 1081 2693 ba·
1125 2627 1287 2706 capturim
1303 2624 1418 2688 babent
1434 2625 1512 2704 legis
1528 2624 1688 2701 naturalis,
1705 2632 1737 2688 et
1750 2634 1826 2690 sunt
1840 2628 1996 2706 indispen-

211 2707 273 2769 bau
289 2706 495 2785 propinquior
505 2707 564 2768 erit
578 2708 636 2785 ipsi
653 2708 805 2786 Abrabae,
822 2727 913 2789 quum
930 2713 989 2789 ipsi
1002 2712 1083 2776 ibu-
1128 2709 1251 2781 sabilia,
1267 2707 1328 2770 uisi
1344 2711 1449 2770 cesset
1463 2706 1622 2789 obligatio,
1642 2714 1779 2771 extrema
1809 2711 1996 2772 necessitate

213 2805 260 2851 re:
277 2805 346 2848 nant
362 2788 400 2850 ab
417 2788 569 2850 Abrabam
584 2789 711 2851 distabit
725 2807 788 2853 uno
813 2793 922 2868 gradu,
944 2811 961 2853 a
982 2795 1081 2858 lbera
1128 2791 1324 2853 adveniente.

212 2871 324 2944 tribus,
338 2872 420 2948 quod
436 2878 484 2932 est
500 2871 783 2947 impossibile,eum
796 2887 853 2951 per
864 2873 963 2937 Tbare
978 2875 1081 2939 laban
1165 2871 1267 2933 'lertio
1282 2870 1388 2934 mado:
1407 2868 1482 2943 Quia
1498 2870 1537 2932 sit
1550 2871 1590 2934 de
1606 2889 1639 2935 re
1656 2873 1747 2944 male,
1765 2870 1791 2933 si
1808 2885 1865 2934 res
1881 2870 1935 2933 illa
1948 2888 1997 2932 uu·

217 2951 424 3031 coniungatur
438 2967 508 3012 cum
525 2952 690 3014 Abrabam.
878 2968 885 2982 ·
1126 2951 1166 3015 de
1194 2959 1226 3015 et
1239 2953 1381 3016 absolute
1395 2957 1545 3028 sumatur;
1560 2969 1642 3032 quae
1657 2960 1758 3016 tamen
1776 2955 1883 3031 possit
1906 2963 1997 3014 mutu·

254 3034 354 3112 bique
369 3033 484 3095 bocest
494 3033 726 3097 tundamentum
736 3033 844 3098 tertiae
857 3036 1083 3116 reguiaecano·
1127 3038 1165 3098 tis
1180 3033 1421 3098 circumstantiis
1443 3034 1536 3096 rariis
1552 3037 1653 3098 modis
1668 3036 1842 3110 honestari,
1867 3053 1906 3096 ae
1937 3037 1997 3096 liert

213 3116 315 3187 nicae,
333 3113 491 3187 nimirum,
502 3119 546 3177 tot
558 3114 707 3194 gradibus
721 3116 752 3178 in
769 3116 849 3179 linea
865 3117 1020 3197 inaequali
1034 3124 1079 3185 di·
1126 3117 1218 3179 bona:
1235 3117 1327 3197 quate
1342 3119 1391 3177 est
1404 3115 1549 3178 occidere
1562 3117 1733 3180 bominem.
1760 3115 1839 3179 llam
1870 3117 1999 3179 bomiei·

215 3202 297 3259 stare
314 3196 395 3257 inter
409 3210 445 3259 sc
460 3197 668 3272 collaterales,
680 3200 916 3277 qnotgrudibus
926 3202 1019 3267 distat
1034 3222 1082 3268 re·
1126 3198 1210 3261 dium
1226 3199 1368 3261 absolute
1383 3201 1414 3259 et
1428 3198 1511 3259 undo
1526 3207 1704 3275 sumptum,
1721 3199 1797 3275 quid
1812 3199 1937 3261 malum
1953 3216 1998 3263 su·

212 3278 357 3339 motiora
378 3278 496 3356 stipite,
513 3294 576 3341 ηοη
588 3285 691 3341 autem
704 3288 779 3357 quot
794 3281 942 3360 gradibus
956 3286 1083 3364 propin·
1125 3285 1179 3343 aut
1189 3278 1271 3359 a'pud
1287 3287 1443 3348 omueset
1458 3280 1518 3342 boo
1530 3282 1621 3341 modo
1634 3282 1766 3343 babetur
1782 3281 1813 3341 in
1833 3282 2000 3357 decalogo:
2031 3352 2032 3361 χ

212 3358 402 3438 quiordistat
413 3360 571 3422 abeodem
583 3359 741 3439 stipita;ex
752 3362 844 3440 cujus
854 3365 980 3441 regulae
996 3370 1084 3449 igno·
1128 3362 1197 3426 Non
1211 3362 1455 3437 uccideqtameu
1471 3362 1497 3422 si
1513 3362 1664 3425 addantur
1679 3363 1780 3425 rariae
1795 3362 2002 3425 circumstan-
2031 3368 2032 3405 a

212 3442 332 3503 ratione
348 3442 503 3519 processit
519 3443 620 3505 liranis
638 3443 690 3505 illa
703 3443 862 3525 jactantia,
877 3453 971 3527 atque
987 3456 1082 3515 teme·
1129 3443 1202 3518 ¹5³0,
1217 3448 1262 3513 ul·
1276 3444 1358 3520 ti¹1⁰d
1375 3440 1425 3503 fiii
1438 3442 1563 3517 publici
1585 3442 1765 3506 ³⁰0¹⁰iil⁰10
1781 3486 1790 3516 ο
1816 3443 1862 3506 tib
1884 3444 2001 3519 binum

214 3524 290 3587 ritas
304 3522 413 3601 Betae,
1130 3540 1307 3597 commune,
1321 3525 1352 3585 ia
1367 3538 1439 3586 eam
1455 3524 1508 3601 qui
1524 3526 1719 3602 perniciosus
1731 3530 1780 3587 est
1791 3526 2001 3603 reipublicae

1126 3606 1269 3687 jamnon
1285 3610 1376 3667 sonat
1386 3605 1512 3679 malum,
1526 3612 1558 3668 ct
1572 3607 1643 3671 idco
1657 3610 1689 3669 in
1705 3606 1816 3670 eadem
1832 3606 1908 3683 lege
1925 3607 2001 3685 Hor·

517 3724 639 3788 wit
658 3724 782 3789 titt·
1128 3686 2001 3849 ttrtutttttttttrittitttuttsittut

1131 3852 1288 3930 siquidem
1302 3850 1384 3911 nude
1400 3856 1570 3928 sumptum,
1588 3852 1662 3928 quid
1679 3852 1796 3913 malum
1811 3858 1918 3925 sonat,
1935 3866 1999 3913 euru

268 3938 338 4002 ben
349 3940 464 4003 anania
473 3939 654 4018 praecepto
667 3932 801 3999 leodici
813 3934 856 3997 da
868 3932 1029 4010 prodidere
1129 3933 1168 3996 sit
1179 3932 1334 4013 quoddam
1349 3933 1474 4009 signum
1489 3930 1724 4005 incredulitatis,
1738 3941 1771 3995 et
1784 3932 1934 3995 bandum
1948 3934 1999 3993 bu·

338 4038 556 4119 commum-3,
574 4052 644 4103 em
659 4038 699 4101 ge
710 4035 789 4116 jure
799 4044 953 4102 mmm·
1129 4029 1302 4109 manarum.
1320 4010 1351 4076 Si
1363 4011 1447 4075 enim
1463 4012 1544 4076 inter
1560 4013 1703 4079 homines
1718 4014 1800 4077 tides
1814 4014 1951 4109 rigeret,
1974 4018 2000 4075 et

1128 4110 1266 4174 susptcto
1280 4094 1421 4156 iraudum
1447 4101 1597 4169 cessaret,
1628 4110 1721 4157 neme
1743 4101 1909 4173 expeteret
1922 4111 1999 4167 pura·

427 4204 432 4213 1
1128 4184 1278 4240 mentum.
1290 4175 1328 4237 lit
1342 4175 1413 4239 ideo
1428 4174 1580 4239 Dominus
1593 4176 1699 4240 Hattb.
1716 4176 1908 4256 5.prolribct
1923 4174 2000 4249 jura·

257 4254 302 4316 Sit
314 4255 378 4336 jam
395 4257 538 4321 Secunda
556 4260 742 4339 propositio:
769 4256 1085 4339 lionobliqcntjure
1129 4264 1279 4332 mentum,
1296 4256 1441 4319 nimirum
1457 4258 1541 4321 aude
1570 4264 1742 4333 sumptum:
1770 4264 1802 4321 et
1826 4264 1935 4319 tamea
1952 4260 2001 4319 dn·

216 4337 331 4401 diuino
358 4338 558 4404 Citristicnos
571 4348 749 4421 praecepto
775 4343 914 4411 omnic,
942 4356 1029 4421 qtccc
1044 4341 1084 4403 dc
1127 4341 1213 4403 bium
1228 4355 1300 4403 esse
1316 4353 1377 4402 oon
1394 4345 1505 4417 potest,
1523 4340 1817 4420 quiajurameutum
1846 4340 1919 4401 suis
1947 4344 2003 4401 eir·

214 4419 375 4497 gradibus
391 4421 767 4487 iubenturinbcaitico.
790 4422 873 4486 llaec
901 4427 952 4485 est
978 4427 1083 4484 eontra
1130 4420 1325 4487 cumstantiis
1340 4435 1395 4483 scu
1412 4420 1591 4498 comitibus,
1609 4429 1643 4485 ut
1665 4429 1777 4485 rocaat
1790 4428 1955 4495 ornatum,
1970 4424 2003 4483 sl

216 4501 394 4580 bulborum,
409 4504 572 4580 linearum,
585 4505 867 4581 llelancbtbonem,
880 4504 1082 4578 liemoitium,
1126 4504 1244 4569 bonum
1259 4510 1291 4567 et
1304 4502 1436 4567 licitum.
1718 4554 1723 4563 .

217 4582 557 4648 dalrinumetBeaam.
1019 4616 1025 4625 ·
1169 4584 1456 4665 tiocigiturlarttc
1471 4584 1564 4649 mado
1597 4590 1761 4666 praecepta
1779 4584 1939 4647 naturalia
1952 4585 2005 4645 riu

257 4665 320 4727 Sed
335 4674 384 4729 est
402 4668 435 4730 ln
452 4670 561 4747 primis
575 4667 803 4732 obseruandum
819 4669 901 4731 inter
913 4673 1020 4743 nos,et
1032 4666 1085 4729 ad·
1127 4668 1245 4731 babent
1259 4665 1350 4745 tegis,
1368 4666 1396 4730 si
1420 4674 1528 4748 agatur
1542 4667 1583 4727 de
1599 4682 1633 4729 re
1650 4667 1733 4731 aude
1746 4674 1889 4745 sumpta.
1909 4668 1945 4727 Si
1960 4684 2007 4727 au·

217 4747 372 4823 versarios
388 4752 567 4824 conuenire,
585 4757 748 4829 praecepta
764 4750 891 4813 beritioi
917 4766 980 4812 nou
1006 4748 1085 4812 obli·
1133 4756 1194 4813 tem
1210 4755 1317 4831 agatur
1331 4748 1371 4811 de
1391 4762 1426 4811 re
1453 4747 1601 4811 adbibitis
1627 4748 1720 4810 uariis
1744 4746 2008 4819 circumstantiis,

216 4844 291 4909 gare
302 4827 506 4904 christianos,
523 4839 677 4911 quatenus
692 4832 817 4911 proprie
833 4831 977 4905 beritica,
991 4831 1083 4904 idest,
1128 4847 1193 4895 aon
1206 4832 1323 4893 babent
1333 4830 1394 4892 rim
1408 4828 1574 4909 legis,quia
1591 4836 1665 4891 ωηο
1679 4845 1731 4893 res
1748 4829 1821 4892 illae
1838 4828 2009 4891 mutabiles

214 4910 343 4989 positiva
373 4919 405 4975 et
413 4913 572 4990 judicialia
597 4920 681 4988 suut,
704 4916 761 4977 sed
784 4921 900 4976 tuntum
928 4919 1083 4993 quatenus
1129 4920 1215 4987 sunt,
1232 4926 1334 4990 aequa
1349 4917 1423 4975 sunt
1437 4912 1519 4990 apud
1535 4926 1646 4973 omnes
1661 4912 1804 4985 eaedem,
1821 4918 1857 4973 et
1872 4910 2009 4972 ideone

215 4994 377 5058 naturalia.
393 4994 453 5057 Sed
470 5001 531 5058 tota
547 4997 757 5059 controuersia
773 5000 833 5071 est,
856 4996 1013 5057 adomnia
1029 4994 1082 5057 illa
1131 5008 1222 5059 cesse
1237 4998 1296 5068 est,
1313 4998 1347 5055 at
1360 4994 1538 5056 sanciantur
1559 4992 1689 5070 speciali
1720 4993 1792 5071 iege
1818 4992 2008 5069 positira,s

212 5082 393 5154 praecepta,
410 5092 491 5155 quae
506 5078 662 5141 babentor
675 5078 707 5140 in
723 5076 860 5141 Leuitico
880 5078 920 5141 de
934 5076 1084 5157 gradibus
1132 5076 1262 5141 omuino
1274 5074 1490 5154 prohibendae
1505 5082 1592 5136 suat:
1608 5089 1646 5136 ac
1672 5073 1863 5152 praesertim
1896 5074 1929 5135 si
1958 5090 2009 5133 aaa

212 5156 420 5235 cognationis,
437 5160 500 5222 sint
515 5160 680 5237 naturalia3
693 5176 734 5222 ou
760 5159 875 5237 aliqua,
902 5162 950 5221 rel
979 5158 1083 5221 omnia
1130 5158 1233 5221 solum
1248 5156 1476 5220 biatrimonium
1492 5155 1659 5233 impedire,
1676 5155 1731 5218 sed
1748 5155 1845 5217 etium
1862 5154 2008 5217 dirimere

209 5236 384 5317 iudicialia.
400 5242 437 5301 bt
450 5242 578 5321 quidem
593 5241 760 5305 aduersarii
774 5239 995 5315 rolunt‚omnia
1011 5254 1084 5302 esse
1130 5239 1278 5303 debeant.
1296 5236 1369 5300 Nam
1385 5239 1480 5299 molta
1505 5242 1590 5313 sunt,
1607 5236 1728 5313 quaesi
1744 5234 1821 5297 bant
1837 5242 1955 5299 contra
1969 5250 2008 5297 re

213 5320 376 5397 naturalia,
392 5329 425 5385 et
437 5323 570 5403 proinde
582 5338 638 5401 per
658 5322 827 5386 licclesiam
853 5320 1083 5399 indispensabi·
1131 5328 1210 5385 ctam
1227 5320 1390 5393 rationem,
1407 5320 1485 5381 mala
1500 5326 1585 5391 sunt,
1602 5324 1634 5381 et
1647 5325 1749 5379 tamea
1776 5316 1859 5380 lacta
1877 5325 2007 5381 teuent.

213 5399 267 5461 lia:
285 5417 344 5464 nos
359 5410 462 5467 autem
478 5406 706 5477 docemus,non
719 5418 792 5467 esse
803 5408 906 5467 omnia
921 5402 1083 5476 naturalia,
1132 5402 1192 5465 nisi
1208 5401 1337 5481 speciali
1353 5402 1423 5479 lege
1439 5401 1621 5472 irritentur,
1637 5405 1671 5462 ut
1694 5400 1953 5479 supradiximus
1974 5402 2005 5461 da

214 5486 246 5541 et
260 5481 333 5545 ideo
344 5484 377 5546 in
391 5486 576 5565 quibusdam
592 5502 688 5565 posse
703 5500 759 5565 per
773 5485 945 5549 Ecclesiam
956 5484 1086 5563 dispaa·
1131 5484 1278 5563 conjugio
1294 5482 1427 5545 illiorum
1444 5482 1547 5543 inritis
1564 5479 1758 5560 pareatibus.
1986 5559 1992 5569 Ι

215 5564 290 5636 sari,
307 5571 339 5625 ut
355 5568 522 5631 concilium
546 5568 745 5633 tridentinum
773 5566 915 5646 affirmat,
944 5567 1081 5632 sessioa.
1170 5564 1237 5628 lam
1254 5566 1347 5643 igitur
1361 5581 1434 5627 oum
1450 5564 1482 5626 in
1497 5562 1701 5627 conclusione
1717 5576 1888 5639 negamus,
1907 5574 2006 5625 oman

217 5640 271 5705 ta.
287 5660 399 5709 canon.
415 5648 447 5710 3.
1128 5654 1294 5726 praecepta
1306 5646 1432 5711 beritici
1444 5646 1483 5709 de
1495 5644 1644 5726 gradibus
1656 5642 1959 5724 cognationis,esse
1967 5658 2009 5705 aa·
