4084 6275
274 316 327 373 sat
940 304 984 362 bh
1006 303 1234 363 Pohnlthtttla
1292 316 1295 329 ¹

196 444 331 514 loannes
344 447 511 528 wigandus
523 446 620 510 inlib.
635 450 688 527 qui
703 446 881 512 inscribitur
894 438 1058 504 blethodus
1103 444 1197 500 ratur.
1214 436 1275 499 Sed
1291 436 1381 499 rideo
1396 435 1479 497 unde
1509 428 1708 494 occasionem
1739 422 1900 505 acceperit
1921 436 1976 481 ca·

198 531 356 595 doctrinae
372 530 530 594 Ecclesiae
543 530 821 609 magdeburgensis
849 544 919 605 cap.
936 521 987 585 l8.
1002 520 1058 583 Pe·
1103 520 1288 583 lumnianrti:
1303 519 1396 582 tidem
1412 518 1494 581 enim
1510 530 1609 577 novus
1624 514 1681 573 iste
1696 508 1862 587 Apostolus
1878 508 1977 583 longe

197 622 263 677 trus
278 614 431 677 Palladius
443 614 475 675 in
487 612 702 676 admonitione
710 616 749 675 de
760 607 951 675 Paenitentia
966 611 997 666 et
1008 604 1058 684 ju·
1104 605 1192 665 aliter
1208 602 1326 676 iessnit,
1343 618 1434 683 quam
1456 604 1488 663 in
1503 597 1596 676 epist.
1612 595 1649 657 ad
1671 592 1830 655 llehraeos
1846 593 1880 651 b.
1898 589 1978 651 Pau·

197 696 393 760 stificatinne.
407 694 499 758 Dauid
515 694 685 775 Cbptraeus
698 700 730 759 iu
746 712 801 759 sua
824 688 992 762 catechesi,
1015 688 1059 749 lo·
1103 686 1153 748 lus
1168 685 1334 760 definierit,
1352 692 1382 747 et
1397 700 1488 761 quam
1504 678 1660 756 acceperit
1674 677 1826 738 hactenus
1841 672 1977 735 catholi-

198 797 236 843 co
250 776 615 844 8.ltarunusltemntrrus
629 780 662 841 in
674 779 809 843 secunda
825 782 910 856 parte
925 770 1059 833 examin.
1105 786 1140 831 ca
1164 768 1275 830 Christi
1288 768 1440 831 Ecclesia.
1456 765 1532 842 Quia
1553 762 1644 841 igitur
1658 759 1781 819 inanem
1798 756 1886 818 illam
1905 771 1977 833 per·

198 861 354 925 tridentini
368 860 491 924 concilii
508 860 546 921 ad
561 860 611 923 ll.
628 878 710 927 sess.
726 861 908 925 Theodorus
929 855 1004 917 lieaa
1026 852 1059 914 iu
1105 854 1296 926 suasionem,
1314 870 1373 929 qua
1389 845 1553 919 bulheraui
1579 843 1691 916 jubent
1716 854 1978 916 unumquemque

200 962 255 1007 sua
270 944 468 1008 contessioae
483 942 556 1005 ssdei
568 959 638 1023 cap.
654 944 685 1008 l.
1105 933 1281 997 firmissime
1296 936 1425 995 credere
1440 931 1499 993 sihi
1517 945 1533 991 a
1549 927 1612 989 lieu
1628 923 1756 986 remissa
1773 938 1846 985 esse
1863 938 1979 999 pecca·

1106 1024 1147 1088 ta,
1164 1034 1221 1079 nos
1236 1016 1377 1080 catholici
1393 1031 1454 1077 nou
1471 1010 1681 1091 agnoscimus
1695 1024 1731 1067 ue
1746 1022 1785 1066 ne
1807 1003 1883 1065 tidei
1908 1004 1978 1081 qui·

1106 1100 1176 1161 cem
1199 1100 1368 1161 catholicae
1391 1098 1518 1161 nomine
1546 1093 1734 1185 dignamur3
1763 1086 1927 1183 botherus
1946 1094 1979 1147 ut

446 1310 450 1317 .
542 1248 660 1314 caru
681 1249 721 1315 11.
1106 1171 1978 1343 istillitalttfftltilaliiililttiitilt

1107 1348 1284 1409 tumulatur.
1302 1351 1336 1407 ht
1349 1364 1407 1408 nos
1421 1360 1482 1406 non
1498 1341 1591 1403 iidem
1604 1336 1727 1403 Christi.
1744 1336 1800 1397 sert
1817 1335 1979 1397 baeresim

1110 1432 1233 1492 bulberi
1250 1431 1378 1491 minime
1393 1425 1598 1491 necessariam
1615 1424 1653 1484 art
1668 1420 1887 1483 contritionem
1906 1433 1980 1480 esse

234 1510 639 1593 tietepunturimposturue
654 1505 1043 1587 etmenducicquuertom
1108 1512 1336 1575 contendimus,

470 1611 791 1676 crassiorulutberi.
1150 1595 1263 1658 Tertio:
1279 1595 1365 1657 Idem
1381 1592 1535 1655 Lutherus
1560 1588 1591 1649 in
1620 1584 1652 1647 i.
1678 1584 1796 1663 disput.
1822 1583 1979 1645 adversus

1109 1673 1288 1775 tntino'mos
1303 1693 1430 1757 propos.
1446 1674 1475 1735 3.
1492 1674 1594 1767 docet,
1608 1668 1689 1745 apud
1711 1667 1885 1760 catholicos
1902 1682 1978 1759 poe-

242 1842 329 1905 Nunc
342 1846 377 1904 ut
392 1840 430 1905 ud
444 1840 603 1905 mendacia
618 1840 788 1903 ueniamus:
805 1840 957 1903 lutherus
981 1841 1012 1902 in
1029 1839 1065 1904 li·
1109 1749 1979 1921 :stereonrfomuglpobrueirteeigseemrngesrlrnlnwgemtenuatim

201 1925 286 1989 bello
298 1942 389 2005 quem
405 1924 575 2002 inscripsit:
598 1924 750 1987 Adversus
778 1923 982 1987 execrabilem
1004 1922 1064 1986 ltn-
1109 1928 1141 1990 o.
1157 1926 1286 1989 affirmat
1299 1926 1437 2004 Papisius
1452 1934 1564 2001 cogere
1576 1918 1721 1981 homiues
1736 1913 1925 1977 uldiilldaut
1940 1932 1977 1973 an

202 2009 333 2071 lichristi
350 2008 475 2080 bullum,
491 2007 531 2068 rio
545 2009 577 2067 ti.
593 2006 713 2068 articul.
730 2008 891 2085 disputans
909 2051 917 2078 ‚
934 2007 980 2067 sic
994 2008 1037 2067 ait
1055 2024 1063 2066 :
1109 2011 1249 2073 Christus
1260 2024 1316 2088 pro
1328 2008 1451 2069 illorum
1467 2002 1603 2083 peccatis
1631 2001 1670 2061 sit
1697 2003 1849 2059 mortuus.
1879 1996 1921 2057 Et
1947 1999 1977 2056 ia

204 2092 284 2168 stile
300 2088 396 2151 libros
409 2088 543 2151 ‘illffllim
556 2088 777 2168 willimarum
791 2091 832 2152 de
845 2087 1064 2157 Poenitentiu,
1110 2109 1206 2155 serm.
1220 2093 1259 2154 de
1276 2088 1479 2159 Eucharistia,
1496 2100 1588 2166 quem
1604 2081 1711 2145 hahuit
1722 2098 1805 2143 anuo
1817 2080 1870 2141 etl.
1884 2080 1976 2147 dicit,

202 2174 326 2237 omenes
340 2188 393 2234 eos
409 2188 470 2234 nec
496 2172 745 2249 promissionis,
771 2188 833 2234 nec
857 2170 936 2249 fidei
962 2173 1067 2233 ullone
1111 2191 1232 2238 summe
1245 2180 1375 2235 erratum
1389 2186 1472 2243 esse;
1493 2168 1576 2247 quod
1604 2180 1696 2227 nemo
1718 2164 1869 2226 haetenus
1885 2164 1979 2223 ratin-

202 2258 399 2319 mentionem
410 2254 528 2332 fucere.
545 2254 609 2316 Hos
624 2255 712 2316 enim
725 2262 833 2333 portes
845 2253 1076 2320 Paenitentiue.
1111 2275 1184 2321 nem
1195 2256 1399 2319 absolutionis
1416 2249 1659 2327 hahuerit‚quod
1672 2246 1815 2310 uidelicet
1829 2262 1894 2307 noo
1911 2262 1979 2306 cer·
2030 2296 2031 2303 ,

203 2342 293 2403 uiuus
309 2339 470 2400 omittunt.
498 2342 528 2399 et
555 2338 632 2398 sotis
654 2339 790 2399 mortuis
818 2338 1067 2400 contritionibus
1112 2348 1142 2404 tu
1157 2341 1391 2403 crediderintse
1407 2336 1577 2397 absolutos.

204 2423 350 2485 immines
362 2422 544 2498 mannent.
561 2420 641 2481 llaec
657 2419 800 2482 ibilrtem
815 2420 926 2497 repetit
938 2422 986 2481 his
1002 2438 1067 2481 rur·
1152 2423 1207 2485 llhi
1221 2430 1269 2483 ost
1283 2418 1399 2497 aliquid
1413 2418 1546 2481 breviter
1557 2410 1799 2488 observandum
1813 2415 1849 2473 ut
1863 2410 1976 2473 tunda-

204 2507 268 2573 bis,
285 2506 315 2565 in
329 2504 385 2564 lib.
401 2504 440 2565 rte
455 2504 591 2580 captivit.
608 2502 755 2582 babylon.
772 2506 889 2580 capue
906 2504 1068 2564 Poenitcn·
1112 2512 1250 2569 mentum
1280 2504 1386 2565 harum
1412 2499 1633 2564 calumniarum
1658 2494 1779 2558 facilius
1804 2492 1980 2569 detegatur.

204 2590 258 2648 tia:
274 2586 342 2649 lion
356 2586 414 2647 boc
430 2589 581 2647 contentu
607 2584 779 2665 Bobptonn
804 2592 941 2654 nostru.
970 2585 1068 2663 fidem
1113 2588 1187 2649 Cum
1200 2592 1254 2648 tria
1271 2591 1453 2647 concurrant
1468 2584 1505 2641 art
1536 2574 1751 2642 remissionem
1778 2586 1979 2654 peecatorum

205 2686 333 2751 quoqne
348 2670 430 2731 “dssO
445 2669 601 2737 ‘’xliiii‘’
617 2675 652 2729 ”l
665 2670 851 2745 l'mtmdettlt'
873 2669 979 2744 ironic
994 2685 1068 2729 enm
1113 2672 1223 2734 Christi
1239 2671 1392 2737 meritum,
1410 2667 1504 2728 virtus
1518 2663 1715 2733 sacramenti,
1728 2668 1759 2723 et
1774 2660 1898 2737 propria
1915 2661 1978 2721 dis·

204 2760 338 2831 neprrret
351 2752 573 2813 necessarium
587 2767 653 2811 esse
667 2752 704 2812 in
715 2758 918 2812 uncrnrnmrto
933 2752 1067 2812 istoim·
1115 2753 1228 2833 positio
1244 2768 1300 2831 per
1326 2754 1425 2829 ipsam
1442 2746 1661 2827 poenitentiam
1679 2791 1687 2815 ,
1718 2758 1798 2821 quae
1812 2745 1883 2805 sine
1910 2748 1983 2804 netu
2030 2786 2031 2795 ,

204 2853 258 2899 nro
286 2835 511 2897 antichristicu
536 2834 703 2911 impietate
732 2832 880 2910 deliniret
907 2834 1069 2895 tmeresim
1112 2836 1198 2906 ttdet,
1216 2832 1565 2911 aliarumquurirtutnm
1581 2828 1687 2891 haberi
1704 2841 1767 2890 uon
1796 2825 1981 2901 potassen-

206 2933 284 2984 cssc.
297 2918 328 2978 si
340 2916 438 2992 iidem
448 2916 668 2977 nccemorimn
681 2917 754 2993 puis
769 2931 835 2977 esse
849 2921 1016 2977 assereret.
1115 2918 1222 2981 tholiei
1239 2918 1382 2979 homines
1403 2915 1480 2978 adeo
1497 2929 1559 2976 non
1576 2910 1717 2983 dubitant
1731 2908 1770 2970 de
1783 2908 1900 2983 ¹Christi
1918 2924 1981 2970 me·

248 3000 329 3060 llaec
345 2997 607 3081 impudentissima
620 2997 770 3057 calumnia
787 3014 846 3059 uon
870 2999 971 3060 solum
988 2999 1068 3061 reiu-
1114 3006 1171 3065 rito
1187 3009 1218 3062 et
1232 3000 1415 3061 sacramenti
1432 2998 1553 3068 uirtute,
1572 3000 1604 3057 ut
1632 2992 1805 3055 haereticos
1830 2998 1985 3053 censeant

209 3088 287 3142 tatur
302 3081 448 3142 omnibus
462 3078 683 3141 catnrrtieurum
699 3077 798 3150 libris.
815 3080 865 3158 nui
883 3081 981 3158 primo
996 3082 1067 3144 loco
1114 3085 1166 3163 qui
1179 3082 1332 3148 Christum
1348 3098 1410 3145 uon
1426 3095 1481 3161 pro
1497 3076 1642 3143 omnibus
1653 3079 1821 3148 mortuum,
1844 3080 1898 3135 aut
1910 3075 1983 3153 ejus

207 3166 300 3227 tidem
321 3163 448 3240 erigunt
462 3161 491 3222 in
512 3161 731 3239 J‘ustillcatione
753 3163 937 3225 adultorum:
954 3166 1010 3226 sert
1025 3170 1070 3227 et·
1115 3175 1244 3232 mortem
1260 3183 1322 3229 nun
1337 3165 1374 3228 ad
1391 3163 1493 3228 omnia
1514 3161 1652 3224 omnium
1673 3158 1831 3221 hominum
1855 3165 1982 3237 peecata

207 3251 267 3308 ¹³¹⁰
283 3245 465 3324 θΧῙΡδῸῐῦθῑ
480 3244 612 3306 [nibem
634 3260 739 3307 secum
768 3245 801 3307 in
829 3247 937 3310 eodem
960 3250 1070 3327 pagina
1115 3247 1418 3320 delendasulltcere,
1434 3252 1485 3308 aut
1500 3243 1682 3306 sacramenti
1712 3242 1855 3302 virtutem
1882 3239 1983 3303 ineffl-

207 3331 284 3390 intra
300 3334 419 3404 septem
433 3325 532 3388 lineas
559 3327 753 3403 apertissime
775 3339 945 3408 pugnante.
972 3331 1023 3392 Sic
1038 3347 1067 3392 e·
1114 3350 1235 3410 oacem3
1254 3335 1439 3394 incertumve
1454 3343 1525 3390 esse
1536 3325 1697 3404 disputare
1711 3323 1779 3386 ausi
1795 3323 1922 3386 luerint.
1940 3325 1982 3384 tle

207 3412 273 3472 nim
287 3411 328 3470 ait
342 3412 372 3470 in
388 3410 467 3470 libro
483 3425 574 3487 supra
590 3410 681 3472 citato
696 3411 843 3473 adversus
864 3412 1069 3474 execrabilem
1115 3417 1237 3495 propria
1254 3413 1470 3493 dispositione,
1486 3427 1525 3472 an
1541 3425 1577 3472 ea
1599 3409 1640 3470 sit
1652 3407 1754 3487 quatis
1782 3407 1955 3482 requiritur
1971 3451 1979 3477 ,

207 3491 386 3555 antichristi
401 3491 531 3563 bullam,
548 3498 579 3553 et
604 3492 635 3552 in
651 3493 758 3554 eadem
784 3494 851 3573 ipsa
867 3497 989 3575 pagina:
1005 3495 1071 3557 Hoc
1115 3515 1177 3561 non
1194 3499 1347 3560 immerito
1362 3494 1473 3571 ambigi
1491 3507 1584 3568 posse
1599 3491 1724 3554 docent.
1750 3489 1982 3567 Quortuuirlem

208 3593 249 3639 eu
262 3575 412 3637 doctrina
425 3574 489 3652 cpi:
516 3575 752 3652 poenitentium
773 3576 898 3638 nullius
924 3594 990 3640 esse
1003 3594 1071 3640 nro·
1115 3583 1174 3661 ipsi
1190 3583 1282 3645 etiam
1299 3578 1461 3642 lutherani
1484 3574 1569 3637 lateri
1598 3578 1774 3654 coguntur:
1803 3585 1875 3632 num
1890 3570 1983 3632 ouem

208 3658 402 3722 mitiliani&
415 3658 454 3718 θη
465 3657 529 3734 fide
558 3664 589 3719 ⁶1
604 3658 761 3720 charitate
772 3657 874 3747 fimi
889 3662 979 3738 quod
991 3661 1070 3738 ipsi·
1116 3671 1147 3727 et
1162 3665 1380 3741 poenitentium
1396 3658 1511 3737 requiri
1524 3673 1585 3719 uon
1603 3663 1728 3735 negant:
1760 3668 1854 3730 posse
1880 3659 1983 3715 autern

207 3749 273 3804 mel
286 3743 401 3804 nucem
415 3756 555 3819 quoque.
571 3742 638 3802 nisi
665 3743 755 3819 quod
780 3758 841 3805 nec
869 3743 951 3822 puisi
976 3743 1070 3820 tides,
1116 3748 1177 3807 talli
1194 3748 1348 3808 bominem
1363 3748 1392 3804 in
1409 3760 1463 3804 sun
1476 3741 1536 3802 lide
1548 3757 1585 3802 ac
1598 3737 1787 3816 poenitentia
1799 3735 1984 3798 discernen-

208 3839 269 3886 nee
283 3824 366 3902 quiri
378 3822 521 3886 cherilus
534 3823 598 3896 sit,
614 3830 673 3885 out
695 3824 827 3897 sciunt,
857 3830 916 3887 uui
942 3827 1070 3888 docent.
1117 3826 1412 3901 da,runcedunt.Sic
1423 3823 1505 3886 euim
1517 3823 1672 3884 botherus
1687 3819 1824 3896 loquitur
1839 3819 1871 3880 ia
1885 3835 1982 3881 serm.

209 3905 294 3968 Ηθθθ
308 3905 362 3967 ibi.
1117 3915 1156 3974 rte
1173 3912 1324 3986 baptismo
1340 3909 1443 3970 habito
1457 3921 1540 3968 anuo
1557 3905 1647 3966 tiss.
1666 3905 1702 3966 ur
1716 3903 1903 3980 Baptismus
1919 3918 1984 3964 cer·

250 3988 405 4052 Secundo:
421 3985 506 4048 Idem
522 3985 674 4050 Lutlrerus
700 3988 731 4049 in
746 3987 856 4051 eodem
885 3989 940 4052 lib.
967 3989 1006 4053 de
1023 4007 1071 4052 ca·
1118 4001 1167 4056 tres
1181 3995 1222 4055 sit
1235 3995 1273 4056 in
1286 3989 1467 4059 nohisideo
1481 3987 1680 4064 moruerunt
1694 4003 1770 4048 crem
1783 3984 1869 4048 Deus
1882 4000 1985 4063 supra

210 4072 284 4149 ptir.
298 4071 480 4148 babylonica
505 4088 575 4148 cap.
592 4071 848 4136 inpoenitentia:
879 4072 1071 4151 Principio,
1116 4075 1214 4154 briem
1223 4082 1380 4143 nostrone,
1396 4089 1472 4136 cum
1491 4072 1553 4134 illu
1565 4071 1667 4149 possit
1693 4070 1822 4131 incentu
1843 4074 1875 4130 et
1895 4067 1981 4142 fobu

209 4153 320 4249 inquit,
336 4154 834 4249 iinifilwlwmdcwwerwti.
863 4163 900 4217 tlt
921 4173 995 4218 eam
1007 4156 1072 4233 iiie
1117 4176 1194 4224 osse.
1211 4161 1268 4220 scri
1282 4155 1531 4234 supremarum
1558 4160 1588 4216 et
1610 4153 1846 4216 institutionem
1876 4166 1984 4210 sunm.

207 4252 433 4315 promissiones
443 4237 1070 4314 poneremincerentmtlonpeuitiorern.
1119 4243 1153 4302 m
1168 4241 1303 4303 loannes
1318 4239 1461 4302 Calvinus
1477 4237 1532 4300 tib.
1556 4236 1587 4298 3.
1616 4234 1717 4298 Instit.
1748 4251 1817 4312 cap.
1834 4233 1867 4293 2.
1892 4231 1910 4312 5
1934 4234 1983 4294 ltl.

208 4324 247 4380 nt
259 4334 345 4402 quoe
357 4333 427 4379 non
440 4325 519 4380 esset
530 4317 607 4393 reue
621 4334 713 4394 opus,
728 4321 958 4389 secmerirunn
971 4322 1073 4384 immo
1118 4325 1158 4386 do
1174 4326 1212 4385 iis
1228 4326 1373 4400 loquens,
1389 4321 1440 4398 qni
1457 4321 1549 4384 ilrtem
1576 4335 1611 4380 se
1635 4319 1751 4382 hahere
1781 4314 1984 4386 existimant,

209 4417 280 4464 non
292 4408 516 4496 memorentur
529 4417 614 4462 enm.
631 4401 668 4460 m
679 4403 756 4463 inira
774 4420 782 4462 ε
809 4404 864 4465 llis
878 4404 1073 4467 comumnes
1117 4423 1187 4468 eum
1204 4413 1381 4468 tamennon
1405 4405 1559 4466 babeant:
1591 4401 1644 4464 Tot
1663 4400 1842 4466 voemiis.
1873 4399 1984 4477 inquil.

211 4492 377 4562 &inimi
392 4483 747 4560 inconcinnarum
762 4487 971 4560 attritionem,
987 4503 1073 4568 quoe
1118 4505 1260 4552 recessus
1276 4486 1390 4554 luubct.
1407 4491 1450 4548 lot
1472 4484 1638 4548 namurcii
1662 4483 1790 4546 latebris
1806 4487 1910 4544 scatet
1934 4497 1987 4543 cor

96 4635 101 4648 ¹
211 4567 327 4627 uirtute
343 4565 496 4634 clunium,
515 4581 614 4643 qurum
628 4568 794 4643 ignorant.
809 4569 899 4646 iteret
909 4569 1073 4632 contritio:
1120 4571 1312 4642 truaconem,
1328 4568 1621 4646 luminundationis
1644 4565 1807 4648 bppourisi
1828 4563 1987 4626 obtectum

213 4665 288 4710 euno
302 4650 428 4709 donant
440 4648 552 4725 impiis
580 4655 609 4708 et
619 4649 810 4719 incredulis,
825 4659 862 4713 ut
875 4653 905 4714 si
918 4653 1075 4715 uniuerso
1120 4662 1178 4722 est.
1192 4659 1230 4716 ul
1240 4655 1385 4728 seipsum
1397 4667 1495 4730 saepe
1507 4652 1613 4728 sotim.
1629 4649 1668 4712 At
1687 4649 1762 4712 uero
1791 4649 1850 4726 qui
1865 4647 1987 4708 tutibus

211 4732 360 4825 contritio
376 4730 567 4791 abuteretur.
584 4729 703 4794 (lirum
716 4731 1073 4798 Deiinsuotentnbilem.
1118 4737 1200 4814 fidei
1212 4727 1419 4798 simulachris
1433 4735 1630 4810 rptoriuntnr.
1642 4731 1827 4808 intelligunt
1842 4730 1985 4792 diabolis

212 4814 371 4876 llueccrne
385 4816 422 4876 in
436 4814 581 4907 tic-etesia
597 4813 715 4876 Christi
728 4816 856 4878 noceri?
871 4817 951 4877 llaec
967 4818 1031 4878 itlc.
1119 4819 1223 4882 nitrilo
1237 4833 1271 4880 ro
1282 4819 1320 4880 in
1333 4817 1394 4880 lunc
1408 4824 1501 4895 porte
1514 4816 1721 4893 praecellere.
1739 4814 1820 4874 llaec
1835 4813 1902 4873 illc.

230 4953 238 4968 .
262 4897 503 4989 illustramenta
525 4897 718 4988 imposturae
740 4905 772 4958 et
791 4898 964 4960 calumniae
991 4907 1076 4962 sunt.
1160 4902 1314 4964 Luthc'rus
1329 4899 1432 4977 igitur.
1450 4900 1583 4962 utetiom
1601 4897 1764 4962 butlreraui
1781 4895 1986 4972 passim,cum

212 4975 308 5040 Nemo
322 4995 405 5038 enirn
420 4979 639 5072 catholicarum
652 4981 865 5044 contritionem
879 4980 1010 5059 priorem
1028 4999 1075 5044 es·
1120 4983 1293 5062 intelligant
1304 4984 1473 5044 catholicos
1489 4982 1528 5042 rte
1550 4981 1796 5056 consequutione
1826 4979 1986 5040 remissio·

213 5077 249 5124 80
263 5060 336 5131 fidi,
354 5076 456 5138 niorto
473 5075 570 5136 ipsam
586 5061 677 5121 etiam
707 5063 893 5124 attritionem
924 5064 983 5124 uisi
1013 5065 1075 5126 title
1122 5069 1170 5128 nis
1185 5074 1378 5144 peccatorum
1395 5065 1548 5126 interdum
1564 5079 1626 5125 non
1638 5063 1707 5126 sine
1718 5079 1827 5124 caussa
1844 5061 1989 5122 dubitare

213 5145 420 5238 praecerlcute
436 5143 601 5237 ullomodo
617 5146 723 5206 haberi
745 5162 839 5223 posse
851 5147 966 5207 docuit:
984 5147 1076 5208 briem
1121 5151 1161 5212 uh
1177 5147 1446 5226 indispositioncm
1458 5146 1611 5225 propriam
1626 5163 1636 5218 r
1653 5146 1728 5208 mira
1755 5144 1886 5213 inauris,
1905 5145 1987 5221 quod

213 5236 314 5287 antem
332 5234 371 5288 rta
387 5232 460 5288 eertr
476 5241 585 5287 sumus
599 5226 713 5290 donum
729 5243 801 5289 esse
815 5228 869 5290 liei
886 5274 896 5301 ,
926 5237 959 5291 ut
973 5246 1076 5308 neque
1122 5239 1170 5294 est
1187 5233 1278 5295 unius
1293 5243 1434 5298 caussae.
1458 5229 1494 5292 ad
1512 5229 1602 5292 uliam
1626 5228 1825 5297 transierunt,
1842 5235 1875 5289 et
1892 5229 1990 5305 impu-

214 5310 410 5382 contritione,
427 5325 506 5388 quac
517 5324 556 5369 ex
572 5307 783 5404 ilde-nascitur
797 5355 806 5380 ,
821 5327 922 5389 neque
937 5314 1000 5374 ullo
1014 5313 1074 5374 aliu
1120 5316 1228 5377 denter
1242 5312 1333 5374 nohis
1348 5313 1507 5392 affingunt,
1523 5311 1658 5391 quodie
1671 5311 1777 5374 mortis
1790 5307 1906 5372 Christi
1924 5329 1992 5386 pre·

214 5406 324 5467 opere.
341 5399 494 5466 tanrnuam
517 5406 555 5452 ea
571 5400 679 5454 merrto
691 5394 808 5470 acquiri
831 5403 1074 5471 posseconstau·
1121 5399 1174 5472 tio,
1191 5402 1242 5460 aut
1256 5396 1296 5458 de
1312 5397 1495 5460 sacramenti
1524 5396 1635 5458 rirtutu
1660 5401 1692 5458 et
1712 5393 1849 5456 efficacia
1865 5393 1989 5454 dubite-

215 5475 452 5554 teidooeurous.
470 5473 738 5566 Naurtehutberus
750 5473 845 5537 ullum
859 5484 963 5540 auterre
978 5480 1077 5555 potuit
1121 5496 1205 5544 mus.
1220 5478 1357 5552 Accedit,
1375 5481 1457 5556 quod
1473 5477 1616 5540 catholici
1633 5493 1695 5538 nou
1711 5478 1826 5538 docent
1839 5484 1989 5552 oportere

215 5563 370 5650 erratorem
386 5575 422 5620 ex
439 5564 563 5625 nostrus,
586 5557 679 5626 retest.
696 5560 931 5632 catholicorum,
963 5561 1017 5640 qui
1038 5577 1074 5623 ea
1121 5562 1316 5638 poenitentes
1331 5563 1378 5638 (ut
1393 5563 1544 5624 bulborus
1559 5558 1718 5640 mentitur)
1748 5575 1820 5622 esse
1850 5559 1988 5620 incertos

215 5647 387 5714 scripserit,
404 5639 551 5702 aduersus
563 5654 641 5716 quac
658 5641 726 5720 ipse
738 5644 816 5704 adeo
833 5643 947 5721 tragice
962 5642 1074 5706 vocito·
1121 5647 1160 5708 rte
1177 5643 1360 5708 remissione
1377 5652 1584 5724 peccatorum,
1601 5644 1675 5722 quin
1692 5642 1796 5724 potius
1812 5643 1986 5716 hortantur,
